idx,name,brand,aisle,subaisle,subsubaisle,size,price,multi_price,old_price,pricePerUnit,itemNum,description,serving,img_urls,item_label,item_ingredients,url,pack,timeStamp
66-0-DAI,Sainsbury's Houmous 200g,Sainsbury's,"Dairy, eggs & chilled","Cooked meats, olives & dips","Houmous, guacamole & flavoured dips",,£1.35,,£1.00,68p / 100g,7947559.0,A dip made with chickpeas and tahini sesame seed paste,,https://assets.sainsburys-groceries.co.uk/gol/7947559/1/640x640.jpg,,,https://www.sainsburys.co.uk/gol-ui/product/sainsburys-houmous-200g,,2024-08-20T12:03:36.718051-04:00
66-1-DAI,So Organic Houmous 200g,So,"Dairy, eggs & chilled","Cooked meats, olives & dips","Houmous, guacamole & flavoured dips",,£1.65,,,83p / 100g,7947566.0,A dip made with chickpeas and tahini sesame seed paste,,https://assets.sainsburys-groceries.co.uk/gol/7947566/1/640x640.jpg,,,https://www.sainsburys.co.uk/gol-ui/product/so-houmous-organic-200g,,2024-08-20T12:03:58.450992-04:00
66-2-DAI,Sainsbury's Tzatziki 200g,Sainsbury's,"Dairy, eggs & chilled","Cooked meats, olives & dips","Houmous, guacamole & flavoured dips",,£1.35,,,68p / 100g,6669438.0,"Greek style yogurt, cucumber and mint dip",,https://assets.sainsburys-groceries.co.uk/gol/6669438/1/640x640.jpg,,,https://www.sainsburys.co.uk/gol-ui/product/sainsburys-tzatziki-230g,,2024-08-20T12:04:20.346778-04:00
66-3-DAI,"Sainsbury's Coleslaw, Taste the Difference 600g",Sainsbury's,"Dairy, eggs & chilled","Cooked meats, olives & dips",Coleslaw & salads,,£3.00,,£2.50,50p / 100g,8162091.0,"Cabbage, carrot and onion in a mayonnaise and cream dressing",,https://assets.sainsburys-groceries.co.uk/gol/8162091/1/640x640.jpg,,,https://www.sainsburys.co.uk/gol-ui/product/sainsburys-coleslaw-taste-the-difference-600g,,2024-08-20T12:04:36.629345-04:00
66-4-DAI,Sainsbury's Roasted Red Pepper Houmous 200g,Sainsbury's,"Dairy, eggs & chilled","Cooked meats, olives & dips","Houmous, guacamole & flavoured dips",,£1.35,,£1.00,68p / 100g,6304359.0,"A dip made with chickpeas, roasted red pepper and tahini sesame seed paste",,https://assets.sainsburys-groceries.co.uk/gol/6304359/1/640x640.jpg,,,https://www.sainsburys.co.uk/gol-ui/product/sainsburys-roasted-red-pepper-houmous-200g,,2024-08-20T12:04:53.625007-04:00
66-5-DAI,Sainsbury's Soured Cream & Chive Dip 200g,Sainsbury's,"Dairy, eggs & chilled","Cooked meats, olives & dips","Houmous, guacamole & flavoured dips",,£1.35,,,68p / 100g,6661050.0,"A dip made with soured cream, mayonnaise and chives",,https://assets.sainsburys-groceries.co.uk/gol/6661050/1/640x640.jpg,,,https://www.sainsburys.co.uk/gol-ui/product/sainsburys-sour-cream---chive-dip-230g,,2024-08-20T12:05:14.306062-04:00
66-6-DAI,Sainsbury's Deli-Style Traditional Coleslaw 300g,Sainsbury's,"Dairy, eggs & chilled","Cooked meats, olives & dips",Coleslaw & salads,,£1.15,,,38p / 100g,6302747.0,"Shredded cabbage, carrot and onion in a mayonnaise dressing",,https://assets.sainsburys-groceries.co.uk/gol/6302747/1/640x640.jpg,,,https://www.sainsburys.co.uk/gol-ui/product/sainsburys-deli-style-coleslaw-300g,,2024-08-20T12:05:36.560920-04:00
66-7-DAI,"Sainsbury's Rocket Salad, SO Organic 60g",Sainsbury's,"Dairy, eggs & chilled","Cooked meats, olives & dips",Coleslaw & salads,,£1.50,,,£2.50 / 100g,7857166.0,"A mix of organic baby green leaf, baby red leaf and wild rocket",,https://assets.sainsburys-groceries.co.uk/gol/7857166/1/640x640.jpg,,,https://www.sainsburys.co.uk/gol-ui/product/sainsburys-rocket-salad--so-organic-60g,,2024-08-20T12:05:58.651425-04:00
66-8-DAI,"Sainsbury's Moroccan Cous Cous, Taste the Difference 200g",Sainsbury's,"Dairy, eggs & chilled","Cooked meats, olives & dips",Coleslaw & salads,,£2.70,,£1.80,£1.35 / 100g,6316222.0,"Couscous with chickpeas, dried cranberries, raisins and apricots in a spiced dressing",,https://assets.sainsburys-groceries.co.uk/gol/6316222/1/640x640.jpg,,,https://www.sainsburys.co.uk/gol-ui/product/sainsburys-moroccan-cous-cous-salad--taste-the-difference-200g,,2024-08-20T12:06:15.139167-04:00
66-9-DAI,"Sainsbury's Giant Cous Cous & Feta Salad, Taste the Difference 220g",Sainsbury's,"Dairy, eggs & chilled","Cooked meats, olives & dips",Coleslaw & salads,,£2.70,,,£1.23 / 100g,1387544.0,Cooked couscous with chickpeas and Feta cheese in a tomato and chilli dressing,,https://assets.sainsburys-groceries.co.uk/gol/1387544/1/640x640.jpg,,,https://www.sainsburys.co.uk/gol-ui/product/sainsburys-giant-cous-cous---feta--taste-the-difference-220g,,2024-08-20T12:06:36.111515-04:00
66-10-DAI,Sainsbury's Creamy Classic Houmous 315g,Sainsbury's,"Dairy, eggs & chilled","Cooked meats, olives & dips","Houmous, guacamole & flavoured dips",,£1.65,,,52p / 100g,8001352.0,A dip made with chickpeas and tahini sesame seed paste,,https://assets.sainsburys-groceries.co.uk/gol/8001352/1/640x640.jpg,,,https://www.sainsburys.co.uk/gol-ui/product/sainsburys-houmous-315g,,2024-08-20T12:06:58.145488-04:00
66-11-DAI,"Sainsbury's Coleslaw, Taste the Difference 180g",Sainsbury's,"Dairy, eggs & chilled","Cooked meats, olives & dips",Coleslaw & salads,,£1.30,,,72p / 100g,8161967.0,"Cabbage, carrot and onion in a mayonnaise and cream dressing",,https://assets.sainsburys-groceries.co.uk/gol/8161967/1/640x640.jpg,,,https://www.sainsburys.co.uk/gol-ui/product/sainsburys-coleslaw-taste-the-difference-180g,,2024-08-20T12:07:19.663609-04:00
66-12-DAI,Sainsbury's Guacamole 170g,Sainsbury's,"Dairy, eggs & chilled","Cooked meats, olives & dips","Houmous, guacamole & flavoured dips",,£1.35,,£1.00,79p / 100g,6658419.0,Diced avocado and tomato with coriander and chilli.,,https://assets.sainsburys-groceries.co.uk/gol/6658419/1/640x640.jpg,,,https://www.sainsburys.co.uk/gol-ui/product/sainsburys-guacamole-170g,,2024-08-20T12:07:35.533019-04:00
66-13-DAI,Sainsbury's Caramelised Onion Houmous 200g,Sainsbury's,"Dairy, eggs & chilled","Cooked meats, olives & dips","Houmous, guacamole & flavoured dips",,£1.35,,£1.00,68p / 100g,6486737.0,"A dip made with chickpeas, onion and tahini sesame seed paste",,https://assets.sainsburys-groceries.co.uk/gol/6486737/1/640x640.jpg,,,https://www.sainsburys.co.uk/gol-ui/product/sainsburys-caramelised-onion-houmous-200g,,2024-08-20T12:07:52.037371-04:00
66-14-DAI,Sainsbury's Irish Corned Beef 175g,Sainsbury's,"Dairy, eggs & chilled","Cooked meats, olives & dips",Cooked meats,,£2.60,,,£1.49 / 100g,8156395.0,Cured and cooked corned beef slices,,https://assets.sainsburys-groceries.co.uk/gol/8156395/1/640x640.jpg,,,https://www.sainsburys.co.uk/gol-ui/product/sainsburys-corned-beef-175g,,2024-08-20T12:08:12.891312-04:00
66-15-DAI,Stamford Street Co. Houmous 200g,Stamford,"Dairy, eggs & chilled","Cooked meats, olives & dips","Houmous, guacamole & flavoured dips",,99p,,,50p / 100g,8063077.0,A dip made with chickpeas and tahini sesame seed paste,,https://assets.sainsburys-groceries.co.uk/gol/8063077/1/640x640.jpg,,,https://www.sainsburys.co.uk/gol-ui/product/stamford-street-food-company-houmous-200g,,2024-08-20T12:08:34.913097-04:00
66-16-DAI,Sainsbury's Chorizo Ring Mild 225g,Sainsbury's,"Dairy, eggs & chilled","Cooked meats, olives & dips",Cooked meats,,£2.50,,,£1.11 / 100g,7995709.0,Dry cured pork sausage with paprika,,https://assets.sainsburys-groceries.co.uk/gol/7995709/1/640x640.jpg,,,https://www.sainsburys.co.uk/gol-ui/product/sainsburys-chorizo-ring-mild-225g,,2024-08-20T12:08:56.508978-04:00
66-17-DAI,"Sainsbury's Mature Cheddar Coleslaw, Taste the Difference 300g",Sainsbury's,"Dairy, eggs & chilled","Cooked meats, olives & dips",Coleslaw & salads,,£2.25,,£1.75,75p / 100g,8162351.0,"Cabbage, carrot, West Country mature Cheddar cheese and mature Cheddar cheese in a mayonnaise dressing.",,https://assets.sainsburys-groceries.co.uk/gol/8162351/1/640x640.jpg,,,https://www.sainsburys.co.uk/gol-ui/product/sainsburys-mature-cheddar-coleslaw-taste-the-difference-300g,,2024-08-20T12:09:12.902410-04:00
66-18-DAI,Sainsbury's Crunchy Traditional Coleslaw 180g,Sainsbury's,"Dairy, eggs & chilled","Cooked meats, olives & dips",Coleslaw & salads,,90p,,,50p / 100g,6593368.0,"Shredded cabbage, carrot and onion in a mayonnaise dressing",,https://assets.sainsburys-groceries.co.uk/gol/6593368/1/640x640.jpg,,,https://www.sainsburys.co.uk/gol-ui/product/sainsburys-deli-style-coleslaw-180g,,2024-08-20T12:09:34.861211-04:00
66-19-DAI,"Sainsbury's Extra Smooth Houmous, Taste the Difference 170g",Sainsbury's,"Dairy, eggs & chilled","Cooked meats, olives & dips","Houmous, guacamole & flavoured dips",,£2.70,,,£1.59 / 100g,8150179.0,"A dip made with chickpeas, tahini sesame seed paste and extra virgin olive oil (7%), topped with whole chickpeas",,https://assets.sainsburys-groceries.co.uk/gol/8150179/1/640x640.jpg,,,https://www.sainsburys.co.uk/gol-ui/product/sainsburys-extra-smooth-houmous-summer-edition-taste-the-difference-170g,,2024-08-20T12:09:56.595396-04:00
66-20-DAI,Sainsbury's Mild Salsa 200g,Sainsbury's,"Dairy, eggs & chilled","Cooked meats, olives & dips","Houmous, guacamole & flavoured dips",,£1.35,,£1.00,68p / 100g,8062926.0,"Tomato, onion and jalapeño chilli with parsley and garlic",,https://assets.sainsburys-groceries.co.uk/gol/8062926/1/640x640.jpg,,,https://www.sainsburys.co.uk/gol-ui/product/sainsburys-mild-salsa-200g,,2024-08-20T12:10:12.606728-04:00
66-21-DAI,"Sainsbury's Feta Dip with Mint Oil, Taste the Difference 170g",Sainsbury's,"Dairy, eggs & chilled","Cooked meats, olives & dips","Houmous, guacamole & flavoured dips",,£2.50,,£1.65,£1.47 / 100g,8062909.0,"Greek style yogurt, mayonnaise and feta cheese dip topped with mint infused oil",,https://assets.sainsburys-groceries.co.uk/gol/8062909/1/640x640.jpg,,,https://www.sainsburys.co.uk/gol-ui/product/sainsburys-feta-dip-with-mint-oil-taste-the-difference-170g,,2024-08-20T12:10:28.847345-04:00
66-22-DAI,Premier Deli Corned Beef Slices x9 250g,Premier,"Dairy, eggs & chilled","Cooked meats, olives & dips",Cooked meats,,£2.01,,,80p / 100g,8114037.0,Cured and Cooked Corned Beef Slices,,https://assets.sainsburys-groceries.co.uk/gol/8114037/1/640x640.jpg,,"Beef, Salt, Sugar, Preservative (Sodium Nitrite), Made using 120g of Beef per 100g of finished product",https://www.sainsburys.co.uk/gol-ui/product/premier-deli-corned-beef-slices-x9-250g,,2024-08-20T12:10:41.993761-04:00
66-23-DAI,"Sainsbury's Roasted Garlic Aioli Summer Edition, Taste the Difference 170g",Sainsbury's,"Dairy, eggs & chilled","Cooked meats, olives & dips","Houmous, guacamole & flavoured dips",,£2.50,,£1.65,£1.47 / 100g,8107562.0,A mayonnaise and roasted garlic dip topped with paprika infused oil,,https://assets.sainsburys-groceries.co.uk/gol/8107562/1/640x640.jpg,,,https://www.sainsburys.co.uk/gol-ui/product/sainsburys-summer-edition-roasted-garlic-aioli-taste-the-difference-170g,,2024-08-20T12:10:58.173732-04:00
66-24-DAI,Sabra Houmous Extra 200g,Sabra,"Dairy, eggs & chilled","Cooked meats, olives & dips","Houmous, guacamole & flavoured dips",,£2.50,,,£1.25 / 100g,7486377.0,Dip/salad of chickpeas with pine nuts in olive oil.,30 g,https://assets.sainsburys-groceries.co.uk/gol/7486377/1/640x640.jpg,"Nutrient	Per 100g	Per 30g serving	% RI* per 30g
Energy (kJ/kcal)	1443/ 349	433/ 105	5%
Fat (g)	31.0	9.3	13%
- Of which are saturates (g)	3.0	0.9	5%
Carbohydrate (g)	9.0	3.6	1%
- Of which are sugars (g)	0.4	0.1	<1%
Protein (g)	7.0	2.0	4%
Salt (g)	1.0	0.29	5%","Cooked Chickpeas (49%) (Water, Chickpeas, Acidity Regulator (Sodium Carbonate)), Rapeseed Oil, Sesame Seed Paste (13%), Water, Pine Nuts (2%), Olive Oil (1,5%), Salt, Acid (Citric Acid), Spices, Preservative (Potassium Sorbate)",https://www.sainsburys.co.uk/gol-ui/product/sabra-houmous-extra-200g,,2024-08-20T12:11:11.379708-04:00
66-25-DAI,Ramona's Original Houmous 500g,Ramona's,"Dairy, eggs & chilled","Cooked meats, olives & dips","Houmous, guacamole & flavoured dips",,£3.50,,,70p / 100g,8102884.0,Made with Love (& Chickpeas),,https://assets.sainsburys-groceries.co.uk/gol/8102884/1/640x640.jpg,"Nutrient	Per 100g Sold
Energy (kJ)	1127
Energy (kcal)	272
Fat (g)	21.6
Of Which Saturates (g)	1.8
Carbohydrate (g)	10.5
Of Which Sugars (g)	0.6
Fibre (g)	5.0
Protein (g)	6.4
Salt (g)	1.0","Cooked Chickpeas (66%) (Water, Chickpeas), Rapeseed Oil, Water, Tahini (Sesame Seed Paste), Salt, Acidity Regulator: Citric Acid, Modified Maize Starch, Garlic Powder, Preservative: Potassium Sorbate, Spices",https://www.sainsburys.co.uk/gol-ui/product/ramonas-original-houmous-500g,,2024-08-20T12:11:25.210359-04:00
66-26-DAI,Sainsbury's Four Bean Salad 250g,Sainsbury's,"Dairy, eggs & chilled","Cooked meats, olives & dips",Coleslaw & salads,,£1.75,,,70p / 100g,7846281.0,"Pinto beans, sweetcorn, black turtle beans, edamame soya beans, borlotti beans and red pepper in a herb dressing",,https://assets.sainsburys-groceries.co.uk/gol/7846281/1/640x640.jpg,,,https://www.sainsburys.co.uk/gol-ui/product/sainsburys-four-bean-salad-250g,,2024-08-20T12:11:48.173555-04:00
66-27-DAI,Sainsbury's Be Good to Yourself Coleslaw 300g,Sainsbury's,"Dairy, eggs & chilled","Cooked meats, olives & dips",Coleslaw & salads,,£1.15,,,38p / 100g,8162345.0,"Shredded cabbage, carrot and onion in a mayonnaise and yogurt dressing",,https://assets.sainsburys-groceries.co.uk/gol/8162345/1/640x640.jpg,,,https://www.sainsburys.co.uk/gol-ui/product/sainsburys-be-good-to-yourself-coleslaw-300g,,2024-08-20T12:12:09.958211-04:00
66-28-DAI,Sainsbury's Pitted Black Olives 120g,Sainsbury's,"Dairy, eggs & chilled","Cooked meats, olives & dips","Olives, antipasti, tapas & mezze",,£1.60,,,£1.33 / 100g,7924805.0,Pitted black olives in vegetable oil,,https://assets.sainsburys-groceries.co.uk/gol/7924805/1/640x640.jpg,,,https://www.sainsburys.co.uk/gol-ui/product/sainsburys-pitted-black-olives-120g,,2024-08-20T12:12:31.479914-04:00
66-29-DAI,"Sainsbury's Houmous, So Organic 315g",Sainsbury's,"Dairy, eggs & chilled","Cooked meats, olives & dips","Houmous, guacamole & flavoured dips",,£2.00,,£1.65,63p / 100g,8062988.0,A dip made with chickpeas and tahini sesame seed paste,,https://assets.sainsburys-groceries.co.uk/gol/8062988/1/640x640.jpg,,,https://www.sainsburys.co.uk/gol-ui/product/sainsburys-houmous-so-organic-315g,,2024-08-20T12:12:47.842273-04:00
66-30-DAI,Sainsbury's Sweet Chilli Houmous 200g,Sainsbury's,"Dairy, eggs & chilled","Cooked meats, olives & dips","Houmous, guacamole & flavoured dips",,£1.35,,£1.00,68p / 100g,7847696.0,"A dip made with chickpeas, tahini sesame seed paste and red chilli purée",,https://assets.sainsburys-groceries.co.uk/gol/7847696/1/640x640.jpg,,,https://www.sainsburys.co.uk/gol-ui/product/sainsburys-sweet-chilli-houmous-200g,,2024-08-20T12:13:05.078851-04:00
66-31-DAI,Sainsbury's Queen Olives with Lemon & Herb 160g,Sainsbury's,"Dairy, eggs & chilled","Cooked meats, olives & dips","Olives, antipasti, tapas & mezze",,£3.00,,,£1.88 / 100g,1399967.0,Pitted green olives in a lemon and coriander dressing,,https://assets.sainsburys-groceries.co.uk/gol/1399967/1/640x640.jpg,,,https://www.sainsburys.co.uk/gol-ui/product/sainsburys-queen-green-olives--lemon---corriander-180g,,2024-08-20T12:13:25.735489-04:00
66-32-DAI,"Sainsbury's Pasta, Spinach & Pinenut Salad 200g",Sainsbury's,"Dairy, eggs & chilled","Cooked meats, olives & dips",Coleslaw & salads,,£1.75,,,88p / 100g,7846274.0,"Cooked pasta, spinach, medium fat hard cheese & pine nuts in a basil dressing",,https://assets.sainsburys-groceries.co.uk/gol/7846274/1/640x640.jpg,,,https://www.sainsburys.co.uk/gol-ui/product/sainsburys-pasta--spinach---pinenut-salad-200g,,2024-08-20T12:13:47.231293-04:00
66-33-DAI,Holy Moly Guacamole: Original 150g,Holy,"Dairy, eggs & chilled","Cooked meats, olives & dips","Houmous, guacamole & flavoured dips",,£2.20,,,£1.47 / 100g,7926042.0,"Guacamole dip made with avocado, tomato, red onion and jalapeño chilli.",,https://assets.sainsburys-groceries.co.uk/gol/7926042/1/640x640.jpg,"Nutrient	Per 100g
Energy	689kJ/ 168kcal
Fat	16g
of which saturates	3.1g
Carbohydrate	1.6g
of which sugars	0.4g
Fibre	6.9g
Protein	1.1g
Salt	0.63g","Avocado (87%), Tomato (5%), Red Onion (4%), Lime Juice from Concentrate, Jalapeño Chilli, Salt, Coriander, Garlic Purée",https://www.sainsburys.co.uk/gol-ui/product/holy-moly-guacamole%3A-original-150g,,2024-08-20T12:14:00.445809-04:00
66-34-DAI,"Sainsbury's Pesto & Parmesan Pasta, Taste The Difference 185g",Sainsbury's,"Dairy, eggs & chilled","Cooked meats, olives & dips",Coleslaw & salads,,£2.70,,£1.80,£1.46 / 100g,7621373.0,"Cooked pasta, Regato medium fat hard cheese, pine nuts and Parmigiano Reggiano cheese.",,https://assets.sainsburys-groceries.co.uk/gol/7621373/1/640x640.jpg,,,https://www.sainsburys.co.uk/gol-ui/product/sainsburys-pesto---parmesan-pasta--taste-the-difference-175g,,2024-08-20T12:14:15.934543-04:00
66-35-DAI,"Sainsbury's Charlotte Potato Salad, Taste the Difference 300g",Sainsbury's,"Dairy, eggs & chilled","Cooked meats, olives & dips",Coleslaw & salads,,£2.25,,,75p / 100g,8160917.0,"Cooked potatoes, spring onion and chive in a crème fraîche dressing",,https://assets.sainsburys-groceries.co.uk/gol/8160917/1/640x640.jpg,,,https://www.sainsburys.co.uk/gol-ui/product/sainsburys-charlotte-potato-salad-taste-the-difference-300g,,2024-08-20T12:14:40.275305-04:00
66-36-DAI,Sainsbury's Pitted Green Olives 120g,Sainsbury's,"Dairy, eggs & chilled","Cooked meats, olives & dips","Olives, antipasti, tapas & mezze",,£1.60,,,£1.33 / 100g,7924810.0,Pitted green olives in vegetable oil,,https://assets.sainsburys-groceries.co.uk/gol/7924810/1/640x640.jpg,,,https://www.sainsburys.co.uk/gol-ui/product/sainsburys-pitted-green-olives-120g,,2024-08-20T12:15:02.191918-04:00
66-37-DAI,"Sainsbury's Extra Thick Tzatziki, Taste the Difference 170g",Sainsbury's,"Dairy, eggs & chilled","Cooked meats, olives & dips","Houmous, guacamole & flavoured dips",,£2.50,,£1.65,£1.47 / 100g,8181695.0,"A labneh dip with cucumber, lemon juice and mint topped with dill infused oil.",,https://assets.sainsburys-groceries.co.uk/gol/8181695/1/640x640.jpg,,,https://www.sainsburys.co.uk/gol-ui/product/sainsburys-extra-thick-tzatziki-taste-the-difference-170g,,2024-08-20T12:15:18.372436-04:00
66-38-DAI,"Sainsbury's Greek Inspired Whipped Feta Salad Summer Edition, Taste the Difference 220g",Sainsbury's,"Dairy, eggs & chilled","Cooked meats, olives & dips",Coleslaw & salads,,£2.70,,£1.80,£1.23 / 100g,8150165.0,"Cooked bulgur wheat, spinach, cucumber and parsley in a lemon and herb dressing on a feta cheese and parsley dip topped with Feta cheese.",,https://assets.sainsburys-groceries.co.uk/gol/8150165/1/640x640.jpg,,,https://www.sainsburys.co.uk/gol-ui/product/sainsburys-greek-inspired-whipped-feta-salad-summer-edition-taste-the-differenc-220g,,2024-08-20T12:15:34.865474-04:00
66-39-DAI,Vadasz Raw Kimchi 400g,Vadasz,"Dairy, eggs & chilled","Cooked meats, olives & dips","Olives, antipasti, tapas & mezze",,£4.50,,£3.50,£1.13 / 100g,8058159.0,"Salted, fermented and seasoned vegetables",,https://assets.sainsburys-groceries.co.uk/gol/8058159/1/640x640.jpg,,"Chinese Leaf Cabbage, Carrots, Spring Onion, Sea Salt, Chilli Powder, Ginger, Garlic",https://www.sainsburys.co.uk/gol-ui/product/vadasz-raw-kimchi-400g,,2024-08-20T12:15:43.192079-04:00
66-40-DAI,Sainsbury's Sweet & Crispy Salad Bowl 220g,Sainsbury's,"Dairy, eggs & chilled","Cooked meats, olives & dips",Coleslaw & salads,,£1.75,,,80p / 100g,1241228.0,"Mixed salad leaves, carrot, sweetcorn, cabbage, beetroot and pepper with mayonnaise",,https://assets.sainsburys-groceries.co.uk/gol/1241228/1/640x640.jpg,,,https://www.sainsburys.co.uk/gol-ui/product/sainsburys-sweet---crispy-side-salad-250g,,2024-08-20T12:16:05.281809-04:00
66-41-DAI,Sainsbury's Rich Potato Salad 300g,Sainsbury's,"Dairy, eggs & chilled","Cooked meats, olives & dips",Coleslaw & salads,,£1.15,,,38p / 100g,8161971.0,"Cooked potato, onion and chives in a mayonnaise dressing",,https://assets.sainsburys-groceries.co.uk/gol/8161971/1/640x640.jpg,,,https://www.sainsburys.co.uk/gol-ui/product/sainsburys-rich-potato-salad-300g,,2024-08-20T12:16:27.079197-04:00
66-42-DAI,Sainsbury's Garlic Stuffed Halkidiki Olives 160g,Sainsbury's,"Dairy, eggs & chilled","Cooked meats, olives & dips","Olives, antipasti, tapas & mezze",,£3.00,,,£1.88 / 100g,7882413.0,Halkidiki olives stuffed with pickled garlic in a parsley and oregano dressing,,https://assets.sainsburys-groceries.co.uk/gol/7882413/1/640x640.jpg,,,https://www.sainsburys.co.uk/gol-ui/product/sainsburys-garlic-stuffed-halkidiki-olives-180g,,2024-08-20T12:16:50.225323-04:00
66-43-DAI,Sainsbury's Rich Taramasalata 200g,Sainsbury's,"Dairy, eggs & chilled","Cooked meats, olives & dips","Houmous, guacamole & flavoured dips",,£1.35,,,68p / 100g,6669413.0,A dip made with cod roe and lemon juice,,https://assets.sainsburys-groceries.co.uk/gol/6669413/1/640x640.jpg,,,https://www.sainsburys.co.uk/gol-ui/product/sainsburys-taramasalata-230g,,2024-08-20T12:17:11.196926-04:00
66-44-DAI,Sainsbury's Egg Mayo Deli Filler 220g,Sainsbury's,"Dairy, eggs & chilled","Cooked meats, olives & dips",Sandwich fillers,,£2.00,,,91p / 100g,7467280.0,Chopped hardboiled egg in a seasoned mayonnaise,,https://assets.sainsburys-groceries.co.uk/gol/7467280/1/640x640.jpg,,,https://www.sainsburys.co.uk/gol-ui/product/sainsburys-egg-mayonnaise-deli-filler-230g,,2024-08-20T12:17:32.516682-04:00
66-45-DAI,Sainsbury's Trio Of Spanish Olives 280g,Sainsbury's,"Dairy, eggs & chilled","Cooked meats, olives & dips","Olives, antipasti, tapas & mezze",,£4.25,,£3.50,£1.52 / 100g,7874761.0,"Pitted black, pitted green and pimento paste stuffed green olives in a parsley dressing",,https://assets.sainsburys-groceries.co.uk/gol/7874761/1/640x640.jpg,,,https://www.sainsburys.co.uk/gol-ui/product/sainsburys-trio-of-spanish-olives-300g,,2024-08-20T12:17:48.926600-04:00
66-46-DAI,Sainsbury's Selection Tex-Mex Dips 400g,Sainsbury's,"Dairy, eggs & chilled","Cooked meats, olives & dips","Houmous, guacamole & flavoured dips",,£3.20,,,80p / 100g,8062428.0,Guacamole dip: Diced avocado and tomato with coriander and chilli.,,https://assets.sainsburys-groceries.co.uk/gol/8062428/1/640x640.jpg,,,https://www.sainsburys.co.uk/gol-ui/product/sainsburys-selection-tex-mex-dips-400g,,2024-08-20T12:18:11.118887-04:00
66-47-DAI,Sainsbury's Deli-Style Traditional Coleslaw 600g,Sainsbury's,"Dairy, eggs & chilled","Cooked meats, olives & dips",Coleslaw & salads,,£1.90,,,32p / 100g,6461389.0,"Shredded cabbage, carrot and onion in a mayonnaise dressing",,https://assets.sainsburys-groceries.co.uk/gol/6461389/1/640x640.jpg,,,https://www.sainsburys.co.uk/gol-ui/product/sainsburys-deli-style-coleslaw-600g,,2024-08-20T12:18:32.539539-04:00
66-48-DAI,"Sainsbury's British Corned Beef Slices, Taste the Difference x3 100g",Sainsbury's,"Dairy, eggs & chilled","Cooked meats, olives & dips",Cooked meats,,£3.25,,,£3.25 / 100g,7639001.0,"3 cured, chopped and cooked beef slices",,https://assets.sainsburys-groceries.co.uk/gol/7639001/1/640x640.jpg,,,https://www.sainsburys.co.uk/gol-ui/product/sainsburys-british-corned-beef--taste-the-difference-100g,,2024-08-20T12:18:54.229042-04:00
66-49-DAI,Sainsbury's Cheddar Cheese & Chive Dip 200g,Sainsbury's,"Dairy, eggs & chilled","Cooked meats, olives & dips","Houmous, guacamole & flavoured dips",,£1.35,,,68p / 100g,6658685.0,"A dip made with mayonnaise, soured cream, Cheddar cheeses and chives",,https://assets.sainsburys-groceries.co.uk/gol/6658685/1/640x640.jpg,,,https://www.sainsburys.co.uk/gol-ui/product/sainsburys-cheddar-cheese---chive-dip-230g,,2024-08-20T12:19:15.597516-04:00
66-50-DAI,Sainsbury's Beetroot Salad 300g,Sainsbury's,"Dairy, eggs & chilled","Cooked meats, olives & dips",Coleslaw & salads,,£1.75,,,58p / 100g,7849901.0,Diced beetroot with carrot and onion in a vinaigrette dressing,,https://assets.sainsburys-groceries.co.uk/gol/7849901/1/640x640.jpg,,,https://www.sainsburys.co.uk/gol-ui/product/sainsburys-beetroot-salad-300g,,2024-08-20T12:19:36.607770-04:00
66-51-DAI,Sainsbury's Moroccan Houmous 200g,Sainsbury's,"Dairy, eggs & chilled","Cooked meats, olives & dips","Houmous, guacamole & flavoured dips",,£1.35,,£1.00,68p / 100g,6773467.0,"A dip made with chickpeas, onion, tahini sesame seed paste, red chilli purée and spices",,https://assets.sainsburys-groceries.co.uk/gol/6773467/1/640x640.jpg,,,https://www.sainsburys.co.uk/gol-ui/product/sainsburys-morrocan-topped-houmous-200g,,2024-08-20T12:19:52.999783-04:00
66-52-DAI,Sainsbury's Pimento Stuffed Olives with Manchego & Chilli 160g,Sainsbury's,"Dairy, eggs & chilled","Cooked meats, olives & dips","Olives, antipasti, tapas & mezze",,£3.00,,,£1.88 / 100g,7088045.0,Pimento paste stuffed green olives with Manchego full fat hard cheese in a parsley and chilli dressing,,https://assets.sainsburys-groceries.co.uk/gol/7088045/1/640x640.jpg,,,https://www.sainsburys.co.uk/gol-ui/product/sainsburys-olives---manchego-cheese-170g,,2024-08-20T12:20:15.025776-04:00
66-53-DAI,"Sainsbury's Tabbouleh with Herb Roasted Garlic & Lemon Dressing, Taste the Difference 200g",Sainsbury's,"Dairy, eggs & chilled","Cooked meats, olives & dips",Coleslaw & salads,,£2.70,,,£1.35 / 100g,8107565.0,"Cooked bulgur wheat, cucumber, tomato and red onion with herbs",,https://assets.sainsburys-groceries.co.uk/gol/8107565/1/640x640.jpg,,,https://www.sainsburys.co.uk/gol-ui/product/sainsburys-tabbouleh-with-herb-roasted-garlic-lemon-dressing-taste-the-difference-200g,,2024-08-20T12:20:36.519226-04:00
66-54-DAI,Sainsbury's Coronation Chicken Deli Filler 220g,Sainsbury's,"Dairy, eggs & chilled","Cooked meats, olives & dips",Sandwich fillers,,£2.00,,,91p / 100g,7467097.0,"Cooked diced chicken in a seasoned mayonnaise with apricots, sultanas and spices.",,https://assets.sainsburys-groceries.co.uk/gol/7467097/1/640x640.jpg,,,https://www.sainsburys.co.uk/gol-ui/product/sainsburys-coronation-chicken-deli-filler-230g,,2024-08-20T12:20:59.976948-04:00
66-55-DAI,Sainsbury's Onion & Garlic Dip 200g,Sainsbury's,"Dairy, eggs & chilled","Cooked meats, olives & dips","Houmous, guacamole & flavoured dips",,£1.35,,,68p / 100g,6658620.0,"A dip made with mayonnaise, soured cream, onion and garlic",,https://assets.sainsburys-groceries.co.uk/gol/6658620/1/640x640.jpg,,,https://www.sainsburys.co.uk/gol-ui/product/sainsburys-onion---garlic-dip-230g,,2024-08-20T12:21:21.624597-04:00
66-56-DAI,Moorish Smoked Humous 150g,Moorish,"Dairy, eggs & chilled","Cooked meats, olives & dips","Houmous, guacamole & flavoured dips",,£1.95,,,£1.30 / 100g,7925347.0,"A blend of cooked chickpeas and sesame seed paste flavoured with lemon juice, smoked water and garlic.",50 g,https://assets.sainsburys-groceries.co.uk/gol/7925347/1/640x640.jpg,"Nutrient	per 100g:	per 50g serving:
Energy	1267 kJ (307kcal)	634kJ (154kcal)
Fat	26g	13g
of which saturates	2.7g	1.4g
Carbohydrates	14g	7g
of which sugars	0.4g	0.2g
Fibre	9.5g	4.8g
Protein	7.2g	3.6g
Salt	1.2g	0.60g","Cooked Chickpeas (61%) [Water, Chickpeas], Rapeseed Oil, Tahini (11%) [Sesame Seed Paste], Lemon Juice Concentrate (4%), Smoked Water (3%), Garlic Purée, Salt, Vinegar",https://www.sainsburys.co.uk/gol-ui/product/moorish-smoked-humous-150g,,2024-08-20T12:21:34.820546-04:00
66-57-DAI,Premier Deli Corned Beef Slices x3 100g,Premier,"Dairy, eggs & chilled","Cooked meats, olives & dips",Cooked meats,,£1.45,,,£1.45 / 100g,8114035.0,Cured and Cooked Corned Beef Slices,,https://assets.sainsburys-groceries.co.uk/gol/8114035/1/640x640.jpg,,"Beef, Salt, Sugar, Preservative (Sodium Nitrite), Made using 120g of Beef per 100g of finished product",https://www.sainsburys.co.uk/gol-ui/product/premier-deli-corned-beef-slices-x3-100g,,2024-08-20T12:21:48.050770-04:00
66-58-DAI,Sainsbury's Nocellara Olives 160g,Sainsbury's,"Dairy, eggs & chilled","Cooked meats, olives & dips","Olives, antipasti, tapas & mezze",,£3.00,,,£1.88 / 100g,7882399.0,Stone in Nocellara olives in sunflower oil,,https://assets.sainsburys-groceries.co.uk/gol/7882399/1/640x640.jpg,,,https://www.sainsburys.co.uk/gol-ui/product/sainsburys-nocellera-olives-180g,,2024-08-20T12:22:10.951706-04:00
66-59-DAI,Sainsbury's Tuna & Sweetcorn Deli Filler 220g,Sainsbury's,"Dairy, eggs & chilled","Cooked meats, olives & dips",Sandwich fillers,,£2.00,,,91p / 100g,7497804.0,Tuna and sweetcorn in a seasoned mayonnaise,,https://assets.sainsburys-groceries.co.uk/gol/7497804/1/640x640.jpg,,,https://www.sainsburys.co.uk/gol-ui/product/sainsburys-tuna---sweetcorn-deli-filler-230g,,2024-08-20T12:22:32.803968-04:00
66-60-DAI,Sainsbury's Trio of Spanish Olives 160g,Sainsbury's,"Dairy, eggs & chilled","Cooked meats, olives & dips","Olives, antipasti, tapas & mezze",,£3.00,,,£1.88 / 100g,7924464.0,"Pitted black, pitted green and pimento paste stuffed green olives in a parsley dressing",,https://assets.sainsburys-groceries.co.uk/gol/7924464/1/640x640.jpg,,,https://www.sainsburys.co.uk/gol-ui/product/sainsburys-trio-of-olives-160g,,2024-08-20T12:22:54.511264-04:00
66-61-DAI,"Sainsbury's Extra Smooth Red Pepper Houmous Summer Edition, Taste the Difference 170g",Sainsbury's,"Dairy, eggs & chilled","Cooked meats, olives & dips","Houmous, guacamole & flavoured dips",,£2.50,,,£1.47 / 100g,8182032.0,"A dip made with chickpeas, tahini sesame seed paste, roasted red pepper and piquillo peppers, with extra virgin olive oil (5%)",,https://assets.sainsburys-groceries.co.uk/gol/8182032/1/640x640.jpg,,,https://www.sainsburys.co.uk/gol-ui/product/sainsburys-extra-smooth-red-pepper-houmous-summer-edition-taste-the-difference-170g,,2024-08-20T12:23:16.280608-04:00
66-62-DAI,"Sainsbury's Houmous, Be Good To Yourself 200g",Sainsbury's,"Dairy, eggs & chilled","Cooked meats, olives & dips","Houmous, guacamole & flavoured dips",,£1.45,,,73p / 100g,7947574.0,A dip made with chickpeas and tahini sesame seed paste *30% less fat than by Sainsbury's standard houmous,,https://assets.sainsburys-groceries.co.uk/gol/7947574/1/640x640.jpg,,,https://www.sainsburys.co.uk/gol-ui/product/sainsburys-houmous-be-good-to-yourself-200g,,2024-08-20T12:23:37.803866-04:00
66-63-DAI,"Sainsbury's Sweet Potato Falafels Summer Edition, Taste the Difference 144g",Sainsbury's,"Dairy, eggs & chilled","Cooked meats, olives & dips","Olives, antipasti, tapas & mezze",,£3.50,,£2.30,£2.43 / 100g,8182028.0,"Falafels made with sweet potato, chickpeas, carrot and spices",,https://assets.sainsburys-groceries.co.uk/gol/8182028/1/640x640.jpg,,,https://www.sainsburys.co.uk/gol-ui/product/sainsburys-sweet-potato-falafels-summer-edition-taste-the-difference-144g,,2024-08-20T12:23:54.563280-04:00
66-64-DAI,Unearthed Spanish Potato Omelette 500g,Unearthed,"Dairy, eggs & chilled","Cooked meats, olives & dips","Olives, antipasti, tapas & mezze",,£4.00,,,80p / 100g,8112962.0,Spanish Potato Omelette with Onion,,https://assets.sainsburys-groceries.co.uk/gol/8112962/1/640x640.jpg,,"Potatoes (56%), Pasteurised Free Range Egg (28%) (Free Range Egg, Salt and Acidity Regulator: Citric Acid), Fried Onion (12%) (Onion, Olive Oil, and Salt), Sunflower Oil, Olive Oil (1.5%)",https://www.sainsburys.co.uk/gol-ui/product/unearthed-spanish-potato-omelette-500g,,2024-08-20T12:24:07.835830-04:00
66-65-DAI,Ramona's Heavenly Jalapeno Houmous 500g,Ramona's,"Dairy, eggs & chilled","Cooked meats, olives & dips","Houmous, guacamole & flavoured dips",,£3.50,,,70p / 100g,8102886.0,Made with Love (& Chickpeas),,https://assets.sainsburys-groceries.co.uk/gol/8102886/1/640x640.jpg,"Nutrient	Per 100g Sold
Energy (kJ)	1086
Energy (kcal)	262
Fat (g)	20.7
Of Which Saturates (g)	1.7
Carbohydrate (g)	10.3
Of Which Sugars (g)	0.7
Fibre (g)	4.9
Protein (g)	6.2
Salt (g)	1.1","Cooked Chickpeas (62%) (Water, Chickpeas), Rapeseed Oil, Tahini (Sesame Seed Paste), Jalapenos (4.5%) (Green Jalapeno Pepper, Spirit Vinegar, Salt), Salt, Acidity Regulator: Citric Acid, Garlic Powder, Modified Maize Starch, Spices, Preservative: Potassium Sorbate",https://www.sainsburys.co.uk/gol-ui/product/ramonas-jalapeno-houmous-500g,,2024-08-20T12:24:21.121100-04:00
66-66-DAI,Sainsbury's Creamy Coleslaw & Potato Salad 400g,Sainsbury's,"Dairy, eggs & chilled","Cooked meats, olives & dips",Coleslaw & salads,,£1.75,,,44p / 100g,8162347.0,"Shredded cabbage, carrot and onion in a mayonnaise dressing. Cooked potato, onion and chives in a mayonnaise dressing",,https://assets.sainsburys-groceries.co.uk/gol/8162347/1/640x640.jpg,,,https://www.sainsburys.co.uk/gol-ui/product/sainsburys-creamy-coleslaw-potato-salad-400g-8162347-p-44,,2024-08-20T12:24:43.184576-04:00
66-67-DAI,Sainsbury's Roasted Vegetable Cous Cous 200g,Sainsbury's,"Dairy, eggs & chilled","Cooked meats, olives & dips",Coleslaw & salads,,£1.75,,,88p / 100g,7845969.0,Roasted vegetables and rehydrated couscous in a lemon and herb dressing with toasted pumpkin seeds,,https://assets.sainsburys-groceries.co.uk/gol/7845969/1/640x640.jpg,,,https://www.sainsburys.co.uk/gol-ui/product/sainsburys-roasted-vegetable-cous-cous-200g,,2024-08-20T12:25:04.472886-04:00
66-68-DAI,Sainsbury's Cheese & Onion Deli Filler 220g,Sainsbury's,"Dairy, eggs & chilled","Cooked meats, olives & dips",Sandwich fillers,,£2.00,,,91p / 100g,7497786.0,"Red Leicester, Cheddar cheese, and white onion in a seasoned mayonnaise with chive",,https://assets.sainsburys-groceries.co.uk/gol/7497786/1/640x640.jpg,,,https://www.sainsburys.co.uk/gol-ui/product/sainsburys-cheese---onion-deli-filler-230g,,2024-08-20T12:25:25.704592-04:00
66-69-DAI,"Sainsbury's Spinach & Feta Parcels Summer Edition, Taste the Difference 140g",Sainsbury's,"Dairy, eggs & chilled","Cooked meats, olives & dips","Olives, antipasti, tapas & mezze",,£3.50,,£2.30,£2.50 / 100g,8182036.0,"Herb pastry filled with spinach, full fat soft cheese, feta cheese, mint and oregano",,https://assets.sainsburys-groceries.co.uk/gol/8182036/1/640x640.jpg,,,https://www.sainsburys.co.uk/gol-ui/product/sainsburys-spinach-feta-parcels-summer-edition-taste-the-difference-140g,,2024-08-20T12:25:43.320133-04:00
66-70-DAI,"Sainsbury's Marinated Anchovies, Taste the Difference 145g",Sainsbury's,"Dairy, eggs & chilled","Cooked meats, olives & dips","Olives, antipasti, tapas & mezze",,£3.50,,£2.30,£2.41 / 100g,7967193.0,"Marinated anchovies in a parsley, garlic and citrus dressing",,https://assets.sainsburys-groceries.co.uk/gol/7967193/1/640x640.jpg,,,https://www.sainsburys.co.uk/gol-ui/product/sainsburys-intense-marinated-anchovies-145g,,2024-08-20T12:26:00.276154-04:00
66-71-DAI,"Sainsbury's Sunsoaked Tomatoes with Oregano & Garlic, Taste the Difference 265g",Sainsbury's,"Dairy, eggs & chilled","Cooked meats, olives & dips","Olives, antipasti, tapas & mezze",,£3.50,,£2.30,£1.32 / 100g,8056848.0,"Semi-dried tomatoes, marinated in oregano and garlic",,https://assets.sainsburys-groceries.co.uk/gol/8056848/1/640x640.jpg,,,https://www.sainsburys.co.uk/gol-ui/product/sainsburys-sunsoaked-tomatoes-with-oregano-garlic-taste-the-difference-265g,,2024-08-20T12:26:17.157460-04:00
66-72-DAI,Sabra Houmous with Garlic & Red Pepper 200g,Sabra,"Dairy, eggs & chilled","Cooked meats, olives & dips","Houmous, guacamole & flavoured dips",,£2.50,,,£1.25 / 100g,7549145.0,Dip/salad of chickpeas with garlic and red pepper.,30 g,https://assets.sainsburys-groceries.co.uk/gol/7549145/1/640x640.jpg,"Nutrient	Per 100g	Per 30g serving	% RI* per 30g
Energy (kJ/kcal)	1427/ 345	428/ 104	5%
Fat (g)	31.0	9.3	13%
- Of which are saturates (g)	3.1	1.0	5%
Carbohydrate (g)	9.0	2.7	1%
- Of which are sugars (g)	0.3	0.1	<1%
Protein (g)	6.0	1.8	4%
Salt (g)	1.3	0.38	6%","Cooked Chickpeas (47%) (Water, Chickpeas, Acidity Regulator (Sodium Carbonate)), Rapeseed Oil, Sesame Seed Paste (15%), Water, Salt, Olive Oil, Dried Garlic (0.9%), Acid (Citric Acid), Dehydrated Red Bell Pepper (0.3%), Paprika Powder, Black Pepper, Preservative (Potassium Sorbate), Dehydrated Parsley",https://www.sainsburys.co.uk/gol-ui/product/sabra-houmous-with-garlic---red-pepper-200g,,2024-08-20T12:26:33.396952-04:00
66-73-DAI,Sainsbury's Takeaway Garlic & Herb Dip 90g,Sainsbury's,"Dairy, eggs & chilled","Cooked meats, olives & dips","Houmous, guacamole & flavoured dips",,£1.60,,,£17.78 / kg,8132674.0,Garlic sauce with parsley and lemon juice.,,https://assets.sainsburys-groceries.co.uk/gol/8132674/1/640x640.jpg,,,https://www.sainsburys.co.uk/gol-ui/product/sainsburys-takeaway-garlic-herb-dip-90g,,2024-08-20T12:26:55.023145-04:00
66-74-DAI,"Sainsbury's Jumbo Kalamata Olives with Oak Smoked Oil, Taste the Difference 160g",Sainsbury's,"Dairy, eggs & chilled","Cooked meats, olives & dips","Olives, antipasti, tapas & mezze",,£3.50,,£2.30,£2.19 / 100g,7967235.0,Pitted Kalamata olives in smoked vegetable oil,,https://assets.sainsburys-groceries.co.uk/gol/7967235/1/640x640.jpg,,,https://www.sainsburys.co.uk/gol-ui/product/sainsburys-jumbo-kalamata-olives-with-oak-smoked-oil-taste-the-difference-160g,,2024-08-20T12:27:11.198753-04:00
66-75-DAI,Premier Deli Ox Tongue 125g,Premier,"Dairy, eggs & chilled","Cooked meats, olives & dips",Cooked meats,,£3.15,,,£2.52 / 100g,8025637.0,"Slices of Cured, Cooked Ox Tongue",,https://assets.sainsburys-groceries.co.uk/gol/8025637/1/640x640.jpg,,"Ox Tongue, Salt, Sugar, Stabilisers: Triphosphates, Polyphosphates, Diphosphates, Gelling Agent: Carrageenan, Antioxidant: Sodium Ascorbate, Preservative: Sodium Nitrite, Produced using 110g of raw Ox Tongue per 100g of finished product",https://www.sainsburys.co.uk/gol-ui/product/premier-deli-ox-tongue-125g,,2024-08-20T12:27:24.336472-04:00
66-76-DAI,Sainsbury's Crunchy Cheese Coleslaw 300g,Sainsbury's,"Dairy, eggs & chilled","Cooked meats, olives & dips",Coleslaw & salads,,£1.30,,,43p / 100g,6769025.0,"Shredded cabbage, Cheddar cheese and carrot in a mayonnaise dressing",,https://assets.sainsburys-groceries.co.uk/gol/6769025/1/640x640.jpg,,,https://www.sainsburys.co.uk/gol-ui/product/sainsburys-cheese-coleslaw-300g,,2024-08-20T12:27:46.147713-04:00
66-77-DAI,Sainsbury's Chicken & Bacon Deli Filler 220g,Sainsbury's,"Dairy, eggs & chilled","Cooked meats, olives & dips",Sandwich fillers,,£2.00,,,91p / 100g,8100920.0,Cooked diced chicken and smoked cooked bacon in a seasoned mayonnaise,,https://assets.sainsburys-groceries.co.uk/gol/8100920/1/640x640.jpg,,,https://www.sainsburys.co.uk/gol-ui/product/sainsburys-chicken-bacon-deli-filler-220g,,2024-08-20T12:28:07.805544-04:00
66-78-DAI,Sainsbury's Rich Potato Salad 600g,Sainsbury's,"Dairy, eggs & chilled","Cooked meats, olives & dips",Coleslaw & salads,,£1.90,,,32p / 100g,8162093.0,"Cooked potato, onion and chives in a mayonnaise dressing",,https://assets.sainsburys-groceries.co.uk/gol/8162093/1/640x640.jpg,,,https://www.sainsburys.co.uk/gol-ui/product/sainsburys-rich-potato-salad-600g,,2024-08-20T12:28:29.515882-04:00
66-79-DAI,"Sainsbury's Falafels Summer Edition, Taste the Difference 144g",Sainsbury's,"Dairy, eggs & chilled","Cooked meats, olives & dips","Olives, antipasti, tapas & mezze",,£3.50,,£2.30,£2.43 / 100g,8182038.0,"Falafels made with chickpeas, onion, broad beans and spices",,https://assets.sainsburys-groceries.co.uk/gol/8182038/1/640x640.jpg,,,https://www.sainsburys.co.uk/gol-ui/product/sainsburys-falafels-summer-edition-taste-the-difference-144g,,2024-08-20T12:28:45.983503-04:00
66-80-DAI,"Sainsbury's Ultimate BBQ Coleslaw, Taste the Difference 200g",Sainsbury's,"Dairy, eggs & chilled","Cooked meats, olives & dips",Coleslaw & salads,,£1.75,,,88p / 100g,8181707.0,"Cabbage, carrot and pink cabbage in a mayonnaise, buttermilk and chipotle chilli dressing.",,https://assets.sainsburys-groceries.co.uk/gol/8181707/1/640x640.jpg,,,https://www.sainsburys.co.uk/gol-ui/product/sainsburys-ultimate-bbq-coleslaw-taste-the-difference-200g,,2024-08-20T12:29:07.928823-04:00
66-81-DAI,Sainsbury's Chicken & Sweetcorn Deli Filler 220g,Sainsbury's,"Dairy, eggs & chilled","Cooked meats, olives & dips",Sandwich fillers,,£2.00,,,91p / 100g,7852922.0,Cooked diced chicken and sweetcorn in a seasoned mayonnaise,,https://assets.sainsburys-groceries.co.uk/gol/7852922/1/640x640.jpg,,,https://www.sainsburys.co.uk/gol-ui/product/sainsburys-chicken---sweetcorn-deli-filler-220g,,2024-08-20T12:29:29.946107-04:00
66-82-DAI,Sainsbury's Egg Mayo Deli Filler 385g,Sainsbury's,"Dairy, eggs & chilled","Cooked meats, olives & dips",Sandwich fillers,,£2.80,,,73p / 100g,6772677.0,Chopped hardboiled egg in a seasoned mayonnaise,,https://assets.sainsburys-groceries.co.uk/gol/6772677/1/640x640.jpg,,,https://www.sainsburys.co.uk/gol-ui/product/sainsburys-deli-filler-egg-mayonnaise-sandwich-400g,,2024-08-20T12:29:51.859352-04:00
66-83-DAI,"Sainsbury's Pecorino & Tomato Dip, Taste the Difference 170g",Sainsbury's,"Dairy, eggs & chilled","Cooked meats, olives & dips","Houmous, guacamole & flavoured dips",,£2.50,,£1.65,£1.47 / 100g,8181697.0,"A soured cream, mayonnaise and Pecorino cheese dip topped with semi dried tomatoes, rapeseed oil and parsley.",,https://assets.sainsburys-groceries.co.uk/gol/8181697/1/640x640.jpg,,,https://www.sainsburys.co.uk/gol-ui/product/sainsburys-pecorino-tomato-dip-taste-the-difference-170g,,2024-08-20T12:30:08.286976-04:00
66-84-DAI,Unearthed Spanish Spinach Omelette 250g,Unearthed,"Dairy, eggs & chilled","Cooked meats, olives & dips","Olives, antipasti, tapas & mezze",,£3.25,,,£1.30 / 100g,8112483.0,Cooked Spanish Omelette with Potato & Spinach.,,https://assets.sainsburys-groceries.co.uk/gol/8112483/1/640x640.jpg,,"Potatoes (47%), Free Range Egg (27%) (Free Range Egg, Salt), Spinach (17%), Fried Onion (Onion, Olive Oil, Salt), Sunflower Oil, Olive Oil",https://www.sainsburys.co.uk/gol-ui/product/unearthed-spanish-spinach-omelette-250g,,2024-08-20T12:30:22.171421-04:00
66-85-DAI,Holy Moly Smashed Avocado 150g,Holy,"Dairy, eggs & chilled","Cooked meats, olives & dips","Houmous, guacamole & flavoured dips",,£2.20,,,£1.47 / 100g,8113275.0,Avocado dip made with tomato and lime.,,https://assets.sainsburys-groceries.co.uk/gol/8113275/1/640x640.jpg,"Nutrient	Per 100g;
Energy	801kJ/ 195kcal
Fat	20g
of which saturates	4.2g
Carbohydrate	0.1g
of which sugars	0.1g
Fibre	7.1g
Protein	1.0g
Salt	0.47g","Avocado (93%), Tomato (5%), Lime Juice from Concentrate, Salt, Black Pepper",https://www.sainsburys.co.uk/gol-ui/product/holy-moly-smashed-avocado-150g,,2024-08-20T12:30:35.088172-04:00
66-86-DAI,Sainsbury's Marinated Sundried Tomatoes 140g,Sainsbury's,"Dairy, eggs & chilled","Cooked meats, olives & dips","Olives, antipasti, tapas & mezze",,£3.00,,,£2.14 / 100g,8057168.0,Sundried Tomatoes in a Herb and Garlic Dressing,,https://assets.sainsburys-groceries.co.uk/gol/8057168/1/640x640.jpg,,,https://www.sainsburys.co.uk/gol-ui/product/sainsburys-marinated-sundried-tomatoes-140g,,2024-08-20T12:30:56.682287-04:00
66-87-DAI,Stamford Street Co. Crunchy Coleslaw 600g,Stamford,"Dairy, eggs & chilled","Cooked meats, olives & dips",Coleslaw & salads,,£1.19,,,20p / 100g,8162349.0,"Shredded cabbage, carrot and onion in a mayonnaise dressing",,https://assets.sainsburys-groceries.co.uk/gol/8162349/1/640x640.jpg,,,https://www.sainsburys.co.uk/gol-ui/product/sainsburys-stamford-street-co-crunchy-coleslaw-600g,,2024-08-20T12:31:18.598617-04:00
66-88-DAI,Sainsbury's Mixed Olives & Greek Feta 160g,Sainsbury's,"Dairy, eggs & chilled","Cooked meats, olives & dips","Olives, antipasti, tapas & mezze",,£3.00,,,£1.88 / 100g,7874754.0,Pitted black and green olives with feta cheese in a parsley dressing,,https://assets.sainsburys-groceries.co.uk/gol/7874754/1/640x640.jpg,,,https://www.sainsburys.co.uk/gol-ui/product/sainsburys-mixed-olives---greek-feta-180g,,2024-08-20T12:31:40.102696-04:00
66-89-DAI,"Sainsbury's Mini Houmous Snack Pots, Be Good To Yourself 3x60g",Sainsbury's,"Dairy, eggs & chilled","Cooked meats, olives & dips","Houmous, guacamole & flavoured dips",,£2.00,3 for £2.00,,£1.11 / 100g,6380267.0,A dip made with chickpeas and tahini sesame seed paste *30% less fat than by Sainsbury's standard houmous,,https://assets.sainsburys-groceries.co.uk/gol/6380267/1/640x640.jpg,,,https://www.sainsburys.co.uk/gol-ui/product/sainsburys-mini-houmous-snack-pots--be-good-to-yourself-180g,3x60g,2024-08-20T12:32:02.835541-04:00
66-90-DAI,Sainsbury's Garlic & Herb Green Olives 160g,Sainsbury's,"Dairy, eggs & chilled","Cooked meats, olives & dips","Olives, antipasti, tapas & mezze",,£3.00,,,£1.88 / 100g,7924489.0,"Pitted green olives in a parsley, basil and garlic dressing.",,https://assets.sainsburys-groceries.co.uk/gol/7924489/1/640x640.jpg,,,https://www.sainsburys.co.uk/gol-ui/product/sainsburys-manzanilla-garlic-herb-green-olives-160g,,2024-08-20T12:32:24.240629-04:00
66-91-DAI,Sainsbury's Classic Dip Selection 500g,Sainsbury's,"Dairy, eggs & chilled","Cooked meats, olives & dips","Houmous, guacamole & flavoured dips",,£3.20,,£2.75,64p / 100g,7853977.0,"Onion and garlic dip: Mayonnaise with soured cream, onion and garlic.",,https://assets.sainsburys-groceries.co.uk/gol/7853977/1/640x640.jpg,,,https://www.sainsburys.co.uk/gol-ui/product/sainsburys-classic-dip-selection-500g,,2024-08-20T12:32:40.551249-04:00
66-92-DAI,Sainsbury's Coronation Chicken Deli Filler 385g,Sainsbury's,"Dairy, eggs & chilled","Cooked meats, olives & dips",Sandwich fillers,,£2.80,,,73p / 100g,7468131.0,"Cooked diced chicken in a seasoned mayonnaise with apricots, sultanas and spices.",,https://assets.sainsburys-groceries.co.uk/gol/7468131/1/640x640.jpg,,,https://www.sainsburys.co.uk/gol-ui/product/sainsburys-coronation-chicken-deli-filler-400g,,2024-08-20T12:33:01.931012-04:00
66-93-DAI,"Sainsbury's Stuffed Cherry Peppers Goat's Cheese, Taste the Difference 125g",Sainsbury's,"Dairy, eggs & chilled","Cooked meats, olives & dips","Olives, antipasti, tapas & mezze",,£3.50,,£2.30,£2.80 / 100g,8184537.0,"Goat's cheese stuffed red and yellow cherry peppers in a garlic, parsley, thyme and sunflower oil dressing",,https://assets.sainsburys-groceries.co.uk/gol/8184537/1/640x640.jpg,,,https://www.sainsburys.co.uk/gol-ui/product/sainsburys-stuffed-cherry-peppers-goats-cheese-taste-the-difference-125g,,2024-08-20T12:33:18.408960-04:00
66-94-DAI,Sainsbury's Lemon & Coriander Houmous 200g,Sainsbury's,"Dairy, eggs & chilled","Cooked meats, olives & dips","Houmous, guacamole & flavoured dips",,£1.35,,£1.00,68p / 100g,8062998.0,"A dip made with chickpeas, tahini sesame seed paste, lemon and coriander",,https://assets.sainsburys-groceries.co.uk/gol/8062998/1/640x640.jpg,,,https://www.sainsburys.co.uk/gol-ui/product/sainsburys-lemon-coriander-houmous-200g,,2024-08-20T12:33:34.739466-04:00
66-95-DAI,Sainsbury's Egg & Bacon Deli Filler 220g,Sainsbury's,"Dairy, eggs & chilled","Cooked meats, olives & dips",Sandwich fillers,,£2.00,,,91p / 100g,7467148.0,Chopped hardboiled egg and smoked cooked bacon in a seasoned mayonnaise,,https://assets.sainsburys-groceries.co.uk/gol/7467148/1/640x640.jpg,,,https://www.sainsburys.co.uk/gol-ui/product/sainsburys-egg---bacon-deli-filler-230g,,2024-08-20T12:33:56.939471-04:00
66-96-DAI,Sainsbury's Italian Chargrilled Artichokes 140g,Sainsbury's,"Dairy, eggs & chilled","Cooked meats, olives & dips","Olives, antipasti, tapas & mezze",,£3.00,,,£2.14 / 100g,7967196.0,"Chargrilled artichokes in a garlic, thyme and red pepper dressing",,https://assets.sainsburys-groceries.co.uk/gol/7967196/1/640x640.jpg,,,https://www.sainsburys.co.uk/gol-ui/product/sainsburys-italian-chargrilled-artichokes-140g,,2024-08-20T12:34:19.648226-04:00
66-97-DAI,Vadasz Garlic & Dill Sauerkraut 400g,Vadasz,"Dairy, eggs & chilled","Cooked meats, olives & dips","Olives, antipasti, tapas & mezze",,£4.50,,£3.50,£1.13 / 100g,8058156.0,Fermented Cabbage with sliced Cucumber,,https://assets.sainsburys-groceries.co.uk/gol/8058156/1/640x640.jpg,,"White Cabbage, Cucumber, Sea Salt, Dill, Garlic, Black Peppercorns, Caraway Seeds",https://www.sainsburys.co.uk/gol-ui/product/vadasz-super-beet-kimchi-400g,,2024-08-20T12:34:28.019204-04:00
66-98-DAI,"Sainsbury's Double Stuffed Halkidiki Olives with Jalapeño & Garlic, Taste the Difference 160g",Sainsbury's,"Dairy, eggs & chilled","Cooked meats, olives & dips","Olives, antipasti, tapas & mezze",,£3.50,,£2.30,£2.19 / 100g,7967229.0,Halkidiki olives stuffed with pickled garlic and a jalapeno strip in vegetable oil,,https://assets.sainsburys-groceries.co.uk/gol/7967229/1/640x640.jpg,,,https://www.sainsburys.co.uk/gol-ui/product/sainsburys-double-stuffed-halkidiki-olives-with-jalape%C3%B1o-garlic-taste-the-difference-160g,,2024-08-20T12:34:44.371623-04:00
66-99-DAI,Sainsbury's Lemon & Herb Queen Green Olives 280g,Sainsbury's,"Dairy, eggs & chilled","Cooked meats, olives & dips","Olives, antipasti, tapas & mezze",,£4.25,,£3.50,£1.52 / 100g,8057198.0,Pitted green olives in a lemon and coriander dressing,,https://assets.sainsburys-groceries.co.uk/gol/8057198/1/640x640.jpg,,,https://www.sainsburys.co.uk/gol-ui/product/sainsburys-lemon-herb-queen-green-olives-300g,,2024-08-20T12:35:00.793057-04:00
66-100-DAI,Sainsbury's Ricotta Stuffed Cherry Peppers 145g,Sainsbury's,"Dairy, eggs & chilled","Cooked meats, olives & dips","Olives, antipasti, tapas & mezze",,£3.00,,,£2.07 / 100g,7967198.0,Ricotta stuffed cherry peppers with garlic and parsley in sunflower oil,,https://assets.sainsburys-groceries.co.uk/gol/7967198/1/640x640.jpg,,,https://www.sainsburys.co.uk/gol-ui/product/sainsburys-summer-edition-ricotta-stuffed-cherry-peppers-145g,,2024-08-20T12:35:22.217525-04:00
66-101-DAI,Sainsbury's Mixed Olives & Greek Feta 285g,Sainsbury's,"Dairy, eggs & chilled","Cooked meats, olives & dips","Olives, antipasti, tapas & mezze",,£4.25,,£3.50,£1.49 / 100g,7874764.0,Pitted black and green olives with feta cheese in a parsley dressing,,https://assets.sainsburys-groceries.co.uk/gol/7874764/1/640x640.jpg,,,https://www.sainsburys.co.uk/gol-ui/product/sainsburys-mixed-olives---greek-feta-300g,,2024-08-20T12:35:38.730949-04:00
66-102-DAI,Sainsbury's Tuna & Sweetcorn Deli Filler 385g,Sainsbury's,"Dairy, eggs & chilled","Cooked meats, olives & dips",Sandwich fillers,,£2.80,,,73p / 100g,6772670.0,Tuna and sweetcorn in a seasoned mayonnaise,,https://assets.sainsburys-groceries.co.uk/gol/6772670/1/640x640.jpg,,,https://www.sainsburys.co.uk/gol-ui/product/sainsburys-deli-filler-tuna---sweetcorn-sandwich-filler-400g,,2024-08-20T12:36:00.071769-04:00
66-103-DAI,"Sainsbury's Dinky Chorizo Pork Pies Summer Edition, Taste the Difference x8 200g",Sainsbury's,"Dairy, eggs & chilled","Cooked meats, olives & dips","Olives, antipasti, tapas & mezze",,£3.50,,£2.30,£1.75 / 100g,8181717.0,British pork and Spanish chorizo filling encased in hot water crust pastry,,https://assets.sainsburys-groceries.co.uk/gol/8181717/1/640x640.jpg,,,https://www.sainsburys.co.uk/gol-ui/product/sainsburys-dinky-chorizo-pork-pies-summer-edition-taste-the-difference-x8-200g,,2024-08-20T12:36:16.685839-04:00
66-104-DAI,"Sainsbury's Red Pepper Houmous, Be Good To Yourself 200g",Sainsbury's,"Dairy, eggs & chilled","Cooked meats, olives & dips","Houmous, guacamole & flavoured dips",,£1.45,,,73p / 100g,6304368.0,"A dip made with chickpeas, roasted red pepper and tahini sesame seed paste*30% less fat than by Sainsbury's standard roasted red pepper houmous",,https://assets.sainsburys-groceries.co.uk/gol/6304368/1/640x640.jpg,,,https://www.sainsburys.co.uk/gol-ui/product/sainsburys-red-pepper-houmous--be-good-to-yourself-200g,,2024-08-20T12:36:38.615047-04:00
66-105-DAI,"Sainsbury's Salami Riserva Dry Cured Slices, Taste the Difference x25 80g",Sainsbury's,"Dairy, eggs & chilled","Cooked meats, olives & dips",Cooked meats,,£3.00,,£2.75,£3.75 / 100g,8153099.0,"Sliced, fermented pork sausage with garlic and pepper.",,https://assets.sainsburys-groceries.co.uk/gol/8153099/1/640x640.jpg,,,https://www.sainsburys.co.uk/gol-ui/product/sainsburys-salami-riserva-dry-cured-taste-the-difference-80g,,2024-08-20T12:36:55.847281-04:00
66-106-DAI,"Sainsbury's Wiltshire Cured Ham Slices, Taste the Difference x4 120g",Sainsbury's,"Dairy, eggs & chilled","Cooked meats, olives & dips",Cooked meats,,£3.25,,,£2.71 / 100g,8199028.0,"Formed, Wiltshire cured and cooked ham slices",,https://assets.sainsburys-groceries.co.uk/gol/8199028/1/640x640.jpg,"Nutrient	per 100g	per slice
Energy kJ	502	151
Energy kcal	119	36
Fat	2.9g	0.9g
saturates	1.0g	0.3g
-mono-unsaturates	1.2g	0.4g
-polyunsaturates	0.5g	0.2g
Carbohydrate	0.9g	<0.5g
-sugars	<0.5g	<0.5g
Fibre	0.9g	<0.5g
Protein	21.9g	6.6g
Salt	2.61g	0.78g","British Pork, Salt, Preservative: Sodium Nitrite, Potassium Nitrate",https://www.sainsburys.co.uk/gol-ui/product/sainsburys-wiltshire-cured-ham-slices-taste-the-difference-x4-120g,,2024-08-20T12:37:09.128354-04:00
66-107-DAI,"Sainsbury's Lamb & Chicken Koftas Summer Edition, Taste the Difference 152g",Sainsbury's,"Dairy, eggs & chilled","Cooked meats, olives & dips","Olives, antipasti, tapas & mezze",,£3.50,,£2.30,£2.30 / 100g,8182040.0,"Koftas made with lamb, British chicken, currants and harissa paste",,https://assets.sainsburys-groceries.co.uk/gol/8182040/1/640x640.jpg,,,https://www.sainsburys.co.uk/gol-ui/product/sainsburys-lamb-chicken-koftas-summer-edition-taste-the-difference-152g,,2024-08-20T12:37:26.152040-04:00
66-108-DAI,Sabra Mezze Baba Ganoush 200g,Sabra,"Dairy, eggs & chilled","Cooked meats, olives & dips","Houmous, guacamole & flavoured dips",,£2.50,,,£1.25 / 100g,7697359.0,Dip/salad of grilled aubergines and sesame seed paste.,30 g,https://assets.sainsburys-groceries.co.uk/gol/7697359/1/640x640.jpg,"Nutrient	Per 100g	Per 30g serving	% RI* per 30g
Energy (kJ/kcal)	914/ 221	274/ 66	3%
Fat (g)	20	6.0	9%
- Of which saturates (g)	1.6	0.5	2%
Carbohydrate (g)	6.6	2.0	<1%
- Of which sugars (g)	1.0	0.3	<1%
Protein (g)	3.4	1.0	2%
Salt (g)	1.1	0.3	5%","Aubergines (44%), Water, Sesame Seed Paste (14%), Rapeseed Oil, Cooked Chickpeas (Water, Chickpeas, Acidity Regulator (Sodium Carbonate)), Sugar, Salt, Dried Garlic Flakes, Acid (Citric Acid), Preservative (Potassium Sorbate), Stabilizers (Xanthan Gum, Guar Gum), Dried Parsley, Modified Starch (E1422)",https://www.sainsburys.co.uk/gol-ui/product/sabra-mezze-baba-ganoush-200g,,2024-08-20T12:37:41.366924-04:00
66-109-DAI,Sainsbury's Rich Vegan Deli-Style Coleslaw 300g,Sainsbury's,"Dairy, eggs & chilled","Cooked meats, olives & dips",Coleslaw & salads,,£1.30,,,43p / 100g,7990635.0,"Shredded cabbage, carrot and onion in a vegan mayo dressing",,https://assets.sainsburys-groceries.co.uk/gol/7990635/1/640x640.jpg,,,https://www.sainsburys.co.uk/gol-ui/product/sainsburys-vegan-coleslaw-300g,,2024-08-20T12:38:05.225998-04:00
66-110-DAI,Sainsbury's On the Go Free Range Egg Protein Pot Meal Snack 90g,Sainsbury's,"Dairy, eggs & chilled","Cooked meats, olives & dips",Coleslaw & salads,,£1.30,,,£1.44 / 100g,8053895.0,Free range hard boiled eggs,,https://assets.sainsburys-groceries.co.uk/gol/8053895/1/640x640.jpg,,,https://www.sainsburys.co.uk/gol-ui/product/sainsburys-on-the-go-free-range-egg-protein-pot-meal-snack-90g,,2024-08-20T12:38:27.445947-04:00
66-111-DAI,Sabra Houmous Extra 350g,Sabra,"Dairy, eggs & chilled","Cooked meats, olives & dips","Houmous, guacamole & flavoured dips",,£3.70,,,£1.06 / 100g,8065483.0,"A dip made with chickpeas, sesame seed paste and pine nuts.",,https://assets.sainsburys-groceries.co.uk/gol/8065483/1/640x640.jpg,"Nutrient	per 100g	Per (30 g) serving	% RI* Per 30g
Energy (kJ/kcal)	1546/ 368	464/ 110	6%
Fat (g)	32	9.6	14%
of which saturates (g)	3.0	0.9	5%
Carbohydrate (g)	13	3.9	1%
of which sugars (g)	0.5	0.2	0.2%
Protein (g)	7.0	2.1	4%
Salt (g)	1.0	0.3	5%","Cooked Chickpeas (51%), (Water, Chickpeas, Acidity Regulator [Sodium Bicarbonate]), Rapeseed Oil, Sesame Seed Paste (14%), Water, Baked Pine Nuts (1.7%), Salt, Acidity Regulator (Citric Acid), Granulated Garlic, Preservative (Potassium Sorbate), Olive Oil, Ground Paprika",https://www.sainsburys.co.uk/gol-ui/product/sabra-mezze-red-cabbage-salad-200g,,2024-08-20T12:38:41.378615-04:00
66-112-DAI,Sainsbury's Tomato & Basil Pasta 470g,Sainsbury's,"Dairy, eggs & chilled","Cooked meats, olives & dips",Coleslaw & salads,,£3.00,,,64p / 100g,7912812.0,Cooked pasta with onion in a tomato and basil dressing,,https://assets.sainsburys-groceries.co.uk/gol/7912812/1/640x640.jpg,,,https://www.sainsburys.co.uk/gol-ui/product/sainsburys-tomato-basil-pasta-500g,,2024-08-20T12:39:03.185792-04:00
66-113-DAI,"Sainsbury's Fire Roasted Red Pepper Dip Summer Edition, Taste the Difference 170g",Sainsbury's,"Dairy, eggs & chilled","Cooked meats, olives & dips","Houmous, guacamole & flavoured dips",,£2.50,,£1.65,£1.47 / 100g,8150175.0,"A tomato, fire roasted red pepper, chickpea and jalapeño chilli dip topped with chillies in oil",,https://assets.sainsburys-groceries.co.uk/gol/8150175/1/640x640.jpg,,,https://www.sainsburys.co.uk/gol-ui/product/sainsburys-fire-roasted-red-pepper-dip-summer-edition-taste-the-difference-170g,,2024-08-20T12:39:20.094558-04:00
66-114-DAI,"Sainsbury's Mexican Style Corn Fritters Summer Edition, Taste the Difference 150g",Sainsbury's,"Dairy, eggs & chilled","Cooked meats, olives & dips","Olives, antipasti, tapas & mezze",,£3.50,,£2.30,£2.33 / 100g,8182026.0,"Fried fritters made with sweetcorn, red pepper, jalapeño pepper and onion",,https://assets.sainsburys-groceries.co.uk/gol/8182026/1/640x640.jpg,,,https://www.sainsburys.co.uk/gol-ui/product/sainsburys-mexican-style-corn-fritters-summer-edition-taste-the-difference-150g,,2024-08-20T12:39:37.030062-04:00
66-115-DAI,Sainsbury's Sliced Black Olives 100g,Sainsbury's,"Dairy, eggs & chilled","Cooked meats, olives & dips","Olives, antipasti, tapas & mezze",,£1.60,,,£1.60 / 100g,8057192.0,Sliced black olives with vegetable oil,,https://assets.sainsburys-groceries.co.uk/gol/8057192/1/640x640.jpg,,,https://www.sainsburys.co.uk/gol-ui/product/sainsburys-sliced-black-olives-100g,,2024-08-20T12:39:58.787248-04:00
66-116-DAI,"Sainsbury's Dinky Sausage Rolls, Taste the Difference Summer Edition x8 120g",Sainsbury's,"Dairy, eggs & chilled","Cooked meats, olives & dips","Olives, antipasti, tapas & mezze",,£3.50,,£2.30,£2.92 / 100g,8181715.0,All butter puff pastry with a seasoned pork filling,,https://assets.sainsburys-groceries.co.uk/gol/8181715/1/640x640.jpg,,,https://www.sainsburys.co.uk/gol-ui/product/sainsburys-dinky-sausage-rolls-taste-the-difference-summer-edition-x8-120g,,2024-08-20T12:40:16.046872-04:00
66-117-DAI,"Sainsbury's Smoky Bean Salad, Taste the Difference 250g",Sainsbury's,"Dairy, eggs & chilled","Cooked meats, olives & dips",Coleslaw & salads,,£2.70,,,£1.08 / 100g,8104538.0,"Black eyed beans, sweetcorn, black turtle beans, red kidney beans, butter beans and red pepper in a red chilli, paprika and sundried tomato dressing.",,https://assets.sainsburys-groceries.co.uk/gol/8104538/1/640x640.jpg,,,https://www.sainsburys.co.uk/gol-ui/product/sainsburys-smoky-bean-salad-taste-the-difference-250g,,2024-08-20T12:40:37.553418-04:00
66-118-DAI,Holy Moly Minis Guacamole Original 3x57g,Holy,"Dairy, eggs & chilled","Cooked meats, olives & dips","Houmous, guacamole & flavoured dips",,£2.70,3 for £2.70,£2.00,£1.58 / 100g,8151065.0,"Guacamole dip made with avocado, tomato, red onion and jalapeño chilli.",,https://assets.sainsburys-groceries.co.uk/gol/8151065/1/640x640.jpg,"Nutrient	Per 100g
Energy	591kJ/ 144kcal
Fat	13g
of which saturates	3.5g
Carbohydrate	2.5g
of which sugars	<0.5g
Fibre	6.0g
Protein	1.6g
Salt	0.74g","Avocado (87%), Tomato (5%), Red Onion (4%), Lime Juice from Concentrate, Jalapeño Chilli, Salt, Coriander, Garlic Purée",https://www.sainsburys.co.uk/gol-ui/product/holy-moly-minis-guacamole-original-3x57g,3x57g,2024-08-20T12:40:46.971751-04:00
66-119-DAI,"Sainsbury's Romesco Olives, Taste the Difference 160g",Sainsbury's,"Dairy, eggs & chilled","Cooked meats, olives & dips","Olives, antipasti, tapas & mezze",,£3.50,,£2.30,£2.19 / 100g,8181868.0,Pitted Gordal olives in a vegetable oil and red pepper dressing on a tomato and red pepper sauce,,https://assets.sainsburys-groceries.co.uk/gol/8181868/1/640x640.jpg,,,https://www.sainsburys.co.uk/gol-ui/product/sainsburys-romesco-olives-taste-the-difference-160g,,2024-08-20T12:41:04.431873-04:00
66-120-DAI,"Sainsbury's Soured Cream & Chive Dip, Be Good To Yourself 200g",Sainsbury's,"Dairy, eggs & chilled","Cooked meats, olives & dips","Houmous, guacamole & flavoured dips",,£1.45,,,73p / 100g,6661111.0,"A dip made with reduced fat soured cream, mayonnaise and chive*30% less fat than by Sainsbury's soured cream and chive dip",,https://assets.sainsburys-groceries.co.uk/gol/6661111/1/640x640.jpg,,,https://www.sainsburys.co.uk/gol-ui/product/sainsburys-sour-cream---chive-dip--be-good-to-yourself-230g,,2024-08-20T12:41:27.818094-04:00
66-121-DAI,"Sainsbury's Bang Bang Noodle Salad, Taste the Difference 185g",Sainsbury's,"Dairy, eggs & chilled","Cooked meats, olives & dips",Coleslaw & salads,,£2.70,,£1.80,£1.46 / 100g,8181691.0,"A coconut, chilli, lemongrass and lime leaf dressing topped with cooked rice noodles and a salad of red cabbage, edamame soya beans, carrot and spring onion",,https://assets.sainsburys-groceries.co.uk/gol/8181691/1/640x640.jpg,,,https://www.sainsburys.co.uk/gol-ui/product/sainsburys-bang-bang-noodle-salad-taste-the-difference-185g,,2024-08-20T12:41:46.083657-04:00
66-122-DAI,"Sainsbury's Middle Eastern Inspired Domat Olives, Taste the Difference 160g",Sainsbury's,"Dairy, eggs & chilled","Cooked meats, olives & dips","Olives, antipasti, tapas & mezze",,£3.50,,£2.30,£2.19 / 100g,8108983.0,"Pitted Domat olives with a cumin seed, coriander and red pepper dressing.",,https://assets.sainsburys-groceries.co.uk/gol/8108983/1/640x640.jpg,,,https://www.sainsburys.co.uk/gol-ui/product/sainsburys-summer-edition-middle-eastern-inspired-domat-olives-taste-the-difference-160g,,2024-08-20T12:42:02.657376-04:00
66-123-DAI,Holy Moly Minis Smashed Avocado 3x57g,Holy,"Dairy, eggs & chilled","Cooked meats, olives & dips","Houmous, guacamole & flavoured dips",,£2.70,3 for £2.70,£2.00,£1.58 / 100g,8184875.0,Avocado dip made with tomato and lime.,,https://assets.sainsburys-groceries.co.uk/gol/8184875/1/640x640.jpg,"Nutrient	Per 100g
Energy	646kJ/ 157kcal
Fat	14g
of which saturates	3.8g
Carbohydrate	2.1g
of which sugars	<0.5g
Fibre	6.4g
Protein	2.2g
Salt	0.69g","Avocado (93%), Tomato (5%), Lime Juice from Concentrate, Salt, Black Pepper",https://www.sainsburys.co.uk/gol-ui/product/holy-moly-minis-smashed-avocado-3x57g,3x57g,2024-08-20T12:42:11.091625-04:00
66-124-DAI,"Sainsbury's Pesto Pasta, Taste the Difference 400g",Sainsbury's,"Dairy, eggs & chilled","Cooked meats, olives & dips",Coleslaw & salads,,£3.55,,,89p / 100g,7846260.0,"Cooked pasta, Regato medium fat hard cheese, pine nuts and Parmigiano Reggiano cheese",,https://assets.sainsburys-groceries.co.uk/gol/7846260/1/640x640.jpg,,,https://www.sainsburys.co.uk/gol-ui/product/sainsburys-pesto-pasta--taste-the-difference-400g,,2024-08-20T12:42:32.798316-04:00
66-125-DAI,Sainsbury's Cheese & Onion Deli Filler 385g,Sainsbury's,"Dairy, eggs & chilled","Cooked meats, olives & dips",Sandwich fillers,,£2.80,,,73p / 100g,7466511.0,"Red Leicester, Cheddar cheese, and white onion in a seasoned mayonnaise with chive",,https://assets.sainsburys-groceries.co.uk/gol/7466511/1/640x640.jpg,,,https://www.sainsburys.co.uk/gol-ui/product/sainsburys-cheese---onion-deli-filler-400g,,2024-08-20T12:42:55.178430-04:00
66-126-DAI,"Sainsbury's Hoisin Noodle Salad, Taste the Difference 185g",Sainsbury's,"Dairy, eggs & chilled","Cooked meats, olives & dips",Coleslaw & salads,,£2.70,,,£1.46 / 100g,8181693.0,"Hoisin sauce topped with cooked rice noodles and a salad of cucumber, red cabbage, edamame soya beans and spring onion.",,https://assets.sainsburys-groceries.co.uk/gol/8181693/1/640x640.jpg,,,https://www.sainsburys.co.uk/gol-ui/product/sainsburys-hoisin-noodle-salad-taste-the-difference-185g,,2024-08-20T12:43:17.694783-04:00
66-127-DAI,"Sainsbury's Moroccan Cous Cous, Taste the Difference 400g",Sainsbury's,"Dairy, eggs & chilled","Cooked meats, olives & dips",Coleslaw & salads,,£3.55,,,89p / 100g,7845995.0,"Couscous with chickpeas, dried cranberries, raisins and apricots in a spiced dressing",,https://assets.sainsburys-groceries.co.uk/gol/7845995/1/640x640.jpg,,,https://www.sainsburys.co.uk/gol-ui/product/sainsburys-moroccan-cous-cous--taste-the-difference-400g,,2024-08-20T12:43:39.818475-04:00
66-128-DAI,"Sainsbury's Feta & Honey Filo Straws Summer Edition, Taste the Difference 130g",Sainsbury's,"Dairy, eggs & chilled","Cooked meats, olives & dips","Olives, antipasti, tapas & mezze",,£3.50,,£2.30,£2.69 / 100g,8182030.0,"Filo pastry filled with feta cheese, full fat soft cheese and honey, topped with za'atar spice blend",,https://assets.sainsburys-groceries.co.uk/gol/8182030/1/640x640.jpg,,,https://www.sainsburys.co.uk/gol-ui/product/sainsburys-feta-honey-filo-straws-summer-edition-taste-the-difference-130g,,2024-08-20T12:43:57.076148-04:00
66-129-DAI,Unearthed Sage Thyme & Rosemary Queen Green Olives 380g,Unearthed,"Dairy, eggs & chilled","Cooked meats, olives & dips","Olives, antipasti, tapas & mezze",,£5.00,,,£1.46 / 100g,8164758.0,"Pitted green olives in a garlic, mixed herb and oil dressing.",,https://assets.sainsburys-groceries.co.uk/gol/8164758/1/640x640.jpg,,"Pitted Queen Green Olives (92%) (Olives, Salt, Acidity Regulators: Citric Acid, Lactic Acid; Antioxidant: Ascorbic Acid), Rapeseed Oil, Sage, Rosemary, Thyme, Garlic Puree (Garlic, Acidity Regulator: Citric Acid)",https://www.sainsburys.co.uk/gol-ui/product/unearthed-sage-thyme-rosemary-queen-green-olives-380g,,2024-08-20T12:44:10.591728-04:00
66-130-DAI,"Sainsbury's Sunsoaked Tomatoes & Mozzarella Pearls, Taste the Difference 180g",Sainsbury's,"Dairy, eggs & chilled","Cooked meats, olives & dips","Olives, antipasti, tapas & mezze",,£3.50,,£2.30,£1.94 / 100g,8184539.0,Mozzarella and semi-dried tomato segments in a basil and garlic dressing,,https://assets.sainsburys-groceries.co.uk/gol/8184539/1/640x640.jpg,,,https://www.sainsburys.co.uk/gol-ui/product/sainsburys-sunsoaked-tomatoes-mozzarella-pearls-taste-the-difference-180g,,2024-08-20T12:44:27.167088-04:00
66-131-DAI,"Sainsbury's Chargrilled Artichoke Antipasti, Taste the Difference160g",Sainsbury's,"Dairy, eggs & chilled","Cooked meats, olives & dips","Olives, antipasti, tapas & mezze",,£3.50,,£2.30,£2.19 / 100g,8149941.0,"Semi-dried tomato segments, chargrilled artichoke quarters and pitted Kalamata olives in a garlic and basil dressing.",,https://assets.sainsburys-groceries.co.uk/gol/8149941/1/640x640.jpg,,,https://www.sainsburys.co.uk/gol-ui/product/sainsburys-chargrilled-artichoke-antipasti-summer-edition-taste-the-difference160g,,2024-08-20T12:44:43.910448-04:00
66-132-DAI,"Sainsbury's Chicken & Chorizo Empanadas, Taste the Difference 108g",Sainsbury's,"Dairy, eggs & chilled","Cooked meats, olives & dips","Olives, antipasti, tapas & mezze",,£3.50,,£2.30,£3.24 / 100g,8182019.0,"Paprika pastry filled with chicken thigh, red pepper, chorizo and spices",,https://assets.sainsburys-groceries.co.uk/gol/8182019/1/640x640.jpg,,,https://www.sainsburys.co.uk/gol-ui/product/sainsburys-chicken-chorizo-empanadas-taste-the-difference-108g,,2024-08-20T12:45:00.563216-04:00
66-133-DAI,Unearthed Stuffed Green Peppers 150g,Unearthed,"Dairy, eggs & chilled","Cooked meats, olives & dips","Olives, antipasti, tapas & mezze",,£3.65,,,£2.43 / 100g,8151940.0,Green peppers stuffed with cream cheese.,,https://assets.sainsburys-groceries.co.uk/gol/8151940/1/640x640.jpg,,"Cream Cheese Filling (58%) (Milk, Onion Extract, Salt, Starch, Acidity Regulator: Lactic Acid, Preservative: Potassium Sorbate), Marinated Green Peppers (40%) (Green Peppers, Salt, Acidity Regulators: Acetic Acid, Citric Acid; Antioxidant: Sodium Metabisulphite), Rapeseed Oil",https://www.sainsburys.co.uk/gol-ui/product/unearthed-stuffed-green-peppers-150g,,2024-08-20T12:45:13.678795-04:00
66-134-DAI,"Sainsbury's Mozzarella Pearls with Pesto Summer Edition, Taste the Difference 160g",Sainsbury's,"Dairy, eggs & chilled","Cooked meats, olives & dips","Olives, antipasti, tapas & mezze",,£3.50,,£2.30,£2.19 / 100g,8182034.0,Mozzarella pearls with a spinach and basil dressing,,https://assets.sainsburys-groceries.co.uk/gol/8182034/1/640x640.jpg,,,https://www.sainsburys.co.uk/gol-ui/product/sainsburys-mozzarella-pearls-with-pesto-summer-edition-taste-the-difference-160g,,2024-08-20T12:45:30.159033-04:00
66-135-DAI,"Sainsbury's Dinky Tomato, Cheddar & Smoked Ham Pinwheels Summer Edition, Taste the Difference x8 88g",Sainsbury's,"Dairy, eggs & chilled","Cooked meats, olives & dips","Olives, antipasti, tapas & mezze",,£3.50,,£2.30,£3.98 / 100g,8181736.0,"Smoked ham, extra mature Cheddar cheese and tomato paste wrapped in a butter enriched puff pastry.",,https://assets.sainsburys-groceries.co.uk/gol/8181736/1/640x640.jpg,,,https://www.sainsburys.co.uk/gol-ui/product/sainsburys-dinky-tomato-cheddar-smoked-ham-pinwheels-summer-edition-taste-the-difference-x8-88g,,2024-08-20T12:45:46.969275-04:00
66-136-DAI,Unearthed Spanish Omelette with Chorizo 250g,Unearthed,"Dairy, eggs & chilled","Cooked meats, olives & dips","Olives, antipasti, tapas & mezze",,£3.25,,,£1.30 / 100g,8151902.0,Cooked Spanish Omelette with Potato & Chorizo,,https://assets.sainsburys-groceries.co.uk/gol/8151902/1/640x640.jpg,,"Potato (43%), Free Range Egg (26%) (Free Range Egg, Salt), Chorizo (20%) (Pork, Pork Fat, Paprika, Salt, Garlic, Cayenne Pepper), Sunflower Oil, Fried Onion (Onion, Olive Oil, Salt), Olive Oil",https://www.sainsburys.co.uk/gol-ui/product/unearthed-spanish-omelette-with-chorizo-250g,,2024-08-20T12:46:00.313723-04:00
66-137-DAI,Sainsbury's Garlic & Herb Green Olives 265g,Sainsbury's,"Dairy, eggs & chilled","Cooked meats, olives & dips","Olives, antipasti, tapas & mezze",,£4.25,,£3.50,£1.60 / 100g,8152190.0,"Pitted green olives in a parsley, basil and garlic dressing",,https://assets.sainsburys-groceries.co.uk/gol/8152190/1/640x640.jpg,,,https://www.sainsburys.co.uk/gol-ui/product/sainsburys-garlic-herb-green-olives-265g,,2024-08-20T12:46:16.897408-04:00
66-138-DAI,Holy Moly Smoky Red Pepper & Tomato Salsa 150g,Holy,"Dairy, eggs & chilled","Cooked meats, olives & dips","Houmous, guacamole & flavoured dips",,£2.20,,,£1.47 / 100g,8083332.0,A smoky tomato dip with red peppers and onion.,,https://assets.sainsburys-groceries.co.uk/gol/8083332/1/640x640.jpg,"Nutrient	Per 100g:
Energy	238kJ/ 56kcal
Fat	<0.1g
of which saturates	<0.1g
Carbohydrate	11g
of which sugars	9.8g
Fibre	2.6g
Protein	1.8g
Salt	0.38g","Tomato (40%), Roasted Red Pepper (17%), Onion (13%), Tomato Purée, Water, Demerara Sugar, Lime Juice from Concentrate, Garlic, Salt, Smoked Paprika, Chipotle Chilli Powder, Cumin, Cinnamon",https://www.sainsburys.co.uk/gol-ui/product/holy-moly-smoky-red-pepper-tomato-salsa-170g,,2024-08-20T12:46:30.599509-04:00
66-139-DAI,"Sainsbury's Tomato & Mozzarella Pastries Summer Edition, Taste the Difference 100g",Sainsbury's,"Dairy, eggs & chilled","Cooked meats, olives & dips","Olives, antipasti, tapas & mezze",,£3.50,,£2.30,£3.50 / 100g,8182021.0,Basil and oregano pastry filled with a tomato and mozzarella cheese sauce,,https://assets.sainsburys-groceries.co.uk/gol/8182021/1/640x640.jpg,,,https://www.sainsburys.co.uk/gol-ui/product/sainsburys-tomato-mozzarella-pastries-summer-edition-taste-the-difference-100g,,2024-08-20T12:46:47.138181-04:00
66-140-DAI,Sainsbury's Seafood Cocktail Deli Filler 220g,Sainsbury's,"Dairy, eggs & chilled","Cooked meats, olives & dips",New,,£2.00,,,91p / 100g,8190680.0,"Surimi, prawns and parsley in a seasoned tomato mayonnaise",,"data:image/svg+xml;base64,PD94bWwgdmVyc2lvbj0iMS4wIiBlbmNvZGluZz0iVVRGLTgiPz4KPHN2ZyB3aWR0aD0iMTQwIiBoZWlnaHQ9IjE0MCIgdmlld0JveD0iMCAwIDE0MCAxNDAiIHZlcnNpb249IjEuMSIgeG1sbnM9Imh0dHA6Ly93d3cudzMub3JnLzIwMDAvc3ZnIiB4bWxuczp4bGluaz0iaHR0cDovL3d3dy53My5vcmcvMTk5OS94bGluayI+CiAgICA8IS0tIEdlbmVyYXRvcjogU2tldGNoIDUyLjUgKDY3NDY5KSAtIGh0dHA6Ly93d3cuYm9oZW1pYW5jb2RpbmcuY29tL3NrZXRjaCAtLT4KICAgIDx0aXRsZT5uby1pbWFnZTwvdGl0bGU+CiAgICA8ZGVzYz5DcmVhdGVkIHdpdGggU2tldGNoLjwvZGVzYz4KICAgIDxnIGlkPSJuby1pbWFnZSIgc3Ryb2tlPSJub25lIiBzdHJva2Utd2lkdGg9IjEiIGZpbGw9Im5vbmUiIGZpbGwtcnVsZT0iZXZlbm9kZCI+CiAgICAgICAgPHJlY3QgZmlsbD0iI0ZGRkZGRiIgeD0iMCIgeT0iMCIgd2lkdGg9IjE0MCIgaGVpZ2h0PSIxNDAiPjwvcmVjdD4KICAgICAgICA8ZyBpZD0iR3JvdXAtNSIgdHJhbnNmb3JtPSJ0cmFuc2xhdGUoNy4wMDAwMDAsIDIyLjAwMDAwMCkiPgogICAgICAgICAgICA8ZWxsaXBzZSBpZD0iT3ZhbCIgZmlsbD0iI0I3QjdCOCIgZmlsbC1ydWxlPSJub256ZXJvIiBjeD0iNjkuODY5MTg2IiBjeT0iNzguNzYwNTYzNCIgcng9IjQ1LjEzMDgxNCIgcnk9IjUuMDcwNDIyNTQiPjwvZWxsaXBzZT4KICAgICAgICAgICAgPGcgaWQ9Ikdyb3VwLTQiIHRyYW5zZm9ybT0idHJhbnNsYXRlKDY0LjE4NjA0NywgMTAuODE2OTAxKSIgZmlsbC1ydWxlPSJub256ZXJvIj4KICAgICAgICAgICAgICAgIDxwYXRoIGQ9Ik0yMC4wNTgxMzk1LDY3LjYwNTYzMzggQzMxLjEzNTk0NDEsNjcuNjA1NjMzOCA0MC4xMTYyNzkxLDY0LjE3OTM3MDUgNDAuMTE2Mjc5MSw0OS4wNTc2NTg1IEM0MC4xMTYyNzkxLDQzLjE5NTQ0IDM1LjM0Nzk3ODUsMzYuMzQzOTQzMyAzMy4yMjI1OTk1LDMwLjI2NDExMDQgQzI5Ljg2NTUyLDIwLjY2MDg5MDQgMjcuNjgyOTUyMSwxMi44NDUwNzA0IDIwLjA1ODEzOTUsMTIuODQ1MDcwNCBDMTIuNDU3NzM5NywxMi44NDUwNzA0IDEwLjQ5Mzk2NzksMjAuNzAyNTIxNiA3LjEzMjAwMDU5LDMwLjI2NDExMDQgQzQuOTg1ODkxNTYsMzYuMzY3NzQyNyAyLjg0MjE3MDk0ZS0xNCw0My4xNjU3OTM0IDIuODQyMTcwOTRlLTE0LDQ5LjA1NzY1ODUgQzIuODQyMTcwOTRlLTE0LDY0LjE3OTM3MDUgOC45ODAzMzQ5Niw2Ny42MDU2MzM4IDIwLjA1ODEzOTUsNjcuNjA1NjMzOCBaIiBpZD0iT3ZhbCIgZmlsbD0iI0Q4RDhEOCI+PC9wYXRoPgogICAgICAgICAgICAgICAgPHBhdGggZD0iTTE2LjcxNTExNjMsMi4wMjgxNjkwMSBDMTguOTI5ODY5Miw0LjI4MDM2MzA2IDIwLjAzNzI0NTYsOC4zMDkxOTIyOSAyMC4wMzcyNDU2LDE0LjExNDY1NjciIGlkPSJQYXRoIiBzdHJva2U9IiM5Nzk3OTciIHN0cm9rZS13aWR0aD0iMS4zNDc4Mzk5MyIgc3Ryb2tlLWxpbmVjYXA9InJvdW5kIiBzdHJva2UtbGluZWpvaW49InJvdW5kIj48L3BhdGg+CiAgICAgICAgICAgICAgICA8cGF0aCBkPSJNMTAuODYwMDkyOSw4LjkyMzExMzQ5IEMxMy4xODAwOTQ3LDguOTI3NTMzNzYgMTUuOTgwMzAyLDcuNjc3OTU0IDE5LjI2MDcxNDgsNS4xNzQzNzQxOSBDMTUuNzM3NTQ0NiwyLjcxMTQwMDczIDEyLjkzMjY1NTQsMS40Nzc5MjYyIDEwLjg0NjA0NzIsMS40NzM5NTA2MSBDNy43MTYxMzQ4MiwxLjQ2Nzk4NzIyIDEuODM4NTc0NjksMy40OTE5NzQyNyAxLjg0MjAyMjczLDUuMzIwNjQyNDkgQzEuODQ1NDcwNzgsNy4xNDkzMTA3MiA3LjM4MDA5MDIyLDguOTE2NDgzMDggMTAuODYwMDkyOSw4LjkyMzExMzQ5IFoiIGlkPSJPdmFsIiBmaWxsPSIjOTM5MzkzIiB0cmFuc2Zvcm09InRyYW5zbGF0ZSgxMC41NTEzNjgsIDUuMTk4NTMxKSByb3RhdGUoMTAuMDAwMDAwKSB0cmFuc2xhdGUoLTEwLjU1MTM2OCwgLTUuMTk4NTMxKSAiPjwvcGF0aD4KICAgICAgICAgICAgPC9nPgogICAgICAgICAgICA8ZyBpZD0iR3JvdXAtMiIgdHJhbnNmb3JtPSJ0cmFuc2xhdGUoNDguNzQwMDIxLCA0Ny44NjY2NDkpIHJvdGF0ZSg0MC4wMDAwMDApIHRyYW5zbGF0ZSgtNDguNzQwMDIxLCAtNDcuODY2NjQ5KSB0cmFuc2xhdGUoOC45NTgwNDQsIDE5LjEzNDI1NSkiPgogICAgICAgICAgICAgICAgPHBhdGggZD0iTTM5Ljc4MTk3NjcsNTYuNDUwNzA0MiBDNjEuNzUyOTU1OCw1Ni40NTA3MDQyIDc5LjU2Mzk1MzUsMzguNDQxMjAwNiA3OS41NjM5NTM1LDE2LjIyNTM1MjEgTDAsMTYuMjI1MzUyMSBDMCwzOC40NDEyMDA2IDE3LjgxMDk5NzcsNTYuNDUwNzA0MiAzOS43ODE5NzY3LDU2LjQ1MDcwNDIgWiIgaWQ9Ik92YWwiIHN0cm9rZT0iIzgzODM4MyIgc3Ryb2tlLXdpZHRoPSIxLjM0NzgzOTkzIiBmaWxsPSIjODM4MzgzIiBmaWxsLXJ1bGU9Im5vbnplcm8iIHN0cm9rZS1saW5lY2FwPSJyb3VuZCIgc3Ryb2tlLWxpbmVqb2luPSJyb3VuZCI+PC9wYXRoPgogICAgICAgICAgICAgICAgPHBhdGggZD0iTTM5Ljc4MTk3NjcsNTEuNzE4MzA5OSBDNTkuNTM3Mzk0OSw1MS43MTgzMDk5IDc1LjU1MjMyNTYsMzUuNTI0ODkwNyA3NS41NTIzMjU2LDE1LjU0OTI5NTggTDQuMDExNjI3OTEsMTUuNTQ5Mjk1OCBDNC4wMTE2Mjc5MSwzNS41MjQ4OTA3IDIwLjAyNjU1ODYsNTEuNzE4MzA5OSAzOS43ODE5NzY3LDUxLjcxODMwOTkgWiIgaWQ9Ik92YWwtQ29weSIgZmlsbD0iI0M2QzZDNiIgZmlsbC1ydWxlPSJub256ZXJvIj48L3BhdGg+CiAgICAgICAgICAgICAgICA8cGF0aCBkPSJNMzkuNzgxOTc2Nyw1MC4zNjYxOTcyIEM1OC43OTg4NzQ2LDUwLjM2NjE5NzIgNzQuMjE1MTE2MywzNC43NzgxMzk1IDc0LjIxNTExNjMsMTUuNTQ5Mjk1OCBMNS4zNDg4MzcyMSwxNS41NDkyOTU4IEM1LjM0ODgzNzIxLDM0Ljc3ODEzOTUgMjAuNzY1MDc4OSw1MC4zNjYxOTcyIDM5Ljc4MTk3NjcsNTAuMzY2MTk3MiBaIiBpZD0iT3ZhbC1Db3B5LTIiIGZpbGw9IiNCMUIxQjEiIGZpbGwtcnVsZT0ibm9uemVybyI+PC9wYXRoPgogICAgICAgICAgICAgICAgPGcgaWQ9Ikdyb3VwIiB0cmFuc2Zvcm09InRyYW5zbGF0ZSgzOS40NDc2NzQsIDI4LjczMjM5NCkgcm90YXRlKC00MC4wMDAwMDApIHRyYW5zbGF0ZSgtMzkuNDQ3Njc0LCAtMjguNzMyMzk0KSB0cmFuc2xhdGUoMTguNzIwOTMwLCA5LjQ2NDc4OSkiPgogICAgICAgICAgICAgICAgICAgIDxwYXRoIGQ9Ik0xNy4yNTEzMTMzLDIzLjA0MDQ5OTIgQzE3LjIyNjg4NTQsMjQuODgyNzc4OCAxNi4zNjQ1MDQ4LDI1Ljg0NDY3NjkgMTUuMTE3OTM5MiwyNi40MzUzMDMxIEMxNC42NTA4NDcyLDI2LjY1NjEzOTUgMTQuMTExMjExNiwyNi4xODQwODMyIDE0LjIxOTI4NjgsMjUuNjQwODg0OSBDMTQuNTA1NzYsMjQuMTk5NTE5OCAxNS40MzE4MDEzLDIzLjM0OTUyMiAxNy4yNTEzMTMzLDIzLjA0MDQ5OTIiIGlkPSJGaWxsLTIwIiBmaWxsPSIjNTA1MDUwIj48L3BhdGg+CiAgICAgICAgICAgICAgICAgICAgPHBhdGggZD0iTTkuNDk3MjE2MjYsMjUuMjgyNTA3NSBDOS4xNTgxODU5NCwyNy4yODE4OTIxIDguNjk4NDk2MzcsMjguNTA5MDkwNCA3LjE2MTc1NjMzLDI4Ljg4ODUxNCBDNi45MTE1NTQ5MiwyOC45NTAwMjIxIDYuMjgyMzUwMTksMjguNTY2MTUyMSA2LjI5NzE1NSwyOC40NDIzOTQ4IEM2LjQ4ODg3NzM5LDI2Ljc5NTAxNDUgNy42MjU4ODczNSwyNi4wMjEzNDYgOS40OTcyMTYyNiwyNS4yODI1MDc1IiBpZD0iRmlsbC0yMiIgZmlsbD0iIzUxNTE1MSI+PC9wYXRoPgogICAgICAgICAgICAgICAgICAgIDxwYXRoIGQ9Ik00MC44NTU1MjE4LDIzLjkxOTQ3MjYgQzQwLjA5OTczNTksMjUuNzU4Nzg3OSAzOS45MDY1MzMsMjcuMjQ2ODM5OSAzOC4wNjcwMzQ1LDI3LjM3MDU5NzIgQzM3Ljg0OTQwMzcsMjcuMzg0Njc3NCAzNy4zNjg5ODczLDI2LjkwMTUwNTEgMzcuNDAzNzc4NywyNi43Mjk1Nzg4IEMzNy43MDU3OTY5LDI1LjI1NjM0OCAzOC44NDcyNDgzLDI0LjYzMzg1NjEgNDAuODU1NTIxOCwyMy45MTk0NzI2IiBpZD0iRmlsbC0yNCIgZmlsbD0iIzUxNTE1MSI+PC9wYXRoPgogICAgICAgICAgICAgICAgICAgIDxwYXRoIGQ9Ik0zMi43NDI4NTIxLDI2LjI5MzE2NzUgQzMyLjEwODQ2NTYsMjguNDkwNDE1NiAzMS45MDcxMjAxLDI5Ljg2NTgyNjIgMzAuMTk4NjQ0MiwzMC4xODg5MjkxIEMyOS45ODk4OTYzLDMwLjIyODIwNTQgMjkuNDU2OTIyOSwyOS43NzI0NTI0IDI5LjQ3MTcyNzcsMjkuNTc0NTg4OSBDMjkuNTkyMzg2OSwyNy45MDA1MzA0IDMwLjkwNzc5NSwyNy40NzU5MDIxIDMyLjc0Mjg1MjEsMjYuMjkzMTY3NSIgaWQ9IkZpbGwtMjYiIGZpbGw9IiM1MTUxNTEiPjwvcGF0aD4KICAgICAgICAgICAgICAgICAgICA8cGF0aCBkPSJNMTIuNTcxNjU4NiwwLjA1MTY1MjAwNDMgQzEyLjE5NjM1NjUsMS44NDc5ODU3IDExLjg0MTA0MDksMy4wMDAzMzY3MyAxMC41MzM3NzU1LDMuNDYyNzU5MjYgQzEwLjM1MDE5NTgsMy41Mjc5NzI3IDkuNzc3MjQ5MzgsMy4xNDYzMjU4OSA5Ljc2OTEwNjczLDIuOTU1ODczMDIgQzkuNzAyNDg1MDUsMS4zNDI1ODE1OCAxMC43ODEwMTYsMC43MDg5NzM3ODEgMTIuNTcxNjU4NiwwLjA1MTY1MjAwNDMiIGlkPSJGaWxsLTI4IiBmaWxsPSIjNEU0RTRFIj48L3BhdGg+CiAgICAgICAgICAgICAgICAgICAgPHBhdGggZD0iTTM0LjAzMDM1MywxNy45NjQ1MjI2IEMzMy4zOTc0NDcxLDE5LjkyMTY2NjcgMzIuNjQ5MDYzNSwyMS4wMjQzNjY2IDMxLjA3OTc1MjksMjEuNDUxOTU5MyBDMzEuMjU0NDQ5OCwxOS40Mjk2MDE3IDMxLjI1NDQ0OTgsMTkuNDI5NjAxNyAzNC4wMzAzNTMsMTcuOTY0NTIyNiIgaWQ9IkZpbGwtMzAiIGZpbGw9IiM0RTRFNEUiPjwvcGF0aD4KICAgICAgICAgICAgICAgICAgICA8cGF0aCBkPSJNNC40OTQ4MTY1NSwzLjIzMjI4OTA2IEM0LjQ0MDc3ODk3LDQuOTQxOTE4NTMgMy44MDE5NTExLDYuMTQzMTc5NjMgMS45MTU4MTczOCw2LjU1NzQzMzE1IEMxLjY0MjY2ODUsNC4zOTg3MjAyNiAzLjQxOTI0NjU3LDQuMDYwMDU1MDQgNC40OTQ4MTY1NSwzLjIzMjI4OTA2IiBpZD0iRmlsbC0zMiIgZmlsbD0iIzRCNEM0QiI+PC9wYXRoPgogICAgICAgICAgICAgICAgICAgIDxwYXRoIGQ9Ik0xNi4zNzU1MzQ0LDkuNjg4MDQ4NTQgQzE2LjkwNTU0NjgsNy41NzA4MzUxIDE3Ljg2MDQ1NzUsNi42Njg5NjI5NSAxOS43MDI5MTcsNi4xNTM5MjUwMyBDMTkuMjg4MzgyMiw3Ljk4Mjg2NTQ0IDE4LjYzOTE5MDksOS4xNjQxMTc4OCAxNi4zNzU1MzQ0LDkuNjg4MDQ4NTQiIGlkPSJGaWxsLTM0IiBmaWxsPSIjNEQ0RTRFIj48L3BhdGg+CiAgICAgICAgICAgICAgICAgICAgPHBhdGggZD0iTTExLjcwODkwNzksOC42OTI1ODAyOCBDMTEuMjU1ODgwNSwxMC42NDE1NzI3IDEwLjY0MTQ4MDYsMTEuNjY0MjM3OSA5LjQyNjAwNTA5LDEyLjE3NjMxMTYgQzkuMjY4MzMzNzgsMTIuMjQyMjY2MSA4LjY3MDk1OTQxLDExLjgxMzkzMjQgOC42NzAyMTkxNywxMS42MTMxMDQ3IEM4LjY2MzU1Nyw5LjkyNTcwNzA0IDkuOTYwNDU4OTksOS41MjcwMTU4MiAxMS43MDg5MDc5LDguNjkyNTgwMjgiIGlkPSJGaWxsLTM2IiBmaWxsPSIjNEQ0RDREIj48L3BhdGg+CiAgICAgICAgICAgICAgICAgICAgPHBhdGggZD0iTTE4LjYyMDgzMywxNS4xMDIzMTk4IEMxOC4xOTE0OTMzLDE2Ljc2MDgxNiAxNy44MDEzODYzLDE3Ljg4MzUyNDYgMTYuNDgzMDE3MywxOC4yNjI5NDgyIEMxNi4yOTk0Mzc2LDE4LjMxNTU2MzYgMTUuNzY2NDY0MiwxNy45MTAyMDI4IDE1Ljc2Mjc2MywxNy43MTAxMTYxIEMxNS43MzE2NzI5LDE2LjA3ODI5ODIgMTYuOTAzNDc0MSwxNS42MDMyNzc2IDE4LjYyMDgzMywxNS4xMDIzMTk4IiBpZD0iRmlsbC0zOCIgZmlsbD0iIzRCNEI0QiI+PC9wYXRoPgogICAgICAgICAgICAgICAgICAgIDxwYXRoIGQ9Ik0yMC43Njc0NTc0LDMyLjYxODIwMzcgQzIxLjM1MjI0NzcsMzAuNDc4NzU4NCAyMi4zNjkzMzg3LDI5LjY1Mzk1NjcgMjQuMTk0MDMyNCwyOC45MDAyOTY5IEMyMy42ODQ3NDY3LDMwLjg2NTU5MjYgMjMuMDg3MzcyMywzMi4wODM4OTgyIDIwLjc2NzQ1NzQsMzIuNjE4MjAzNyIgaWQ9IkZpbGwtNDAiIGZpbGw9IiM0QjRCNEIiPjwvcGF0aD4KICAgICAgICAgICAgICAgICAgICA8cGF0aCBkPSJNMTYuMzkyMTg5OCwzMS4zNzkyOTY2IEMxNS43NzI2MDgyLDMzLjEwNjcxMTYgMTUuNTU5NDE4OCwzNC40NDk1MTU1IDEzLjkyNzkyNzksMzQuNjQ1ODk2OSBDMTMuNzcyNDc3NCwzNC42NjQ0MjM0IDEzLjM2Mzg2NDQsMzQuMTMxNiAxMy4zOTY0MzUsMzMuOTAwMzg4NyBDMTMuNTg5NjM3OSwzMi41MTk3OTA3IDE0LjYyOTY3NjMsMzEuOTUyODc4NCAxNi4zOTIxODk4LDMxLjM3OTI5NjYiIGlkPSJGaWxsLTQyIiBmaWxsPSIjNEM0QzRDIj48L3BhdGg+CiAgICAgICAgICAgICAgICAgICAgPHBhdGggZD0iTTI2Ljc4OTUzODksMTEuODI1Nzg5NCBDMjYuNDU1NjkwMywxNC4xNDUzMTI3IDI1Ljg0Nzk1MjYsMTUuMjAxMzI1NyAyMy45MzA3Mjg3LDE1LjUwODg2NjMgQzIzLjk1MzY3NjIsMTMuNjQ2NTc4MSAyNS4xNjE3NDkzLDEzLjA2NjMyNjggMjYuNzg5NTM4OSwxMS44MjU3ODk0IiBpZD0iRmlsbC00NCIgZmlsbD0iIzQ4NDg0OCI+PC9wYXRoPgogICAgICAgICAgICAgICAgICAgIDxwYXRoIGQ9Ik0yNS43NTgzMDk0LDIxLjA2MzcxNyBDMjUuMTYzODk2LDIyLjU5Njk3MzggMjQuNzYxMjA0OSwyMy45MjU2OTc1IDIzLjEwODI0NzEsMjQuMDQzNTI2MyBDMjIuOTc3MjI0NSwyNC4wNTMxNjAxIDIyLjU5Njc0MDcsMjMuMzcyMTI0NCAyMi42ODU1Njk2LDIzLjIxODcyNDYgQzIzLjMyODgzODksMjIuMTE1MjgzNiAyNC4wNDUzOTIsMjEuMDM3MDM4OCAyNS43NTgzMDk0LDIxLjA2MzcxNyIgaWQ9IkZpbGwtNDYiIGZpbGw9IiM0QzRDNEMiPjwvcGF0aD4KICAgICAgICAgICAgICAgICAgICA8cGF0aCBkPSJNMjguMjg0NDU1NCwzOC4zNjQzMjI0IEMyOC4wMjkwNzIzLDM2LjI2ODU5OTggMjkuMTc1NzA1NCwzNS42MjA5MTE4IDMwLjk2NDEyNzMsMzQuODU5MTAwMyBDMzAuNzI2NTEsMzYuNzgzNjM3NyAyOS44OTY3LDM3LjY2ODQ2NTQgMjguMjg0NDU1NCwzOC4zNjQzMjI0IiBpZD0iRmlsbC00OCIgZmlsbD0iIzQ5NDk0OSI+PC9wYXRoPgogICAgICAgICAgICAgICAgICAgIDxwYXRoIGQ9Ik0wLjI3NjQwNTkzOSwxNC4yMzM0OTkgQzAuMjE0OTY1OTQ3LDEyLjE1ODUyNjEgMS40MDE1NzIwNSwxMS44MTE3MDkyIDIuNzI0MzgyNDgsMTAuOTM1MDMzMiBDMi43NjEzOTQ1MiwxMi45MTU4OTEyIDEuOTU2NzUyNywxMy42NTk5MTcyIDAuMjc2NDA1OTM5LDE0LjIzMzQ5OSIgaWQ9IkZpbGwtNTAiIGZpbGw9IiM0NjQ2NDYiPjwvcGF0aD4KICAgICAgICAgICAgICAgICAgICA8cGF0aCBkPSJNNi43Njk0Mjg2OCwyMC4wMjkxOTQ4IEM3Ljc0MDYyNDY5LDE4LjMyMzI3MDYgOC41NDE1NjUzLDE3LjU3NTUzOTMgMTAuMTc2NzU3NCwxNy4wMDQ5MjE4IEM5LjU2ODI3OTM4LDE4LjkzOTA5MyA5LjA4MTIwMDg5LDIwLjE2NTU1MDIgNi43Njk0Mjg2OCwyMC4wMjkxOTQ4IiBpZD0iRmlsbC01MiIgZmlsbD0iIzQ3NDc0NyI+PC9wYXRoPgogICAgICAgICAgICAgICAgICAgIDxwYXRoIGQ9Ik0zOS4wODE1MzQ2LDMyLjQ2NTkxNTUgQzM4Ljk0NDU5LDM0LjQ3MTIyODYgMzguMjA1MDg5NCwzNS4yMjU2Mjk1IDM2LjY3MzUzMSwzNS41NzAyMjMyIEMzNi4zMTE1NTMzLDMzLjc3ODMzNTkgMzcuNTMzNjkwOSwzMy4zNDExMDk0IDM5LjA4MTUzNDYsMzIuNDY1OTE1NSIgaWQ9IkZpbGwtNTQiIGZpbGw9IiM0NjQ2NDYiPjwvcGF0aD4KICAgICAgICAgICAgICAgIDwvZz4KICAgICAgICAgICAgPC9nPgogICAgICAgIDwvZz4KICAgIDwvZz4KPC9zdmc+Cg==",,,https://www.sainsburys.co.uk/gol-ui/product/sainsburys-seafood-cocktail-deli-filler-220g,,2024-08-20T12:47:08.578711-04:00
66-141-DAI,"Sainsbury's Dinky Feta & Tomato Puffs Summer Edition, Taste the Difference x6 96g",Sainsbury's,"Dairy, eggs & chilled","Cooked meats, olives & dips","Olives, antipasti, tapas & mezze",,£3.50,,£2.30,£3.65 / 100g,8181734.0,"Full fat soft cheese, red pepper, feta cheese and tomato filling encased in a butter enriched pastry.",,https://assets.sainsburys-groceries.co.uk/gol/8181734/1/640x640.jpg,,,https://www.sainsburys.co.uk/gol-ui/product/sainsburys-dinky-feta-tomato-puffs-summer-edition-taste-the-difference-x6-96g,,2024-08-20T12:47:25.216404-04:00
66-142-DAI,Sainsbury's Potato & Egg Salad 300g,Sainsbury's,"Dairy, eggs & chilled","Cooked meats, olives & dips",Coleslaw & salads,,£2.75,,,92p / 100g,7282644.0,"Cooked potato, lettuce, hard-boiled free range egg, cherry tomatoes, cucumber and spring onion with a pot of salad cream",,https://assets.sainsburys-groceries.co.uk/gol/7282644/1/640x640.jpg,,,https://www.sainsburys.co.uk/gol-ui/product/sainsburys-potato---egg-salad-290g,,2024-08-20T12:47:47.374623-04:00
66-143-DAI,Holy Moly Onion & Poppyseed Hummus 150g,Holy,"Dairy, eggs & chilled","Cooked meats, olives & dips","Houmous, guacamole & flavoured dips",,£2.20,,£1.50,£1.47 / 100g,8184887.0,"A hummus dip made with chickpeas, oil, onion & poppy seeds.",,https://assets.sainsburys-groceries.co.uk/gol/8184887/1/640x640.jpg,"Nutrient	Per 100g:
Energy	711kJ/ 170kcal
Fat	4.9g
of which saturates	0.6g
Carbohydrate	21g
of which sugars	0.9g
Fibre	7.5g
Protein	6.3g
Salt	1.2g","Cooked Chickpeas (46%), Water, Sunflower Oil (13%), Roasted Sesame Tahini, Onion Powder (3.5%), Lemon Juice from Concentrate, Salt, Garlic Purée, Poppy Seeds (0.7%), Black Pepper, Paprika",https://www.sainsburys.co.uk/gol-ui/product/holy-moly-onion-poppyseed-hummus-150g,,2024-08-20T12:47:55.910067-04:00
66-144-DAI,"Sainsbury's Mexican Inspired Corn Salad, Taste the Difference 220g",Sainsbury's,"Dairy, eggs & chilled","Cooked meats, olives & dips",Coleslaw & salads,,£2.70,,£1.80,£1.23 / 100g,8174131.0,"Sweetcorn, cooked rice, black turtle beans and piquillo peppers on a red pepper dip topped with feta cheese",,https://assets.sainsburys-groceries.co.uk/gol/8174131/1/640x640.jpg,,,https://www.sainsburys.co.uk/gol-ui/product/sainsburys-mexican-inspired-corn-salad-taste-the-difference-220g,,2024-08-20T12:48:12.116459-04:00
66-145-DAI,Vadasz Super Beet Kimchi 400g,Vadasz,"Dairy, eggs & chilled","Cooked meats, olives & dips","Olives, antipasti, tapas & mezze",,£4.50,,£3.50,£1.13 / 100g,8164775.0,"Kimchi with Beetroot, Red Cabbage, Carrot and Apple",,https://assets.sainsburys-groceries.co.uk/gol/8164775/1/640x640.jpg,,"Beetroot, Red Cabbage, Carrot, Apple, Spring Onion, Sea Salt, Garlic, Ginger, Chilli Powder",https://www.sainsburys.co.uk/gol-ui/product/vadasz-super-beet-kimchi-400g-8164775-p-44,,2024-08-20T12:48:20.230767-04:00
66-146-DAI,Sainsbury's Marinated Chilli & Garlic Mixed Olives 160g,Sainsbury's,"Dairy, eggs & chilled","Cooked meats, olives & dips","Olives, antipasti, tapas & mezze",,£3.00,,,£1.88 / 100g,8057010.0,"Pimento paste stuffed green olives, pitted black olives and garlic cloves in a chilli and garlic dressing",,https://assets.sainsburys-groceries.co.uk/gol/8057010/1/640x640.jpg,,,https://www.sainsburys.co.uk/gol-ui/product/sainsburys-marinated-chilli-garlic-mixed-olives-160g,,2024-08-20T12:48:42.385455-04:00
66-147-DAI,"Sainsbury's Breaded Wiltshire Cured Ham Slices, Taste the Difference x4 120g",Sainsbury's,"Dairy, eggs & chilled","Cooked meats, olives & dips",Cooked meats,,£3.25,,,£2.71 / 100g,8199026.0,"Formed, Wiltshire cured, cooked ham slices coated in breadcrumbs",,https://assets.sainsburys-groceries.co.uk/gol/8199026/1/640x640.jpg,"Nutrient	per 100g	per slice
Energy kJ	498	149
Energy kcal	118	35
Fat	2.2g	0.7g
saturates	0.7g	0.2g
-mono-unsaturates	0.9g	0.3g
-polyunsaturates	0.4g	0.1g
Carbohydrate	0.9g	<0.5g
- sugars	<0.5g	<0.5g
Fibre	0.9g	<0.5g
Protein	23.2g	7.0g
Salt	2.71g	0.81g","British Pork, Breadcrumbs (Rice Flour, Cornflour, Rapeseed Oil, Salt, Turmeric, Paprika Extract, Dextrose), Salt, Pork Gelatine, Preservative: Sodium Nitrite, Potassium Nitrate",https://www.sainsburys.co.uk/gol-ui/product/sainsburys-breaded-wiltshire-cured-ham-slices-taste-the-difference-x4-120g,,2024-08-20T12:48:55.900366-04:00
66-148-DAI,Vadasz Fresh Pickles Red Onion 400g,Vadasz,"Dairy, eggs & chilled","Cooked meats, olives & dips","Olives, antipasti, tapas & mezze",,£4.50,,£3.50,£1.13 / 100g,8164771.0,Red Onion Pickles,,https://assets.sainsburys-groceries.co.uk/gol/8164771/1/640x640.jpg,,"Red Onion (50%), Spirit Vinegar, Sugar, Water, Sea Salt, Black Peppercorns, Fennel Seeds, Coriander Seeds",https://www.sainsburys.co.uk/gol-ui/product/vadasz-fresh-pickles-red-onion-400g,,2024-08-20T12:49:04.913626-04:00
66-149-DAI,"Sainsbury's Cracked Halkidiki Olives, Taste the Difference 160g",Sainsbury's,"Dairy, eggs & chilled","Cooked meats, olives & dips","Olives, antipasti, tapas & mezze",,£3.50,,£2.30,£2.19 / 100g,8149947.0,Stone-in cracked green Halkidiki olives in a lemon zest and lemon oil dressing,,https://assets.sainsburys-groceries.co.uk/gol/8149947/1/640x640.jpg,,,https://www.sainsburys.co.uk/gol-ui/product/sainsburys-cracked-halkidiki-olives-taste-the-difference-160g,,2024-08-20T12:49:21.609224-04:00
66-150-DAI,"Sainsbury's Serrano Ham & Edam Rollitos, Summer Edition x8 96g",Sainsbury's,"Dairy, eggs & chilled","Cooked meats, olives & dips","Olives, antipasti, tapas & mezze",,£3.00,,,£3.13 / 100g,8057211.0,Edam medium fat hard cheese wrapped in Spanish air dried ham slices,,https://assets.sainsburys-groceries.co.uk/gol/8057211/1/640x640.jpg,,,https://www.sainsburys.co.uk/gol-ui/product/sainsburys-serrano-ham-edam-rollitos-x8-96g,,2024-08-20T12:49:43.394613-04:00
66-151-DAI,Moorish Masabacha Chunky Humous 160g,Moorish,"Dairy, eggs & chilled","Cooked meats, olives & dips","Houmous, guacamole & flavoured dips",,£2.20,,£1.75,£1.38 / 100g,8182178.0,"Whole and crushed chickpeas, sesame seed paste and lemon juice topped with paprika.",,https://assets.sainsburys-groceries.co.uk/gol/8182178/1/640x640.jpg,"Nutrient	per 100g
Energy	321kcal (1342kJ)
Fat	27.5g
of which saturates	3.1g
Carbohydrates	13.4g
of which sugars	0.5g
Fibre	8.7g
Protein	7.7g
Salt	1.04g","Cooked Chickpeas (53%) [Water, Chickpeas], Rapeseed Oil, Tahini (15%) [Sesame Seed Paste], Water, Lemon Juice Concentrate (3.8%), Olive Oil (3%), Garlic Granules, Salt, Ground Paprika, Vinegar",https://www.sainsburys.co.uk/gol-ui/product/moorish-masabacha-chunky-humous-160g,,2024-08-20T12:49:52.199703-04:00
66-152-DAI,Odysea Tzatziki Dip 200g,Odysea,"Dairy, eggs & chilled","Cooked meats, olives & dips","Houmous, guacamole & flavoured dips",,£3.00,,,£1.50 / 100g,8164784.0,"Greek Yoghurt, Cucumber & Garlic Dip",,https://assets.sainsburys-groceries.co.uk/gol/8164784/1/640x640.jpg,"Nutrient	per 100g
Energy	468kJ/ 113kcal
Fat	8.9g
- of which saturates	3.4g
- of which monounsaturates	4.5g
- of which polyunsaturates	0.6g
Carbohydrate	3.5g
- of which sugars	2.0g
Protein	4.5g
Salt	1.15g","Greek Yoghurt (63%) (Cow's Milk), Cucumber (29%), Extra Virgin Olive Oil (3.6%), Garlic Puree, Salt, Lemon Juice, Black Pepper, Preservative (Potassium Sorbate)",https://www.sainsburys.co.uk/gol-ui/product/odysea-tzatziki-dip-200g,,2024-08-20T12:50:05.616574-04:00
66-153-DAI,Holy Moly Guacamole Jalapeno & Red Pepper 150g,Holy,"Dairy, eggs & chilled","Cooked meats, olives & dips","Houmous, guacamole & flavoured dips",,£2.20,,£1.75,£1.47 / 100g,8151068.0,"Guacamole dip made with avocado, jalapeño chilli, red onion, red pepper, and tomato.",,https://assets.sainsburys-groceries.co.uk/gol/8151068/1/640x640.jpg,"Nutrient	Per 100g
Energy	580kJ/ 141kcal
Fat	12g
of which saturates	2.6g
Carbohydrate	2.2g
of which sugars	0.6g
Fibre	8.3g
Protein	1.0g
Salt	0.87g","Avocado (83%), Jalapeño Chilli (6%), Red Onion (4%), Red Bell Pepper (2%), Tomato (2%), Lime Juice from Concentrate, Salt, Coriander, Garlic Purée",https://www.sainsburys.co.uk/gol-ui/product/holy-moly-guacamole-jalapeno-red-pepper-150g,,2024-08-20T12:50:14.275365-04:00
66-154-DAI,Holy Moly Harissa Hummus 150g,Holy,"Dairy, eggs & chilled","Cooked meats, olives & dips","Houmous, guacamole & flavoured dips",,£2.20,,,£1.47 / 100g,8184764.0,"A hummus dip made with chickpeas, oil, smoked harissa paste, lemon & garlic.",,https://assets.sainsburys-groceries.co.uk/gol/8184764/1/640x640.jpg,"Nutrient	Per 100g:
Energy	1084kJ/ 262kcal
Fat	20g
of which saturates	2.4g
Carbohydrate	11g
of which sugars	<0.5g
Fibre	7.4g
Protein	5.8g
Salt	1.3g","Cooked Chickpeas (51%), Water, Sunflower Oil (12%), Smoked Chilli Harissa Paste (10%) (Sunflower Oil, Roasted Peppers, Water, Dried Onion, Smoked Paprika, Salt, Brown Sugar, Vinegar, Jalapeño Flakes, Harissa Chilli, Coriander Powder, Garlic Powder, Cumin, Cayenne Pepper), Roasted Sesame Tahini, Lemon Juice from Concentrate (2%), Salt, Crushed Garlic Paste (1%), Cracked Black Pepper and Paprika",https://www.sainsburys.co.uk/gol-ui/product/holy-moly-harissa-hummus-150g-8184764-p-44,,2024-08-20T12:50:27.654895-04:00
66-155-DAI,Virtu Pierogi Dumplings with Cottage Cheese and Potatoes 400g,Virtu,"Dairy, eggs & chilled","Cooked meats, olives & dips","Olives, antipasti, tapas & mezze",,£1.95,,,£4.88 / kg,7580168.0,Dumplings with Cottage Cheese and Potatoes,,https://assets.sainsburys-groceries.co.uk/gol/7580168/1/640x640.jpg,"Nutrient	per 100g
Energy	730kJ / 173kcal
Fat	2,4g
of which saturates	0,5g
Carbohydrate	31g
of which sugars	2,0g
Protein	6,1g
Salt	1,1g","Wheat Flour, Potatoes Created from Dried Potato (31,5%), Water, Cottage Cheese (5,9%), Onion (2,9%), Vegetable Oils (Rapeseed, Sunflower), Fried Onion 1,7% (Onion, Water, Rapeseed Oil, Wheat Flour, Salt), Salt, Spices (contain Celery), Preservative: Potassium Sorbate",https://www.sainsburys.co.uk/gol-ui/product/virtu-russian-pierogi-400g,,2024-08-20T12:50:41.609273-04:00
66-156-DAI,"Sainsbury's Spiced Lamb & Chicken Pastries, Taste the Difference 100g",Sainsbury's,"Dairy, eggs & chilled","Cooked meats, olives & dips","Olives, antipasti, tapas & mezze",,£3.50,,£2.30,£3.50 / 100g,8182023.0,"Pastry filled with chicken, lamb and harissa paste, topped with paprika flakes",,https://assets.sainsburys-groceries.co.uk/gol/8182023/1/640x640.jpg,,,https://www.sainsburys.co.uk/gol-ui/product/sainsburys-spiced-lamb-chicken-pastries-taste-the-difference-100g,,2024-08-20T12:50:58.660296-04:00
66-157-DAI,Unearthed Spanish Potato Omelette 250g,Unearthed,"Dairy, eggs & chilled","Cooked meats, olives & dips","Olives, antipasti, tapas & mezze",,£3.25,,,£1.30 / 100g,8151956.0,Cooked Spanish Omelette with Potato & Onion.,,https://assets.sainsburys-groceries.co.uk/gol/8151956/1/640x640.jpg,,"Potatoes (56%), Free Range Egg (28%) (Free Range Egg, Salt), Fried Onion (12%) (Onion, Olive Oil, Salt), Sunflower Oil, Olive Oil",https://www.sainsburys.co.uk/gol-ui/product/unearthed-spanish-potato-omelette-250g,,2024-08-20T12:51:11.869014-04:00
66-158-DAI,Vadasz Hot & Sweet Jalapeño Relish 400g,Vadasz,"Dairy, eggs & chilled","Cooked meats, olives & dips","Olives, antipasti, tapas & mezze",,£4.50,,£3.50,£1.13 / 100g,8164767.0,"Green Jalapeño relish with peppers, apple and onion in a sweet, spiced vinegar brine",,https://assets.sainsburys-groceries.co.uk/gol/8164767/1/640x640.jpg,,"Green Pepper, Sugar, Apple, Green Jalapeño, Spiced Vinegar (Spirit Vinegar, Garlic, Turmeric, Cloves, Cumin, Coriander), Onion, Sea Salt, Coriander",https://www.sainsburys.co.uk/gol-ui/product/vadasz-hot-sweet-jalape%C3%B1o-relish-400g,,2024-08-20T12:51:20.516535-04:00
66-159-DAI,"Sainsbury's Smoky Cheddar & Tomato Antipasti, Taste the Difference 160g",Sainsbury's,"Dairy, eggs & chilled","Cooked meats, olives & dips","Olives, antipasti, tapas & mezze",,£3.50,,£2.30,£2.19 / 100g,8149943.0,"Semi-dried tomato segments, full fat Cheddar cheese with smoky flavouring, and pitted green olives in a garlic and parsley dressing.",,https://assets.sainsburys-groceries.co.uk/gol/8149943/1/640x640.jpg,,,https://www.sainsburys.co.uk/gol-ui/product/sainsburys-smoky-cheddar-tomato-antipasti-summer-edition-taste-the-difference-160g,,2024-08-20T12:51:36.847659-04:00
66-160-DAI,"Sainsbury's Grazing Platter Summer Edition, Taste the Difference 350g",Sainsbury's,"Dairy, eggs & chilled","Cooked meats, olives & dips","Olives, antipasti, tapas & mezze",,£10.00,,£6.65,£2.86 / 100g,8181876.0,A selection of grilled marinated artichokes; pitted kalamata and manzanilla olives; Spanish sheep's milk cheese; balsamic onions; Spanish Serrano ham and marinated semi-dried tomatoes,,https://assets.sainsburys-groceries.co.uk/gol/8181876/1/640x640.jpg,,,https://www.sainsburys.co.uk/gol-ui/product/sainsburys-grazing-platter-summer-edition-taste-the-difference-350g,,2024-08-20T12:51:53.122831-04:00
66-161-DAI,Unearthed Spanish Red Pepper Omelette 250g,Unearthed,"Dairy, eggs & chilled","Cooked meats, olives & dips","Olives, antipasti, tapas & mezze",,£3.25,,,£1.30 / 100g,8154634.0,Cooked Spanish Omelette with Potato & Red Pepper.,,https://assets.sainsburys-groceries.co.uk/gol/8154634/1/640x640.jpg,,"Potatoes (53%), Free Range Egg (29%) (Free Range Egg, Salt), Roasted Red Pepper (14%) (Pepper, Acidity Regulator: Citric Acid, Salt), Sunflower Oil, Olive Oil",https://www.sainsburys.co.uk/gol-ui/product/unearthed-spanish-red-pepper-omelette-250g,,2024-08-20T12:52:06.857383-04:00
66-162-DAI,Florette Indian Spiced Gourmet Slaw 195g,Florette,"Dairy, eggs & chilled","Cooked meats, olives & dips",Coleslaw & salads,,£1.80,,,92p / 100g,8182796.0,Indian Inspired. Gourmet Slaw.,,https://assets.sainsburys-groceries.co.uk/gol/8182796/1/640x640.jpg,"Nutrient	Per 100g
Energy	413kJ / 100kcal
Fat	7.5g
of which saturates	0.6g
Carbohydrate	6.9g
of which sugars	4.4g
Fibre	0.7g
Protein	1.2g
Salt	0.33g","Mixed Cabbage, Indian Spiced Dressing (Rapeseed Oil, Water, Low Fat Yoghurt (Milk), White Wine Vinegar, Sugar, Free Range Salted Egg Yolk (Egg, Salt), Curry Powder (Wheat), Salt, Citrus Fibre, Mustard Flour, Black Pepper, Stabiliser (Guar Gum), Black Onion Seeds, Concentrated Lemon Juice, Stabiliser (Xanthan Gum), Cumin, Ground Cardamom), Red Onion",https://www.sainsburys.co.uk/gol-ui/product/florette-indian-spiced-gourmet-slaw-195g,,2024-08-20T12:52:20.078689-04:00
66-163-DAI,Sainsbury's Chorizo & Gouda Rollitos x8 80g,Sainsbury's,"Dairy, eggs & chilled","Cooked meats, olives & dips","Olives, antipasti, tapas & mezze",,£3.00,,,£3.75 / 100g,8057229.0,Gouda full fat hard cheese wrapped in dry cured pork sausage slices seasoned with paprika,,https://assets.sainsburys-groceries.co.uk/gol/8057229/1/640x640.jpg,,,https://www.sainsburys.co.uk/gol-ui/product/sainsburys-summer-edition-chorizo-gouda-rollitos-x8-80g,,2024-08-20T12:52:41.507878-04:00
66-164-DAI,Odysea Taramasalata Dip 200g,Odysea,"Dairy, eggs & chilled","Cooked meats, olives & dips","Houmous, guacamole & flavoured dips",,£3.00,,£2.40,£1.50 / 100g,8164782.0,Dip made with Cod Roe,,https://assets.sainsburys-groceries.co.uk/gol/8164782/1/640x640.jpg,"Nutrient	per 100g
Energy	2210kJ/ 537kcal
Fat	56.3g
- of which saturates	4.5g
- of which monounsaturates	34.6g
- of which polyunsaturates	16.7g
Carbohydrate	4.6g
- of which sugars	0.5g
Protein	2.3g
Salt	0.60g","Rapeseed Oil, Water, Cod Roe (8%) (Cod Roe (Fish), Salt, Sugar), Breadcrumbs (Wheat Flour (with Calcium Carbonate, Iron, Niacin, Thiamin), Water, Salt, Yeast), Acidity Regulator (Citric Acid), Preservative (Potassium Sorbate)",https://www.sainsburys.co.uk/gol-ui/product/odysea-taramosalata-dip-200g,,2024-08-20T12:52:49.527481-04:00
66-165-DAI,LEON Velvety Hummus 150g,LEON,"Dairy, eggs & chilled","Cooked meats, olives & dips","Houmous, guacamole & flavoured dips",,£2.60,,,£1.73 / 100g,7997068.0,"A Blend of Chickpeas, Tahini and Cumin Topped with Whole Chickpeas, Extra Virgin Olive Oil and Paprika",50 g,https://assets.sainsburys-groceries.co.uk/gol/7997068/1/640x640.jpg,"Nutrient	per 100g	per 50g serving*
Energy	1175 kJ/ 284 kcal	587 kJ/ 142 kcal
Fat	22.8g	11.4g
- of which saturates	3.5g	1.8g
Carbohydrate	7.4g	3.7g
- of which sugars	0.7g	0.3g
Fibre	8.0g	4.0g
Protein	8.4g	4.2g
Salt	1.02g	0.51g","Chickpeas (53%) (Water, Chickpeas), Tahini (19%) (Sesame), Cooked Chickpea Water, Extra Virgin Olive Oil (7%), Sicilian Lemon Juice (4%), Rapeseed Oil, Lemon Juice Concentrate, Garlic Purée, Ground Paprika, Salt, Ground Cumin, Vinegar",https://www.sainsburys.co.uk/gol-ui/product/leon-hummus-with-evoo-150g,,2024-08-20T12:53:02.299450-04:00
66-166-DAI,Sainsbury's Pesto Pasta Salad,Sainsbury's,"Dairy, eggs & chilled","Cooked meats, olives & dips",Coleslaw & salads,,£2.95,,,£1.31 / 100g,8164283.0,"Cooked pasta, mixed peppers and slow roasted tomatoes in a mayonnaise and pesto dressing, topped with mozzarella cheese balls",,https://assets.sainsburys-groceries.co.uk/gol/8164283/1/640x640.jpg,,,https://www.sainsburys.co.uk/gol-ui/product/sainsburys-pesto-pasta-salad,,2024-08-20T12:53:23.879882-04:00
66-167-DAI,"Sainsbury's Dinky Tortilla Style Muffins Summer Edition, Taste the Difference x6 210g",Sainsbury's,"Dairy, eggs & chilled","Cooked meats, olives & dips","Olives, antipasti, tapas & mezze",,£3.50,,£2.30,£1.67 / 100g,8181713.0,"Potato, egg and onion muffins with garlic and a hint of black pepper",,https://assets.sainsburys-groceries.co.uk/gol/8181713/1/640x640.jpg,,,https://www.sainsburys.co.uk/gol-ui/product/sainsburys-dinky-tortilla-style-muffins-summer-edition-taste-the-difference-x6-210g,,2024-08-20T12:53:41.724722-04:00
66-168-DAI,Fridge Raiders Meat Free Southern Style Tasty Bites 60g,Fridge,"Dairy, eggs & chilled","Cooked meats, olives & dips",Cooked meats,,£1.50,,£1.00,£25.00 / kg,8189226.0,"Roast chicken flavour rehydrated wheat protein pieces with Southern style seasoning with smoked paprika, thyme, and oregano.",,https://assets.sainsburys-groceries.co.uk/gol/8189226/1/640x640.jpg,"Nutrient	Per 100g	Per Pack (60g)
Energy	1122kJ/ 269kcal	673kJ/ 161kcal
Fat	16.1g	9.7g
of which saturates	1.3g	0.8g
Carbohydrate	9.8g	5.9g
of which sugars	1.0g	0.6g
Protein	20.5g	12.3g
Salt	1.80g	1.08g","Rehydrated Textured Wheat Protein (Water, Wheat Protein, Wheat Flour), Rapeseed Oil, Wheat Gluten, Pea Protein, Natural Flavourings, Carrageenan, Konjac Gum, Salt, Oat Fibre, Tapioca Starch, Black Pepper, White Pepper, Garlic Powder, Paprika, Onion Powder, Dextrose, Wheat Maltodextrin, Smoked Paprika, Thyme, Basil, Oregano, Yeast Extract, Shiitake Mushroom Powder, Bay Powder, Lovage Root Extract",https://www.sainsburys.co.uk/gol-ui/product/fridge-raiders-meat-free-southern-style-tasty-bites-60g,,2024-08-20T12:53:49.966133-04:00
66-169-DAI,Unearthed Courgette Spanish Omelette 250g,Unearthed,"Dairy, eggs & chilled","Cooked meats, olives & dips","Olives, antipasti, tapas & mezze",,£3.25,,,£1.30 / 100g,8164760.0,Cooked Spanish Omelette with Potato & Courgette.,,https://assets.sainsburys-groceries.co.uk/gol/8164760/1/640x640.jpg,,"Potato (45%), Free Range Egg (29%) (Free Range Egg, Salt), Fried Courgette (17%) (Courgette, Sunflower Oil), Fried Onion (5%) (Onion, Olive Oil, Salt), Sunflower Oil, Olive Oil",https://www.sainsburys.co.uk/gol-ui/product/unearthed-courgette-spanish-omelette-250g,,2024-08-20T12:54:03.203929-04:00
66-170-DAI,"Sainsbury's Ploughman's Pot, Taste the Difference 135g",Sainsbury's,"Dairy, eggs & chilled","Cooked meats, olives & dips","Olives, antipasti, tapas & mezze",,£3.50,,£2.30,£2.59 / 100g,8181872.0,"Pickled cauliflower, extra mature cheddar cheese, balsamic onions and pickled gherkins in an oil dressing with mixed spices, garlic and coriander",,https://assets.sainsburys-groceries.co.uk/gol/8181872/1/640x640.jpg,,,https://www.sainsburys.co.uk/gol-ui/product/sainsburys-ploughmans-pot-taste-the-difference-135g,,2024-08-20T12:54:19.118770-04:00
66-171-DAI,Florette Chinese Inspired Gourmet Slaw 185g,Florette,"Dairy, eggs & chilled","Cooked meats, olives & dips",Coleslaw & salads,,£1.80,,,97p / 100g,8182794.0,Chinese Inspired. Gourmet Slaw.,,https://assets.sainsburys-groceries.co.uk/gol/8182794/1/640x640.jpg,"Nutrient	Per 100g
Energy	189kJ / 45kcal
Fat	1.2g
of which saturates	0.2g
Carbohydrate	8.6g
of which sugars	6.3g
Fibre	1.5g
Protein	0.8g
Salt	0.44g","Carrot, White Cabbage, Soy & Ginger Dressing (Water, Rice Vinegar, Sugar, Soy Sauce (9%) (Water, Soya Extract (Water, Soyabeans, Salt, Wheat Flour), Salt, Molasses, Barley (Wheat) Malt Vinegar, Barley Malt Extract), Ginger Purée (8%), Onion Purée, Olive Oil, Spirit Vinegar, Lime Juice, Rapeseed Oil, Garlic, Lime Juice Concentrate, Colour (Plain Caramel), Yeast Extract (Yeast Extract, Water, Salt, Sugar), Stabiliser (Xanthan Gum), Honey, Ginger), Red Onion",https://www.sainsburys.co.uk/gol-ui/product/florette-chinese-inspired-gourmet-slaw-185g,,2024-08-20T12:54:32.250908-04:00
66-172-DAI,L'oasis Halal Turkey Chorizo Tapas 80g,L'oasis,"Dairy, eggs & chilled","Cooked meats, olives & dips",Cooked meats,,£2.00,,,£2.50 / 100g,7862134.0,"Sliced dry cured & smoke flavoured turkey sausage with duck fat, spicy paprika and added milk protein",,https://assets.sainsburys-groceries.co.uk/gol/7862134/1/640x640.jpg,"Nutrient	per 100g:
Energy:	1180 kJ / 283 kcal
Fat:	19g
of which saturates:	6,5g
Carbohydrate:	0,9g
of which sugars	0,4g
Protein	26g
Salt	4,0g","Turkey Meat, Duck Fat, Paprika (2.5%), Salt, Milk Proteins, Dextrin, Dextrose, Spices (Cayenne Pepper, Black Pepper, Oregano, Nutmeg, Cumin, Coriander), Garlic Powder, Preservatives (E262, E250), Antioxidant (E331), Acid (E330), Smoke Flavouring, Prepared with 127g of Turkey Meat per 100g of finished product",https://www.sainsburys.co.uk/gol-ui/product/loasis-halal-turkey-chorizo-tapas-80g,,2024-08-20T12:54:45.847814-04:00
66-173-DAI,Odysea Ajvar Dip 200g,Odysea,"Dairy, eggs & chilled","Cooked meats, olives & dips","Houmous, guacamole & flavoured dips",,£3.00,,,£1.50 / 100g,8164794.0,Roasted Red Pepper & Aubergine Spicy Dip,,https://assets.sainsburys-groceries.co.uk/gol/8164794/1/640x640.jpg,"Nutrient	per 100g
Energy	256kJ/ 62kcal
Fat	3.6g
- of which saturates	0.2g
- of which mono-unsaturates	2.3g
- of which polyunsaturates	0.9g
Carbohydrate	5.3g
of which sugars	5.3g
Protein	0.9g
Salt	1.45g","Chargrilled Red Pepper (63%), Aubergine Puree (28%) (Aubergine, Salt, Acidity Regulator (Citric Acid), Antioxidant (Ascorbic Acid)), Rapeseed Oil, Sugar, Salt, White Wine Vinegar (Sulphites), Cayenne Pepper, Smoked Paprika, Garlic Powder, Chilli Flakes, Thickener (Xanthan Gum), Preservative (Potassium Sorbate)",https://www.sainsburys.co.uk/gol-ui/product/odysea-ajvar-dip-200g,,2024-08-20T12:54:59.080527-04:00
66-174-DAI,Holy Moly Original Guacamole 454g,Holy,"Dairy, eggs & chilled","Cooked meats, olives & dips","Houmous, guacamole & flavoured dips",,£6.00,,£5.00,£1.32 / 100g,8175904.0,"Guacamole dip made with avocado, tomato, red onion and jalapeño chilli.",,https://assets.sainsburys-groceries.co.uk/gol/8175904/1/640x640.jpg,"Nutrient	Per 100g;
Energy	591kJ/ 144kcal
Fat	13g
of which saturates	3.5g
Carbohydrate	2.5g
of which sugars	<0.5g
Fibre	6.0g
Protein	1.6g
Salt	0.74g","Avocado (87%), Tomato (5%), Red Onion (4%), Lime Juice from Concentrate, Jalapeño Chilli, Salt, Coriander, Garlic Purée",https://www.sainsburys.co.uk/gol-ui/product/holy-moly-original-guacamole-454g,,2024-08-20T12:55:07.400913-04:00
66-175-DAI,Unearthed Stuffed Cherry Peppers 230g,Unearthed,"Dairy, eggs & chilled","Cooked meats, olives & dips","Olives, antipasti, tapas & mezze",,£3.65,,,£1.59 / 100g,8114257.0,Ricotta stuffed cherry peppers with garlic and parsley in oil,,https://assets.sainsburys-groceries.co.uk/gol/8114257/1/640x640.jpg,,"Red Pepper (52%) (Red Pepper, Sugar, Spirit Vinegar, White Wine Vinegar, Salt, Acidity Regulator: Citric Acid), Ricotta Cheese Filling (34%) (Ricotta Cheese (Cows' Milk), Whey Cheese (Cows' Milk), Acidity Regulator: Citric Acid, Garlic, Preservative: Potassium Sorbate), Vegetable Oils (Rapeseed, Sunflower, in varying proportions), Parsley",https://www.sainsburys.co.uk/gol-ui/product/unearthed-stuffed-cheery-peppers-230g,,2024-08-20T12:55:20.594568-04:00
66-176-DAI,Unearthed Tarte Flambée with Lardons Onion & Crème Fraiche 180g,Unearthed,"Dairy, eggs & chilled","Cooked meats, olives & dips","Olives, antipasti, tapas & mezze",,£3.65,,,£2.03 / 100g,8151954.0,"Thinly rolled dough topped with smoked bacon, onions and crème fraiche.",,https://assets.sainsburys-groceries.co.uk/gol/8151954/1/640x640.jpg,,"Wheat Flour, Fromage Frais (Milk) (25%), Bacon Lardons (13%) (Pork, Water, Salt, Dextrose, Natural Flavouring, Antioxidants (Extracts of Rosemary, Sodium Ascorbate), Preservative (Sodium Nitrite)), Water, Onions (10%), Crème Fraîche (Milk) (10%), Vegetable Oil (Sunflower, Rapeseed) in varying proportions, Salt, Modified Starch, Thickeners (Xanthan Gum, Guar Gum), Spices",https://www.sainsburys.co.uk/gol-ui/product/unearthed-tarte-flamb%C3%A9e-with-lardons-onion-cr%C3%A8me-fra%C3%AEche-180g,,2024-08-20T12:55:33.723073-04:00
66-177-DAI,"Sainsbury's Charcuterie Selection, Taste the Difference 200g",Sainsbury's,"Dairy, eggs & chilled","Cooked meats, olives & dips",Cooked meats,,£5.00,,,£2.50 / 100g,8153135.0,"Prosciutto di Speck: air dried, spiced and smoked ham; Fennel Salami: dry cured pork salami with fennel, Spianata Romana: dry cured pork salami with spices.",,https://assets.sainsburys-groceries.co.uk/gol/8153135/1/640x640.jpg,,,https://www.sainsburys.co.uk/gol-ui/product/sainsburys-charcuterie-selection-taste-the-difference-200g,,2024-08-20T12:55:55.818007-04:00
66-178-DAI,Sainsbury's Butternut Squash Pate 100g,Sainsbury's,"Dairy, eggs & chilled","Cooked meats, olives & dips",Pate,,£1.50,,,£1.50 / 100g,8058010.0,A smooth butternut squash pate with full fat soft cheese.,,https://assets.sainsburys-groceries.co.uk/gol/8058010/1/640x640.jpg,,,https://www.sainsburys.co.uk/gol-ui/product/sainsburys-butternut-squash-pate-100g,,2024-08-20T12:56:17.349333-04:00
66-179-DAI,Polish Specialities Traditional Vegetable Salad 820g,Polish,"Dairy, eggs & chilled","Cooked meats, olives & dips",Coleslaw & salads,,£1.35,,,16p / 100g,7924419.0,Pasteurized product,,https://assets.sainsburys-groceries.co.uk/gol/7924419/1/640x640.jpg,"Nutrient	per portion 100g	per portion 90g	%* RI per portion
Energy:	93 kJ / 22 kcal	84 kJ / 20 kcal	1 %
Total fat:	0,2 g	0,2 g	0 %
Saturates:	0 g	0 g	0 %
Carbohydrate:	3,4 g	3,1 g	1 %
Sugars:	3,2 g	2,9 g	3 %
Protein:	1,0 g	0,9 g	2 %
Salt:	0,85 g	0,77 g	13 %","Vegetables in variable proportions (Cucumbers, Carrot, Onion, Pepper), Water, Spirit Vinegar, Sugar, Salt",https://www.sainsburys.co.uk/gol-ui/product/polish-specialities-traditional-vegetable-salad-820g,,2024-08-20T12:56:30.563324-04:00
66-180-DAI,Iberica Chorizo Iberico De Bellota 180g,Iberica,"Dairy, eggs & chilled","Cooked meats, olives & dips",Cooked meats,,£6.00,,,£3.33 / 100g,8206296.0,Dry Cured Pork Sausage Seasoned with Paprika and Garlic,,https://assets.sainsburys-groceries.co.uk/gol/8206296/1/640x640.jpg,"Nutrient	Per 100g:
Energy	1743kJ/ 418kcal
Fat	36.3g
of which saturates	14.4g
Carbohydrate	1.6g
of which sugars	<0.5g
Fibre	<1.0g
Protein	26.9g
Salt	3.00g","100% Iberian Pork Meat and Fat, Salt, Paprika, Garlic, Milk Powder, Sugar, Dextrin, Garlic, Oregano, Preservative (Sodium Nitrite), Made with 155g Pork per 100g finished product",https://www.sainsburys.co.uk/gol-ui/product/iberica-chorizo-iberico-de-bellota-180g,,2024-08-20T12:56:44.358809-04:00
66-181-DAI,Iberica Iberico Cured Meats Selection 150g,Iberica,"Dairy, eggs & chilled","Cooked meats, olives & dips",Cooked meats,,£12.00,,,£8.00 / 100g,8204675.0,"Dry Cured Spanish Ham, Dry Cured Pork Sausage Seasoned with Paprika and Garlic and Dry Cured Pork Loin",,https://assets.sainsburys-groceries.co.uk/gol/8204675/1/640x640.jpg,"Nutrient	Per 100g		Per 100g		Per 100g
Energy	984kJ/ 235kcal
Fat	12.0g
- of which saturates	6.0g
Carbohydrate	0.8g
- of which sugars	<0.5g
Fibre	<1.0g
Protein	31.0g
Salt	3.10g
Energy	1743kJ/ 418kcal
Fat	36.3g
- of which saturates	14.4g
Carbohydrate	1.6g
- of which sugars	<0.5g
Fibre	<1.0g
Protein	26.9g
Salt	3.00g
Energy	1089kJ/ 260kcal
Fat	13.0g
- of which saturates	5.0g
Carbohydrate	0.9g
- of which sugars	0.7g
Fibre	<1.0g
Protein	35.1g
Salt	4.00g","Jamón Ibérico Cebo De Campo Iberian Ham, Salt, Sugar, Antioxidants (Sodium Citrate, Sodium Ascorbate), Preservative (Potassium Nitrate), Made with 149g Pork per 100g finished product",https://www.sainsburys.co.uk/gol-ui/product/iberica-iberico-cured-meats-selection-150g,,2024-08-20T12:56:58.656109-04:00
66-182-DAI,Iberica Jamon Iberico De Bellota 50g,Iberica,"Dairy, eggs & chilled",,,,£12.00,,,£24.00 / 100g,8202212.0,Dry Cured Spanish Ham,,https://assets.sainsburys-groceries.co.uk/gol/8202212/1/640x640.jpg,"Nutrient	Per 100g
Energy	1269kJ/ 303kcal
Fat	17.0g
- of which saturates	5.2g
Carbohydrate	1.0g
- of which sugars	0.6g
Fibre	<1.0g
Protein	36.5g
Salt	3.90g","Acorn-Fed 100% Iberian Ham, Salt, Sugar, Antioxidants (Sodium Citrate, Sodium Ascorbate), Preservative (Potassium Nitrate), Made with 179g Pork per 100g finished product",https://www.sainsburys.co.uk/gol-ui/product/iberica-jamon-iberico-de-bellota-50g,,2024-08-20T12:57:17.108262-04:00
66-183-DAI,Iberica Chorizo Iberico De Bellota 80g,Iberica,"Dairy, eggs & chilled",,,,£6.00,,,£7.50 / 100g,8202204.0,Dry Cured Pork Sausage Seasoned with Paprika and Garlic,,https://assets.sainsburys-groceries.co.uk/gol/8202204/1/640x640.jpg,"Nutrient	Per 100g
Energy	1743kJ/ 418kcal
Fat	36.3g
- of which saturates	14.4g
Carbohydrate	1.6g
- of which sugars	<0.5g
Fibre	<1.0g
Protein	26.9g
Salt	3.00g","100% Iberian Pork Meat and Fat, Salt, Paprika, Garlic, Milk Powder, Sugar, Dextrin, Garlic, Oregano, Preservative (Sodium Nitrite), Made with 155g Pork per 100g finished product",https://www.sainsburys.co.uk/gol-ui/product/iberica-chorizo-iberico-de-bellota-80g,,2024-08-20T12:57:35.660114-04:00
66-184-DAI,Iberica Jamon Iberico Cebo De Campo 50g,Iberica,"Dairy, eggs & chilled",,,,£6.00,,,£12.00 / 100g,8202196.0,Dry Cured Spanish Ham,,https://assets.sainsburys-groceries.co.uk/gol/8202196/1/640x640.jpg,"Nutrient	Per 100g
Energy	984kJ/ 235kcal
Fat	12.0g
- of which saturates	6.0g
Carbohydrate	0.8g
- of which sugars	<0.5g
Fibre	<1.0g
Protein	31.0g
Salt	3.10g","Jamón Ibérico Cebo De Campo Iberian Ham, Salt, Sugar, Antioxidants (Sodium Citrate, Sodium Ascorbate), Preservative (Potassium Nitrate), Made with 149g Pork per 100g finished product",https://www.sainsburys.co.uk/gol-ui/product/iberica-jamon-iberico-cebo-de-campo-50g,,2024-08-20T12:57:54.193852-04:00
66-185-DAI,Cravendale Filtered Fresh Semi Skimmed Milk 2L Fresher for Longer,Cravendale,Drinks,Dairy & chilled essentials,,2L,£2.30,,,£1.15 / ltr,3216620.0,"Pasteurised, homogenised, semi-skimmed, fresh filtered milk",,https://assets.sainsburys-groceries.co.uk/gol/3216620/1/640x640.jpg,"Nutrient	per 100ml		per 100ml
Energy	206kJ/ 49kcal
Fat	1.7g
of which saturates	1.0g
Carbohydrate	4.8g
of which sugars	4.8g
Protein	3.6g
Salt	0.1g
Phosphorous	97mg (14% RI†)
Riboflavin (Vit B2)	0.25mg (18% RI†)
Vitamin B12	0.9µg (36% RI†)
Potassium	161mg (8% RI†)
Calcium	124mg (15% RI†)
Iodine	31µg (21% RI†)",,https://www.sainsburys.co.uk/gol-ui/product/cravendale-purefilter-semi-skimmed-milk-2l,,2024-08-19T18:11:36.653855-04:00
66-186-DAI,Cravendale Filtered Fresh Skimmed Milk Fresher for Longer 2L,Cravendale,Drinks,Dairy & chilled essentials,,2L,£2.30,,,£1.15 / ltr,3419625.0,"Pasteurised, skimmed, fresh filtered milk",,https://assets.sainsburys-groceries.co.uk/gol/3419625/1/640x640.jpg,"Nutrient	per 100ml		per 100ml
Energy	156kJ/ 37kcal
Fat	0.3g
of which saturates	0.1g
Carbohydrate	4.9g
of which sugars	4.9g
Protein	3.6g
Salt	0.1g
Phosphorous	99mg (14% RI†)
Riboflavin (B2)	0.23mg (16% RI†)
Vitamin B12	0.82µg (33% RI†)
Potassium	167mg (8% RI†)
Calcium	129mg (16% RI†)
Iodine	31µg (21% RI†)",,https://www.sainsburys.co.uk/gol-ui/product/cravendale-skimmed-milk-2l,,2024-08-19T18:18:34.450529-04:00
66-187-DAI,GetPro Dark Chocolate High Protein Yoghurt Mousse 200g,GetPro,"Dairy, eggs & chilled",Dairy & chilled essentials,,,£2.50,,£1.50,£1.25 / 100g,8168209.0,Chocolate Flavour Mousse with Sweetener,100 g,https://assets.sainsburys-groceries.co.uk/gol/8168209/1/640x640.jpg,"Nutrient	Per 100g	Per serving 200g	%RI* 200g		Per 100g	Per serving 200g	%RI* 200g
Energy (kJ/kcal)	359/ 85	718/ 170	9%
Fat (g)	2.3	4.6	7%
of which saturates (g)	1.6	3.2	16%
Carbohydrate (g)	5.6	11.2	4%
of which sugars (g)	4.3	8.6	10%
Fibre (g)	1.2	2.4	-
Protein (g)	10	20	40%
Salt (g)	0.25	0.50	8%
Calcium (mg)	222	444	56%","Skimmed Milk, Whole Milk, Milk Protein, Alkalised Cocoa Powder, Modified Maize Starch, Emulsifier (Lactic Acid Esters of Mono- and Diglycerides of Fatty Acids), Beef Gelatine, Acidity Regulator (Sodium Citrate), Sweetener (Sucralose)",https://www.sainsburys.co.uk/gol-ui/product/getpro-chocolate-flavour-protein-mousse-200g,,2024-08-20T12:58:02.106050-04:00
66-188-DAI,Sainsbury's British Semi Skimmed Milk 2.27L (4 pint),Sainsbury's,Drinks,Dairy & chilled essentials,,2.27L,£1.45,,,64p / ltr,357937.0,Pasteurised homogenised semi skimmed milk,,https://assets.sainsburys-groceries.co.uk/gol/357937/1/640x640.jpg,,,https://www.sainsburys.co.uk/gol-ui/product/sainsburys-british-semi-skimmed-milk-227l-4-pint-,,2024-08-19T18:12:32.045259-04:00
66-189-DAI,Sainsbury's British Free Range Eggs Large x12,Sainsbury's,"Dairy, eggs & chilled",Dairy & chilled essentials,,,£3.05,,,25p / ea,6468897.0,Free range British eggs. Class A,,https://assets.sainsburys-groceries.co.uk/gol/6468897/1/640x640.jpg,,,https://www.sainsburys.co.uk/gol-ui/product/sainsburys-free-range-large-eggs-x12,,2024-08-20T12:58:23.522115-04:00
66-190-DAI,Sainsbury's British Semi Skimmed Milk 1.13L (2 pint),Sainsbury's,Drinks,Dairy & chilled essentials,,1.13L,£1.20,,,£1.06 / ltr,1137637.0,Pasteurised homogenised semi skimmed milk,,https://assets.sainsburys-groceries.co.uk/gol/1137637/1/640x640.jpg,,,https://www.sainsburys.co.uk/gol-ui/product/sainsburys-british-semi-skimmed-milk-113l-2-pint-,,2024-08-19T18:12:52.922110-04:00
66-191-DAI,Sainsbury's British Free Range Eggs Medium x12,Sainsbury's,"Dairy, eggs & chilled",Dairy & chilled essentials,,,£2.65,,£2.35,22p / ea,6468901.0,Free range British eggs. Class A,,https://assets.sainsburys-groceries.co.uk/gol/6468901/1/640x640.jpg,,,https://www.sainsburys.co.uk/gol-ui/product/sainsburys-free-range-woodland-medium-eggs-x12,,2024-08-20T12:58:39.813234-04:00
66-192-DAI,Sainsbury's British Whole Milk 2.27L (4 pint),Sainsbury's,Drinks,Dairy & chilled essentials,,2.27L,£1.45,,,64p / ltr,181402.0,Pasteurised homogenised standardised whole milk,,https://assets.sainsburys-groceries.co.uk/gol/181402/1/640x640.jpg,,,https://www.sainsburys.co.uk/gol-ui/product/sainsburys-british-whole-milk-227l-4-pint-,,2024-08-19T18:13:13.964084-04:00
66-193-DAI,Sainsbury's British Free Range Eggs Large x6,Sainsbury's,"Dairy, eggs & chilled",Dairy & chilled essentials,,,£1.85,,,31p / ea,6334094.0,Free range British eggs. Class A,,https://assets.sainsburys-groceries.co.uk/gol/6334094/1/640x640.jpg,,,https://www.sainsburys.co.uk/gol-ui/product/sainsburys-free-range-woodland-large-eggs-x6,,2024-08-20T12:59:01.979215-04:00
66-194-DAI,Sainsbury's British Free Range Eggs Medium x6,Sainsbury's,"Dairy, eggs & chilled",Dairy & chilled essentials,,,£1.50,,,25p / ea,6334096.0,Free range British eggs. Class A,,https://assets.sainsburys-groceries.co.uk/gol/6334096/1/640x640.jpg,,,https://www.sainsburys.co.uk/gol-ui/product/sainsburys-free-range-woodland-medium-eggs-x6,,2024-08-20T12:59:24.098524-04:00
66-195-DAI,Sainsbury's British Skimmed Milk 2.27L (4 pint),Sainsbury's,Drinks,Dairy & chilled essentials,,2.27L,£1.45,,,64p / ltr,357500.0,Pasteurised skimmed milk,,https://assets.sainsburys-groceries.co.uk/gol/357500/1/640x640.jpg,,,https://www.sainsburys.co.uk/gol-ui/product/sainsburys-british-skimmed-milk-227l-4-pint-,,2024-08-19T18:13:35.297028-04:00
66-196-DAI,"Sainsbury's British Butter, Unsalted 250g",Sainsbury's,"Dairy, eggs & chilled",Dairy & chilled essentials,,,£1.79,,,£7.16 / kg,1117011.0,Unsalted butter. Minimum 82% milk fat.,,https://assets.sainsburys-groceries.co.uk/gol/1117011/1/640x640.jpg,,,https://www.sainsburys.co.uk/gol-ui/product/sainsburys-english-butter--unsalted-250g,,2024-08-20T12:59:45.578567-04:00
66-197-DAI,Sainsbury's Greek Style Natural Yogurt 500g,Sainsbury's,"Dairy, eggs & chilled",Dairy & chilled essentials,,,£1.10,,,22p / 100g,6325944.0,Greek style natural yogurt,,https://assets.sainsburys-groceries.co.uk/gol/6325944/1/640x640.jpg,,,https://www.sainsburys.co.uk/gol-ui/product/sainsburys-natural-greek-style-yogurt-500g,,2024-08-20T13:00:07.142136-04:00
66-198-DAI,Sainsbury's British Mature Cheddar Cheese 400g,Sainsbury's,"Dairy, eggs & chilled",Dairy & chilled essentials,,,£3.00,,,£7.50 / kg,7178868.0,Mature Cheddar cheese,,https://assets.sainsburys-groceries.co.uk/gol/7178868/1/640x640.jpg,,,https://www.sainsburys.co.uk/gol-ui/product/sainsburys-british-mature-cheddar-400g,,2024-08-20T13:00:28.457324-04:00
66-199-DAI,Sainsbury's Greek Feta Cheese 200g,Sainsbury's,"Dairy, eggs & chilled",Dairy & chilled essentials,,,£2.10,,,£10.50 / kg,6305456.0,Greek PDO Feta cheese,,https://assets.sainsburys-groceries.co.uk/gol/6305456/1/640x640.jpg,,,https://www.sainsburys.co.uk/gol-ui/product/sainsburys-greek-feta-200g,,2024-08-20T13:00:49.914473-04:00
66-200-DAI,Sainsbury's Cypriot Halloumi Cheese 225g,Sainsbury's,"Dairy, eggs & chilled",Dairy & chilled essentials,,,£2.15,,,£9.56 / kg,7280625.0,Halloumi cheese,,https://assets.sainsburys-groceries.co.uk/gol/7280625/1/640x640.jpg,,,https://www.sainsburys.co.uk/gol-ui/product/sainsburys-cypriot-halloumi-250g,,2024-08-20T13:01:11.509187-04:00
66-201-DAI,Sainsbury's Double Cream 300ml,Sainsbury's,"Dairy, eggs & chilled",Dairy & chilled essentials,,300ML,£1.05,,,35p / 100ml,6615186.0,Pasteurised British double cream,,https://assets.sainsburys-groceries.co.uk/gol/6615186/1/640x640.jpg,,,https://www.sainsburys.co.uk/gol-ui/product/sainsburys-double-cream-300ml,,2024-08-20T13:01:34.294389-04:00
66-202-DAI,Cathedral City Mature Cheddar Cheese 350g,Cathedral,"Dairy, eggs & chilled",Dairy & chilled essentials,,,£3.50,,,£10.00 / kg,7511786.0,Cheddar Cheese.,30 g,https://assets.sainsburys-groceries.co.uk/gol/7511786/1/640x640.jpg,"Nutrient	per 100g	per 30g serving		per 100g	per 30g serving
Energy	1725kJ / 416kcal	518kJ / 125kcal
Fat	34.9g	10.5g
(of which saturates)	21.7g	6.5g
Carbohydrate	0.1g	0g
(of which sugars)	0.1g	0g
Protein	25.4g	7.6g
Salt	1.8g	0.5g
Calcium	739mg (92% RI)	222mg (28% RI)",,https://www.sainsburys.co.uk/gol-ui/product/cathedral-city-mature-350g,,2024-08-20T13:01:56.303582-04:00
66-203-DAI,Sainsbury's British Skimmed Milk 1.13L (2 pint),Sainsbury's,Drinks,Dairy & chilled essentials,,1.13L,£1.20,,,£1.06 / ltr,1137729.0,Pasteurised skimmed milk,,https://assets.sainsburys-groceries.co.uk/gol/1137729/1/640x640.jpg,,,https://www.sainsburys.co.uk/gol-ui/product/sainsburys-british-skimmed-milk-113l-2-pint-,,2024-08-19T18:13:56.376433-04:00
66-204-DAI,Sainsbury's British Semi Skimmed Milk 3.4L (6 pint),Sainsbury's,Drinks,Dairy & chilled essentials,,3.4L,£2.15,,,63p / ltr,464390.0,Pasteurised homogenised semi skimmed milk,,https://assets.sainsburys-groceries.co.uk/gol/464390/1/640x640.jpg,,,https://www.sainsburys.co.uk/gol-ui/product/sainsburys-british-semi-skimmed-milk-34l-6-pint-,,2024-08-19T18:14:17.614008-04:00
66-205-DAI,Sainsbury's British Whole Milk 1.13L (2 pint),Sainsbury's,Drinks,Dairy & chilled essentials,,1.13L,£1.20,,,£1.06 / ltr,1137613.0,Pasteurised homogenised standardised whole milk,,https://assets.sainsburys-groceries.co.uk/gol/1137613/1/640x640.jpg,,,https://www.sainsburys.co.uk/gol-ui/product/sainsburys-british-whole-milk-113l-2-pint-,,2024-08-19T18:15:00.990942-04:00
66-206-DAI,Sainsbury's British Filtered Semi Skimmed Milk 2L,Sainsbury's,Drinks,Dairy & chilled essentials,,2L,£1.90,,,95p / ltr,7657802.0,Pasteurised homogenised filtered semi-skimmed milk,,https://assets.sainsburys-groceries.co.uk/gol/7657802/1/640x640.jpg,,,https://www.sainsburys.co.uk/gol-ui/product/sainsburys-filtered-semi-skimmed-milk-2l,,2024-08-19T18:14:40.092424-04:00
66-207-DAI,"Sainsbury's British Semi Skimmed Milk, SO Organic 2.27L (4 pint)",Sainsbury's,Drinks,Dairy & chilled essentials,,2.27L,£2.00,,,88p / ltr,1208450.0,Organic pasteurised homogenised semi skimmed milk,,https://assets.sainsburys-groceries.co.uk/gol/1208450/1/640x640.jpg,,,https://www.sainsburys.co.uk/gol-ui/product/sainsburys-british-semi-skimmed-milk-so-organic-227l-4-pint-,,2024-08-19T18:15:22.349031-04:00
66-208-DAI,Sainsbury's British Extra Mature Cheddar Cheese 400g,Sainsbury's,"Dairy, eggs & chilled",Dairy & chilled essentials,,,£3.00,,,£7.50 / kg,7178941.0,Extra mature Cheddar,,https://assets.sainsburys-groceries.co.uk/gol/7178941/1/640x640.jpg,,,https://www.sainsburys.co.uk/gol-ui/product/sainsburys-british-extra-mature-cheddar-400g,,2024-08-20T13:02:17.971228-04:00
66-209-DAI,Stamford Street Co. Mature Cheddar Cheese 600g,Stamford,"Dairy, eggs & chilled",Dairy & chilled essentials,,,£3.50,,,£5.83 / kg,7646915.0,Mature Cheddar Cheese,,https://assets.sainsburys-groceries.co.uk/gol/7646915/1/640x640.jpg,,,https://www.sainsburys.co.uk/gol-ui/product/sainsburys-full-flavour-cheddar--basics-625g,,2024-08-20T13:02:39.724411-04:00
66-210-DAI,Sainsbury's Free Range British Eggs Medium x15,Sainsbury's,"Dairy, eggs & chilled",Dairy & chilled essentials,,,£3.20,,,21p / ea,8008635.0,,,https://assets.sainsburys-groceries.co.uk/gol/8008635/1/640x640.jpg,,,https://www.sainsburys.co.uk/gol-ui/product/sainsburys-free-range-eggs-medium-x15,,2024-08-20T13:03:16.502679-04:00
66-211-DAI,Sainsbury's Garlic Baguette x2 390g,Sainsbury's,"Dairy, eggs & chilled",Bread,All bread,,£1.80,,£1.35,46p / 100g,678902.0,2 Baguettes filled with garlic and parsley spread with butter,,https://assets.sainsburys-groceries.co.uk/gol/678902/1/640x640.jpg,,,https://www.sainsburys.co.uk/gol-ui/product/sainsburys-garlic-baguette-x2-420g,,2024-08-20T13:03:31.833385-04:00
66-212-DAI,Sainsbury's Grated Mozzarella Cheese 250g,Sainsbury's,"Dairy, eggs & chilled",Dairy & chilled essentials,,,£2.55,,,£10.20 / kg,6032646.0,Grated medium fat mozzarella cheese,,https://assets.sainsburys-groceries.co.uk/gol/6032646/1/640x640.jpg,,,https://www.sainsburys.co.uk/gol-ui/product/sainsburys-grated-mozzarella-250g,,2024-08-20T13:03:52.441164-04:00
66-213-DAI,Sainsbury's British Mature Grated Cheddar Cheese 250g,Sainsbury's,"Dairy, eggs & chilled",Dairy & chilled essentials,,,£2.55,,,£10.20 / kg,1408713.0,Grated mature Cheddar cheese,,https://assets.sainsburys-groceries.co.uk/gol/1408713/1/640x640.jpg,,,https://www.sainsburys.co.uk/gol-ui/product/sainsburys-british-mature-grated-cheddar-250g,,2024-08-20T13:04:14.214415-04:00
66-214-DAI,Cravendale Filtered Fresh Semi Skimmed Milk Fresher for Longer 1L,Cravendale,Drinks,Dairy & chilled essentials,,1L,£1.50,,,£1.50 / ltr,3216590.0,"Pasteurised, homogenised, semi-skimmed, fresh filtered milk",,https://assets.sainsburys-groceries.co.uk/gol/3216590/1/640x640.jpg,"Nutrient	per 100ml		per 100ml
Energy	206kJ/ 49kcal
Fat	1.7g
of which saturates	1.0g
Carbohydrate	4.8g
of which sugars	4.8g
Protein	3.6g
Salt	0.1g
Phosphorous	97mg (14% RI†)
Riboflavin (Vit B2)	0.25mg (18% RI†)
Vitamin B12	0.9µg (36% RI†)
Potassium	161mg (8% RI†)
Calcium	124mg (15% RI†)
Iodine	31µg (21% RI†)",,https://www.sainsburys.co.uk/gol-ui/product/cravendale-purefilter-semi-skimmed-1l,,2024-08-19T18:16:04.850844-04:00
66-215-DAI,Sainsbury's Mozzarella Cheese 150g,Sainsbury's,"Dairy, eggs & chilled",Dairy & chilled essentials,,,£1.30,,,£8.67 / kg,1304893.0,"Mozzarella cheese made with pasteurised cows' milk, packed in brine",,https://assets.sainsburys-groceries.co.uk/gol/1304893/1/640x640.jpg,,,https://www.sainsburys.co.uk/gol-ui/product/sainsburys-italian-mozzarella-150g,,2024-08-20T13:04:35.803374-04:00
66-216-DAI,Sainsbury's Double Cream 600ml,Sainsbury's,"Dairy, eggs & chilled",Dairy & chilled essentials,,600ML,£2.10,,,35p / 100ml,6615192.0,Pasteurised British double cream,,https://assets.sainsburys-groceries.co.uk/gol/6615192/1/640x640.jpg,,,https://www.sainsburys.co.uk/gol-ui/product/sainsburys-double-cream-600ml,,2024-08-20T13:04:56.911297-04:00
66-217-DAI,Sainsbury's Parmigiano Reggiano Cheese 200g,Sainsbury's,"Dairy, eggs & chilled",Dairy & chilled essentials,,,£3.40,,,£17.00 / kg,6923971.0,Parmigiano Reggiano DOP medium fat hard cheese,,https://assets.sainsburys-groceries.co.uk/gol/6923971/1/640x640.jpg,,,https://www.sainsburys.co.uk/gol-ui/product/sainsburys-parmigiano-reggiano-200g,,2024-08-20T13:05:18.676259-04:00
66-218-DAI,Sainsbury's Everyday Lactose Free Semi Skimmed Dairy Drink 1L,Sainsbury's,Drinks,Dairy & chilled essentials,,1L,£1.35,,,£1.35 / ltr,7943123.0,High temperature pasteurised lactose free semi skimmed dairy drink,,https://assets.sainsburys-groceries.co.uk/gol/7943123/1/640x640.jpg,,,https://www.sainsburys.co.uk/gol-ui/product/sainsburys-everyday-lactose-free-semi-skimmed-dairy-drink-1l,,2024-08-19T18:16:26.144536-04:00
66-219-DAI,Sainsbury's British Crème Fraîche 300ml,Sainsbury's,"Dairy, eggs & chilled",Dairy & chilled essentials,,300ML,89p,,,30p / 100ml,6820644.0,Pasteurised cultured cream,,https://assets.sainsburys-groceries.co.uk/gol/6820644/1/640x640.jpg,,,https://www.sainsburys.co.uk/gol-ui/product/sainsburys-british-creme-fraiche-300ml,,2024-08-20T13:05:40.036172-04:00
66-220-DAI,Activia Rhubarb Yogurt 4x115g,Activia,"Dairy, eggs & chilled",Dairy & chilled essentials,,,£2.50,4 for £2.50,,54p / 100g,6027652.0,Yogurt with Rhubarb and Live Cultures,100 g,https://assets.sainsburys-groceries.co.uk/gol/6027652/1/640x640.jpg,"Nutrient	Per 100g	Per serving (115g)	% RI* (115g)		Per 100g	Per serving (115g)	% RI* (115g)
Energy (kJ/kcal)	382/ 91	439/ 105	5
Fat (g)	2.8	3.2	5
of which saturates (g)	1.9	2.2	11
Carbohydrate (g)	12	14	5
of which sugars (g)	12	14	15
Protein (g)	3.9	4.5	9
Salt (g)	0.14	0.16	3
Calcium (mg)	156	179	22","Yogurt (Milk), Rhubarb (7%), Sugar, Modified Maize Starch, Natural Flavourings, Colour (Plain Caramel), Milk Minerals, Stabiliser (Pectin), Cultures (Bifidobacterium Lactis (Bifidus ActiRegularis), Streptococcus Thermophilus, Lactobacillus Bulgaricus, Lactococcus Lactis)",https://www.sainsburys.co.uk/gol-ui/product/activia-bio-yogurt-rhubarb-4x125g,4x115g,2024-08-20T13:05:53.538374-04:00
66-221-DAI,Sainsbury's British Lighter Crème Fraîche 300ml,Sainsbury's,"Dairy, eggs & chilled",Dairy & chilled essentials,,300ML,89p,,,30p / 100ml,6820695.0,Reduced fat pasteurised cultured cream,,https://assets.sainsburys-groceries.co.uk/gol/6820695/1/640x640.jpg,,,https://www.sainsburys.co.uk/gol-ui/product/sainsburys-british-half-fat-creme-fraiche-300ml,,2024-08-20T13:06:14.989407-04:00
66-222-DAI,Cathedral City Mature Cheddar Cheese 550g,Cathedral,"Dairy, eggs & chilled",Dairy & chilled essentials,,,£5.00,,£4.00,£9.09 / kg,7662938.0,Cheddar cheese.,30 g,https://assets.sainsburys-groceries.co.uk/gol/7662938/1/640x640.jpg,"Nutrient	per 100g	per 30g serving		per 100g	per 30g serving
Energy	1725kJ / 416kcal	518kJ / 125kcal
Fat	34.9g	10.5g
(of which saturates)	21.7g	6.5g
Carbohydrate	0.1g	0g
(of which sugars)	0.1g	0g
Protein	25.4g	7.6g
Salt	1.8g	0.5g
Calcium	739mg (92% RI)	222mg (28% RI)",,https://www.sainsburys.co.uk/gol-ui/product/cathedral-city-mature-cheddar-550g,,2024-08-20T13:06:31.615565-04:00
66-223-DAI,Arla Bob Skimmed Milk Tastes like Semi Skimmed 2L,Arla,Drinks,Dairy & chilled essentials,,2L,£2.30,,,£1.15 / ltr,7787579.0,"Fresh skimmed milk, enriched with protein. Filtered, standardised, homogenised and pasteurised.",,https://assets.sainsburys-groceries.co.uk/gol/7787579/1/640x640.jpg,"Nutrient	Per 100ml	Per 200ml		Per 100ml	Per 200ml
Energy	176kJ/ 41kcal	351kJ/ 83kcal
Fat	0.4g	0.8g
of which saturates	0.1g	0.2g
Carbohydrate	4.9g	9.8g
of which sugars	4.9g	9.8g
Protein	4.6g	9.1g
Salt	0.11g	0.23g
Calcium	147mg (18% RI†)	294mg (36% RI†)",,https://www.sainsburys.co.uk/gol-ui/product/arla-best-of-both-milk-2l,,2024-08-19T18:17:09.356099-04:00
66-224-DAI,Sainsbury's Quiche Lorraine 400g,Sainsbury's,"Dairy, eggs & chilled",Dairy & chilled essentials,,,£3.00,,£2.50,75p / 100g,439817.0,"A quiche made with smoked reformed British bacon with added water, a blend of cheeses and a creamy free range British egg custard in a shortcrust pastry case",,https://assets.sainsburys-groceries.co.uk/gol/439817/1/640x640.jpg,,,https://www.sainsburys.co.uk/gol-ui/product/sainsburys-quiche-lorraine-400g,,2024-08-20T13:06:47.458912-04:00
66-225-DAI,Stamford Street Co. Grated Cheddar 500g,Stamford,"Dairy, eggs & chilled",Dairy & chilled essentials,,,£2.99,,,£5.98 / kg,7985404.0,Grated Cheddar cheese,,https://assets.sainsburys-groceries.co.uk/gol/7985404/1/640x640.jpg,,,https://www.sainsburys.co.uk/gol-ui/product/mary-anns-dairy-grated-cheddar-cheese-500g,,2024-08-20T13:07:08.437701-04:00
66-226-DAI,Sainsbury's Buttersoft Spreadable Butter 500g,Sainsbury's,"Dairy, eggs & chilled",Dairy & chilled essentials,,,£2.09,,,£4.18 / kg,6494596.0,Blended spread 75% (49% milk fat and 26% vegetable oil),,https://assets.sainsburys-groceries.co.uk/gol/6494596/1/640x640.jpg,,,https://www.sainsburys.co.uk/gol-ui/product/sainsburys-buttersoft-500g,,2024-08-20T13:07:30.109693-04:00
66-227-DAI,Sainsbury's Free Range Fresh Egg Noodles 410g,Sainsbury's,"Dairy, eggs & chilled",Dairy & chilled essentials,,,£1.40,,,£3.41 / kg,7282459.0,Cooked egg noodles dressed in rapeseed oil,,https://assets.sainsburys-groceries.co.uk/gol/7282459/1/640x640.jpg,,,https://www.sainsburys.co.uk/gol-ui/product/sainsburys-free-range-fresh-egg-noodles-410g,,2024-08-20T13:07:51.913408-04:00
66-228-DAI,Sainsbury's British Mature Cheddar Cheese Slices 240g,Sainsbury's,"Dairy, eggs & chilled",Dairy & chilled essentials,,,£2.65,,,£11.04 / kg,1225990.0,10 Mature Cheddar cheese slices,,https://assets.sainsburys-groceries.co.uk/gol/1225990/1/640x640.jpg,,,https://www.sainsburys.co.uk/gol-ui/product/sainsburys-british-mature-cheddar-slices-240g,,2024-08-20T13:08:13.236635-04:00
66-229-DAI,Stamford Street Co. Mature Cheddar Cheese 900g,Stamford,"Dairy, eggs & chilled",Dairy & chilled essentials,,,£4.88,,,£5.42 / kg,7646903.0,Mature Cheddar cheese,,https://assets.sainsburys-groceries.co.uk/gol/7646903/1/640x640.jpg,,,https://www.sainsburys.co.uk/gol-ui/product/sainsburys-basics-full-flavour-cheddar-cheese-1kg,,2024-08-20T13:08:34.407195-04:00
66-230-DAI,"Sainsbury's Woodland Free Range Large Eggs, SO Organic x6",Sainsbury's,"Dairy, eggs & chilled",Dairy & chilled essentials,,,£2.85,,,48p / ea,6379763.0,Sainsbury's Organic Eggs. Class A,,https://assets.sainsburys-groceries.co.uk/gol/6379763/1/640x640.jpg,,,https://www.sainsburys.co.uk/gol-ui/product/sainsburys-free-range-woodland-large-eggs--so-organic-x6,,2024-08-20T13:08:56.459983-04:00
66-231-DAI,Sainsbury's Sausage Rolls x6 360g,Sainsbury's,"Dairy, eggs & chilled",Dairy & chilled essentials,,,£2.00,,£1.50,56p / 100g,7624516.0,Seasoned British pork sausagemeat wrapped in puff pastry,,https://assets.sainsburys-groceries.co.uk/gol/7624516/1/640x640.jpg,,,https://www.sainsburys.co.uk/gol-ui/product/sainsburys-6-sausage-rolls-360g,,2024-08-20T13:09:13.518805-04:00
66-232-DAI,Sainsbury's British Mild Cheddar Cheese 400g,Sainsbury's,"Dairy, eggs & chilled",Dairy & chilled essentials,,,£3.00,,,£7.50 / kg,7178847.0,Mild Cheddar cheese,,https://assets.sainsburys-groceries.co.uk/gol/7178847/1/640x640.jpg,,,https://www.sainsburys.co.uk/gol-ui/product/sainsburys-british-mild-cheese-400g,,2024-08-20T13:09:34.955724-04:00
66-233-DAI,Sainsbury's Stonebaked Margherita Hand Stretched Pizza 265g,Sainsbury's,"Dairy, eggs & chilled",Dairy & chilled essentials,,,£3.50,,£2.50,£13.21 / kg,7714646.0,Hand stretched stonebaked pizza base topped with tomato and basil sauce and a blend of Mozzarella and Cheddar cheese,,https://assets.sainsburys-groceries.co.uk/gol/7714646/1/640x640.jpg,,,https://www.sainsburys.co.uk/gol-ui/product/sainsburys-stonebaked-margherita-pizza-10,,2024-08-20T13:09:51.094197-04:00
66-234-DAI,Sainsbury's Spinach & Ricotta Tortelloni 300g,Sainsbury's,"Dairy, eggs & chilled",Dairy & chilled essentials,,,£2.00,,£1.75,£6.67 / kg,7930286.0,Fresh egg pasta tortelloni with a ricotta and spinach filling,,https://assets.sainsburys-groceries.co.uk/gol/7930286/1/640x640.jpg,,,https://www.sainsburys.co.uk/gol-ui/product/sainsburys-spinach-ricotta-tortelloni-300g,,2024-08-20T13:10:06.857557-04:00
66-235-DAI,Pizza Express Margherita Pizza 245g,Pizza,"Dairy, eggs & chilled",Dairy & chilled essentials,,,£5.50,,,£22.45 / kg,3659274.0,"A pizza base topped with tomato sauce, mozzarella and Cheddar cheese and a sprinkle of oregano and black pepper.",,https://assets.sainsburys-groceries.co.uk/gol/3659274/1/640x640.jpg,,"Wheat Flour (Wheat Flour, Calcium Carbonate, Iron, Niacin, Thiamin), Mozzarella Cheese (Milk) (19%), Tomato (11%), Tomato Purée, Water, Cheddar Cheese (Milk) (4.5%), Rapeseed Oil, Semolina (Wheat), Salt, Sugar, Lemon Juice, Yeast, Oregano, Black Pepper, Basil",https://www.sainsburys.co.uk/gol-ui/product/pizza-express-margherita-8-pizza,,2024-08-20T13:10:20.536796-04:00
66-236-DAI,Sainsbury's Grated Parmesan Cheese 120g,Sainsbury's,"Dairy, eggs & chilled",Dairy & chilled essentials,,,£2.85,,,£23.75 / kg,1304466.0,Grated Italian Parmigiano Reggiano DOP medium fat hard cheese,,https://assets.sainsburys-groceries.co.uk/gol/1304466/1/640x640.jpg,,,https://www.sainsburys.co.uk/gol-ui/product/sainsburys-grated-parmesan-120g,,2024-08-20T13:10:41.483551-04:00
66-237-DAI,FAGE Total 0% Natural Fat Free Greek Recipe Strained Yogurt 450g,FAGE,"Dairy, eggs & chilled",Dairy & chilled essentials,,,£3.50,,,78p / 100g,6489819.0,Natural Fat Free,,https://assets.sainsburys-groceries.co.uk/gol/6489819/1/640x640.jpg,"Nutrient	per 100g		per 100g
Energy	230 kJ/ 54 kcal
Fat	0 g
of which saturates	0 g
Carbohydrate	3.0 g
of which sugars	3.0 g
Protein	10.3 g
Salt	0.10 g
Calcium	120 mg
% NRV*	15%","Pasteurised Skimmed Milk, Live Active Yoghurt Cultures (L. Bulgaricus, S. Thermophilus, L. Acidophilus, Bifidus, L. Casei)",https://www.sainsburys.co.uk/gol-ui/product/fage-total-0-natural-fat-free-greek-recipe-strained-yogurt-500g,,2024-08-20T13:10:55.310538-04:00
66-238-DAI,Clover Spread Alternative to Butter 500g,Clover,"Dairy, eggs & chilled",Dairy & chilled essentials,,,£2.45,,,£4.90 / kg,2194769.0,64% fat spread with buttermilk,10 g,https://assets.sainsburys-groceries.co.uk/gol/2194769/1/640x640.jpg,"Nutrient	per 100g	per 10g serving
Energy	2414kJ / 587kcal	241kJ / 59kcal
Fat	64.5g	6.4g
of which saturates	23.7g	2.4g
of which mono-unsaturates	27.4g	2.7g
of which polyunsaturates	10.7g	1.1g
Carbohydrate	1.0g	0.1g
of which sugars	1.0g	0.1g
Protein	0.7g	0.1g
Salt	1.5g	0.1g","Vegetable Oils in varying proportions (Sustainable Palm, Rapeseed), Buttermilk (20%), Water, Salt, Natural Flavouring, Colour (Carotenes)",https://www.sainsburys.co.uk/gol-ui/product/clover-spread-500g,,2024-08-20T13:11:09.630806-04:00
66-239-DAI,Müller Corner Vanilla Yogurt With Chocolate Balls 124g,Müller,"Dairy, eggs & chilled",Dairy & chilled essentials,,,90p,,,73p / 100g,7553391.0,Vanilla flavour yogurt with milk & white chocolate coated puffed rice balls (8%),,https://assets.sainsburys-groceries.co.uk/gol/7553391/1/640x640.jpg,"Nutrient	(Per 100g)		(Per 100g)
Energy	561kJ (133kcal)
Fat	3.9g
of which saturates	2.4g
Carbohydrate	18.9g
of which sugars	16.9g
Protein	4.9g
Salt	0.19g
Calcium	110mg (17% of NRV per pot)","Yogurt (Milk), Sugar, Water, Cocoa Butter, Milk Powder, Rice Flour, Wholesome Wheat Flour (Gluten), Wheat Flour (with added Calcium, Iron, Niacin, Thiamin), Cocoa Mass, Modified Starch, Wheat Fibre, Wheat Bran, Glucose Syrup, Coconut Oil, Flavourings, Colour: Carotenes, Lactose (Milk), Glazing Agent: Acacia Gum, Sweet Whey Powder (Milk), Barley Malt, Barley Flour, Salt, Milk Protein, Stabiliser: Pectins, Emulsifier: Soya Lecithin",https://www.sainsburys.co.uk/gol-ui/product/muller-corner-vanilla---chocolate-135g,,2024-08-20T13:11:22.657020-04:00
66-240-DAI,Yeo Valley Organic Natural Yogurt 450g,Yeo,"Dairy, eggs & chilled",Dairy & chilled essentials,,,£2.00,,£1.50,44p / 100g,2621708.0,Natural Yogurt,,https://assets.sainsburys-groceries.co.uk/gol/2621708/1/640x640.jpg,"Nutrient	Per 100g		Per 100g
Energy	298kJ/ 72kcal
Fat	3.8g
of which saturates	2.5g
Carbohydrate	4.9g
of which sugars	4.9g
Protein	4.2g
Salt*	0.12g
Calcium	166mg†","This Yogurt contains only Milk's Naturally occurring Sugar (Lactose), Contains the following Live Cultures: Bifidobacterium, Lactobacillus Acidophilus, Streptococcus Thermophilus",https://www.sainsburys.co.uk/gol-ui/product/yeo-valley-organic-natural-yogurt-500g,,2024-08-20T13:11:31.333925-04:00
66-241-DAI,"Sainsbury's British Semi Skimmed Milk, SO Organic 1.13L (2 pint)",Sainsbury's,Drinks,Dairy & chilled essentials,,1.13L,£1.55,,,£1.36 / ltr,6336297.0,Organic pasteurised homogenised semi skimmed milk,,https://assets.sainsburys-groceries.co.uk/gol/6336297/1/640x640.jpg,,,https://www.sainsburys.co.uk/gol-ui/product/sainsburys-british-semi-skimmed-milk-so-organic-113l-2-pint-,,2024-08-19T18:17:51.694156-04:00
66-242-DAI,Sainsbury's West Country Farmhouse Mature Cheddar Cheese 400g,Sainsbury's,"Dairy, eggs & chilled",Dairy & chilled essentials,,,£3.00,,,£7.50 / kg,7178920.0,West Country farmhouse Cheddar cheese,,https://assets.sainsburys-groceries.co.uk/gol/7178920/1/640x640.jpg,,,https://www.sainsburys.co.uk/gol-ui/product/sainsburys-west-country-farmhouse-mature-cheddar-cheese-400g,,2024-08-20T13:11:53.115489-04:00
66-243-DAI,"Frubes Kids Strawberry, Red Berry & Peach Yoghurt Tubes 9x37g",Frubes,"Dairy, eggs & chilled",Dairy & chilled essentials,,,£2.25,9 for £2.25,£1.50,68p / 100g,2852652.0,Yogurt with added calcium and vitamin D,,https://assets.sainsburys-groceries.co.uk/gol/2852652/1/640x640.jpg,"Nutrient	Per 100g	74g (2 tubes)		Per 100g	74g (2 tubes)
Energy	384kJ/ 91kcal	284kJ/ 67kcal
Fat	2.7 g	2.0 g
of which saturates	1.8 g	1.3 g
Carbohydrate	12.0 g	8.9 g
of which sugars	10.8 g	8.0 g
Protein	3.7 g	2.8 g
Salt	0.15 g	0.11 g
Calcium	162 mg 20% RI*	120 mg 15% RI*
Vitamin D	3.4 µg 68% RI*	2.5 µg 50% RI*","Yogurt (Skimmed Milk, Cream (Milk), Skimmed Milk Powder, Lactic Cultures (Milk)), Sugar 7.1%, Modified Manioc and Maize Starch, Calcium Citrate, Natural Flavourings, Stabiliser: Guar Gum, Acidity Regulator: Citric Acid, Preservative: Potassium Sorbate, Vitamin D",https://www.sainsburys.co.uk/gol-ui/product/petit-filous-frubes-9x40g,9x37g,2024-08-20T13:12:02.616240-04:00
66-244-DAI,Sainsbury's Oat Drink 1L,Sainsbury's,Drinks,Dairy & chilled essentials,,1L,£1.45,,,£1.45 / ltr,7996542.0,"Oat drink with added calcium and vitamins B2, B12 and D2",,https://assets.sainsburys-groceries.co.uk/gol/7996542/1/640x640.jpg,,,https://www.sainsburys.co.uk/gol-ui/product/sainsburys-oat-drink-1l,,2024-08-19T18:18:13.017510-04:00
66-245-DAI,Bertolli Olive Oil Spread 450g,Bertolli,"Dairy, eggs & chilled",Dairy & chilled essentials,,,£2.85,,,£6.33 / kg,2444888.0,59% Vegetable Fat Spread with 10% Olive Oil,,https://assets.sainsburys-groceries.co.uk/gol/2444888/1/640x640.jpg,"Nutrient	Per 100g		Per 100g
Energy	2184kJ/ 531kcal
Fat	59g
- of which saturates	17g
monounsaturates	33g
polyunsaturates	9.3g
Carbohydrate	<0.5g
- of which sugars	<0.5g
Protein	<0.5g
Salt	1.1g
Climate impact (kg CO₂-eq per 100g)	0.40
Vitamin A	800µg (100% DRI*)
Vitamin D	7.5µg (150% DRI*)","Vegetable Oils (Rapeseed, Palm, Olive (10%)), Water, Salt (1.1%), Buttermilk (Milk), Emulsifiers (Mono- & Diglycerides of Fatty Acids, Lecithin), Natural Flavourings, Vitamins A & D",https://www.sainsburys.co.uk/gol-ui/product/bertolli-500g,,2024-08-20T13:12:16.037186-04:00
66-246-DAI,Sainsbury's British Free Range Eggs Extra Large x6,Sainsbury's,"Dairy, eggs & chilled",Dairy & chilled essentials,,,£2.15,,,36p / ea,6468905.0,Free range British eggs. Class A,,https://assets.sainsburys-groceries.co.uk/gol/6468905/1/640x640.jpg,,,https://www.sainsburys.co.uk/gol-ui/product/sainsburys-woodland-free-range-very-large-eggs-x6,,2024-08-20T13:12:37.701324-04:00
66-247-DAI,Philadelphia Original Soft Cheese 165g,Philadelphia,"Dairy, eggs & chilled",Dairy & chilled essentials,,,£2.20,,,£13.33 / kg,7708696.0,Full fat soft cheese.,,https://assets.sainsburys-groceries.co.uk/gol/7708696/1/640x640.jpg,,"Full Fat Soft Cheese, Salt, Stabiliser (Guar Gum), Acid (Citric Acid)",https://www.sainsburys.co.uk/gol-ui/product/philadelphia-180g,,2024-08-20T13:12:51.157779-04:00
66-248-DAI,Sainsbury's French Mild Brie Cheese 200g,Sainsbury's,"Dairy, eggs & chilled",Dairy & chilled essentials,,,£1.69,,,£8.45 / kg,7908013.0,Soft Mould Ripened Pasteurised Cheese,,https://assets.sainsburys-groceries.co.uk/gol/7908013/1/640x640.jpg,,,https://www.sainsburys.co.uk/gol-ui/product/sainsburys-french-mild-brie-cheese-200g,,2024-08-20T13:13:12.817470-04:00
66-249-DAI,Tropicana Pure Smooth Orange Fruit Juice 1.5L,Tropicana,Drinks,Dairy & chilled essentials,,1.5L,£4.00,,£3.00,27p / 100ml,7553216.0,Smooth Orange Juice,,https://assets.sainsburys-groceries.co.uk/gol/7553216/1/640x640.jpg,"Nutrient	Per 100ml	Per 150ml	%**		Per 100ml	Per 150ml	%**
Energy	172kJ/ 40kcal	258kJ/ 61kcal	3%
Fat	0g	0g	0%
of which saturates	0g	0g	0%
Carbohydrate	9.3g	14g	-
of which sugars✝	8.6g	13g	14%
Fibre	0g	0g	-
Protein	0.8g	1.2g	-
Salt	0g	0g	0%
Vitamin C	28mg (35%**)	42mg	53%
Potassium	200mg (10%**)	300mg	15%",Orange Juice,https://www.sainsburys.co.uk/gol-ui/product/tropicana-smooth-orange-juice-175l,,2024-08-19T19:44:00.843619-04:00
66-250-DAI,Sainsbury's Beansprouts 300g,Sainsbury's,"Dairy, eggs & chilled",Dairy & chilled essentials,,,75p,,,£2.50 / kg,6369234.0,Beansprouts,,https://assets.sainsburys-groceries.co.uk/gol/6369234/1/640x640.jpg,,,https://www.sainsburys.co.uk/gol-ui/product/sainsburys-beansprouts-400g,,2024-08-20T13:13:33.773421-04:00
66-251-DAI,"Sainsbury's Woodland Free Range Golden Yolked Mixed Weight Eggs, Taste the Difference x6",Sainsbury's,"Dairy, eggs & chilled",Dairy & chilled essentials,,,£2.65,,,44p / ea,6407203.0,Free Range British Golden Yolk Eggs. Class A.,,https://assets.sainsburys-groceries.co.uk/gol/6407203/1/640x640.jpg,,,https://www.sainsburys.co.uk/gol-ui/product/sainsburys-golden-yolked-free-range-eggs--taste-the-difference-x6,,2024-08-20T13:13:56.254660-04:00
66-252-DAI,"Sainsbury's Woodland Free Range Medium Eggs, SO Organic x6",Sainsbury's,"Dairy, eggs & chilled",Dairy & chilled essentials,,,£2.60,,,43p / ea,6379768.0,Sainsbury's Organic Eggs. Class A,,https://assets.sainsburys-groceries.co.uk/gol/6379768/1/640x640.jpg,,,https://www.sainsburys.co.uk/gol-ui/product/sainsburys-free-range-woodland-medium-eggs--so-organic-x6,,2024-08-20T13:14:17.581987-04:00
66-253-DAI,Elmlea Double Alternative to Cream 270ml,Elmlea,"Dairy, eggs & chilled",Dairy & chilled essentials,,270ML,£1.45,,,54p / 100ml,2242576.0,A blend of buttermilk and vegetable oils.,,https://assets.sainsburys-groceries.co.uk/gol/2242576/1/640x640.jpg,"Nutrient	Per 100ml
Energy	1253kJ/ 303kcal
Fat	31g
- of which saturates	22g
Carbohydrate	4g
- of which sugars	3.9g
Protein	2.4g
Salt	0.1g","Buttermilk 69%, Vegetable Oils (Coconut, Rapeseed), Lactose, Emulsifiers (Soya Lecithin, Sucrose Esters of Fatty Acids), Stabilizers (Xanthan Gum, Locust Bean Gum, Carrageenan), Colour (Carotenes)",https://www.sainsburys.co.uk/gol-ui/product/elmlea-double-cream-substitute-284ml,,2024-08-20T13:14:31.057806-04:00
66-254-DAI,"Ginsters Cornish Pasty, 227g",Ginsters,"Dairy, eggs & chilled",Dairy & chilled essentials,,,£1.95,,,86p / 100g,2701622.0,"British minced beef with potato, onion and swede, distinctly seasoned with pepper, encased in light puff pastry.",,https://assets.sainsburys-groceries.co.uk/gol/2701622/1/640x640.jpg,"Nutrient	Per 100g
Energy	1096kJ/ 263kcal
Fat	15.4g
Saturates	7.3g
Carbohydrate	23.4g
Sugars	1.6g
Fibre	2.5g
Protein	6.4g
Salt	0.93g","Potato, Wheat Flour (Calcium Carbonate, Iron, Niacin, Thiamin), British Beef (15%), Vegetable Oil (Palm, Rapeseed, Sunflower), Water, Onion, Swede, Beef Fat, Salt, Cornflour, Egg, Milk, Pepper, Dried Onion, Sugar, Mustard, Dried Leeks, Coriander, Turmeric",https://www.sainsburys.co.uk/gol-ui/product/ginsters-large-cornish-pasty-227g,,2024-08-20T13:14:44.678468-04:00
66-255-DAI,Sainsbury's Egg Custard Tarts 4x81g,Sainsbury's,"Dairy, eggs & chilled",Cakes & tarts,All cakes & tarts,,£1.45,4 for £1.45,,45p / 100g,1294934.0,"Shortcrust pastry tarts filled with egg custard, topped with nutmeg",,https://assets.sainsburys-groceries.co.uk/gol/1294934/1/640x640.jpg,,,https://www.sainsburys.co.uk/gol-ui/product/sainsburys-free-range-egg-custard-tarts-x4,4x81g,2024-08-20T13:15:06.004159-04:00
66-256-DAI,Arla Lactofree Semi Skimmed Milk Drink 1L,Arla,Drinks,Dairy & chilled essentials,,1L,£1.85,,£1.50,£1.85 / ltr,6372891.0,Lactose Free Pasteurised Homogenised Semi Skimmed Filtered Milk Drink,,https://assets.sainsburys-groceries.co.uk/gol/6372891/1/640x640.jpg,"Nutrient	Per 100ml	Per 200ml		Per 100ml	Per 200ml
Energy	160kJ / 38kcal	320kJ / 76kcal
Fat	1.5g	3.1g
of which saturates	1.0g	1.9g
Carbohydrate	2.6g	5.3g
of which sugars	2.6g	5.2g
Protein	3.4g	6.9g
Salt	0.07g	0.14g
Vitamin B12	0.44µg (17.6% RI+)	0.88µg (35.2% RI+)
Calcium	112mg (14% RI+)	224mg (28% RI+)","Semi Skimmed Milk, Lactase Enzym",https://www.sainsburys.co.uk/gol-ui/product/arla-lactofree-fresh-semi-skimmed-dairy-drink-1l,,2024-08-19T18:19:07.542466-04:00
66-257-DAI,Müller Corner Vanilla Chocolate Balls & Banana Chocolate Flakes Yogurts 6x124g,Müller,"Dairy, eggs & chilled",Dairy & chilled essentials,,,£4.00,6 for £4.00,£2.50,54p / 100g,7553576.0,Vanilla flavour yogurt with milk & white chocolate coated puffed rice balls (8%) on the side x3 Banana yogurt with milk chocolate coated cornflakes (8%) on the side x3,,https://assets.sainsburys-groceries.co.uk/gol/7553576/1/640x640.jpg,"Nutrient	Per 100g		Per 100g		Per 100g		Per 100g
Energy	561kJ (133kcal)
Fat	3.9g
of which saturates	2.4g
Carbohydrate	18.9g
of which sugars	16.9g
Protein	4.9g
Salt	0.19g
Calcium	110mg
Energy	559kJ (133kcal)
Fat	4.0g
of which saturates	2.5g
Carbohydrate	18.5g
of which sugars	15.9g
Protein	5.0g
Salt	0.22g
Calcium	100µg","Yogurt (Milk), Sugar, Water, Cocoa Butter, Milk Powder, Rice Flour, Wholemeal Wheat Flour (Gluten), Wheat Flour (with added Calcium, Iron, Niacin, Thiamin), Cocoa Mass, Modified Starch, Wheat Fibre, Wheat Bran, Glucose Syrup, Coconut Oil, Flavourings, Colour: Carotenes, Lactose (Milk), Glazing Agent: Acacia Gum, Sweet Whey Powder (Milk), Barley Malt, Barley Flour, Salt, Milk Protein, Stabiliser: Pectins, Emulsifier: Soya Lecithin",https://www.sainsburys.co.uk/gol-ui/product/muller-corner-vanilla---banana-yogurts-with-chocolate-balls-6-x-130g-7553576-p,6x124g,2024-08-20T13:15:14.502108-04:00
66-258-DAI,Country Life Spreadable Blend of Butter & Rapeseed Oil Spread 500g,Country,"Dairy, eggs & chilled",Dairy & chilled essentials,,,£3.50,,£3.00,£7.00 / kg,3872987.0,"Butter with vegetable oil blended spread 66% (Milk Fat 41%, Vegetable Fat 25%)",,https://assets.sainsburys-groceries.co.uk/gol/3872987/1/640x640.jpg,"Nutrient	Per 100g:
Energy:	2452kJ / 596kcal
Fat:	66g
of which saturates:	27.8g
of which monounsaturates:	25.4g
of which polyunsaturates:	8.5g
Carbohydrate:	0.3g
of which sugars:	0.3g
Protein:	0.3g
Salt:	1.3g","Butter (50%), Rapeseed Oil (25%), Water, Salt",https://www.sainsburys.co.uk/gol-ui/product/country-life-spreadable-500g,,2024-08-20T13:15:24.510806-04:00
66-259-DAI,"Activia Mango, Strawberry, Kiwi & Apricot Multipack Yogurt 8x115g",Activia,"Dairy, eggs & chilled",Dairy & chilled essentials,,,£4.00,8 for £4.00,£3.25,43p / 100g,6361191.0,"Apricot, Strawberry, Kiwi, Mango Yogurts with Live Cultures",100 g,https://assets.sainsburys-groceries.co.uk/gol/6361191/1/640x640.jpg,"Nutrient	Per 100g	Per serving (115g)	% RI* (115g)		Per 100g	Per serving (115g)	% RI* (115g)		Per 100g	Per serving (115g)	% RI* (115g)		Per 100g	Per serving (115g)	% RI* (115g)		Per 100g	Per serving (115g)	% RI* (115g)		Per 100g	Per serving (115g)	% RI* (115g)		Per 100g	Per serving (115g)	% RI* (115g)		Per 100g	Per serving (115g)	% RI* (115g)
Energy (kJ/kcal)	380/ 90	437/ 104	5
Fat (g)	2.9	3.3	5
of which saturates (g)	1.9	2.2	11
Carbohydrate (g)	12	14	5
of which sugars (g)	12	14	15
Protein (g)	3.9	4.5	9
Salt (g)	0.14	0.16	3
Calcium (mg)	142	163	20
Energy (kJ/kcal)	379/ 90	436/ 104	5
Fat (g)	2.8	3.2	5
of which saturates (g)	1.9	2.2	11
Carbohydrate (g)	12	14	5
of which sugars (g)	12	14	15
Protein (g)	3.9	4.5	9
Salt (g)	0.14	0.16	3
Calcium (mg)	142	163	20
Energy (kJ/kcal)	383/ 91	440/ 105	5
Fat (g)	2.9	3.3	5
of which saturates (g)	1.9	2.2	11
Carbohydrate (g)	12	14	5
of which sugars (g)	12	14	15
Protein (g)	4.0	4.6	9
Salt (g)	0.14	0.16	3
Calcium (mg)	150	173	22
Energy (kJ/kcal)	385/ 91	443/ 105	5
Fat (g)	2.8	3.2	5
of which saturates (g)	1.9	2.2	11
Carbohydrate (g)	13	14	6
of which sugars (g)	12	14	15
Protein (g)	4.0	4.6	9
Salt (g)	0.15	0.17	3
Calcium (mg)	147	169	21","Yogurt (Milk), Mango (8%), Sugar, Modified Maize Starch, Carrot and Pumpkin Concentrate, Lemon Juice Concentrate, Natural Flavourings, Stabiliser (Pectin), Milk Minerals, Every pot contains an exclusive combination of cultures: (Lactobacillus Bulgaricus, Streptococcus Thermophilus, Lactococcus Lactis, Bifidobacterium Lactis (Bifidus, ActiRegularis®)",https://www.sainsburys.co.uk/gol-ui/product/activia-weekly-yellow-fruits-8x125g,8x115g,2024-08-20T13:15:33.522825-04:00
66-260-DAI,"Sainsbury's Woodland Free Range Mixed Weight Eggs, SO Organic x12",Sainsbury's,"Dairy, eggs & chilled",Dairy & chilled essentials,,,£4.65,,,39p / ea,6918898.0,Sainsbury's Organic Eggs. Class Aminimum net weight 646g,,https://assets.sainsburys-groceries.co.uk/gol/6918898/1/640x640.jpg,,,https://www.sainsburys.co.uk/gol-ui/product/sainsburys-free-range-woodland-mixed-sizes-eggs--so-organic-x12,,2024-08-20T13:15:55.663527-04:00
66-261-DAI,Actimel Strawberry Cultured Yogurt Drink 12x100g,Actimel,Drinks,Dairy & chilled essentials,,,£4.50,12 for £4.50,,38p / 100g,6361071.0,"Yogurt drink with L.Casei Danone cultures, vitamins D and B6, and strawberry.",,https://assets.sainsburys-groceries.co.uk/gol/6361071/1/640x640.jpg,"Nutrient	Per 100g	%RI*		Per 100g	%RI*
Energy	309 kJ/ 73 kcal	4
Fat	1.5 g	2
of which saturates	1.0 g	5
Carbohydrate	11 g	4
of which sugars	11 g	12
Fibre	1.0 g	-
Protein	2.8 g	6
Salt	0.10 g	2
Calcium (mg) (% RI*)	120 mg	15
Vitamin D	1.67 µg	33
Vitamin B6	0.21 mg	15","Yogurt (Milk), Skimmed Milk, Sugar / Liquid Sugar, Strawberry Purée (2.1%), Oligofructose (Fibre), Dextrose, Modified Starch, Milk Minerals, Natural Flavourings, Acidity Regulators (Citric Acid, Sodium Citrate), Lactobacillus Casei (L. Casei Danone®), Vitamins (D, B6)",https://www.sainsburys.co.uk/gol-ui/product/actimel-strawberry-yogurt-12x100g,12x100g,2024-08-19T19:44:34.324600-04:00
66-262-DAI,Cathedral City Extra Mature Cheddar Cheese 550g,Cathedral,"Dairy, eggs & chilled",Dairy & chilled essentials,,,£5.00,,£4.00,£9.09 / kg,7752452.0,Cheddar cheese.,30 g,https://assets.sainsburys-groceries.co.uk/gol/7752452/1/640x640.jpg,"Nutrient	per 100g	per 30g serving		per 100g	per 30g serving
Energy	1725kJ / 416kcal	518kJ / 125kcal
Fat	34.9g	10.5g
(of which saturates)	21.7g	6.5g
Carbohydrate	0.1g	0g
(of which sugars)	0.1g	0g
Protein	25.4g	7.6g
Salt	1.8g	0.5g
Calcium	739mg (92% RI)	222mg (28% RI)",,https://www.sainsburys.co.uk/gol-ui/product/cathedral-city-extra-mature-cheddar-550g-7752452-p-44,,2024-08-20T13:16:12.675191-04:00
66-263-DAI,Cathedral City Extra Mature Cheddar Cheese 350g,Cathedral,"Dairy, eggs & chilled",Dairy & chilled essentials,,,£3.50,,,£10.00 / kg,7373318.0,Cheddar cheese.,30 g,https://assets.sainsburys-groceries.co.uk/gol/7373318/1/640x640.jpg,"Nutrient	per 100g	per 30g serving		per 100g	per 30g serving
Energy	1725kJ / 416kcal	518kJ / 125kcal
Fat	34.9g	10.5g
(of which saturates)	21.7g	6.5g
Carbohydrate	0.1g	0g
(of which sugars)	0.1g	0g
Protein	25.4g	7.6g
Salt	1.8g	0.5g
Calcium	739mg (92% RI)	222mg (28% RI)",,https://www.sainsburys.co.uk/gol-ui/product/cathedral-city-extra-mature-cheddar-350g,,2024-08-20T13:16:34.659994-04:00
66-264-DAI,"Sainsbury's Extra Mature Cumbrian Cheddar, Taste the Difference 350g",Sainsbury's,"Dairy, eggs & chilled",Dairy & chilled essentials,,,£3.80,,,£10.86 / kg,8022806.0,Extra mature white Cheddar cheese.,,https://assets.sainsburys-groceries.co.uk/gol/8022806/1/640x640.jpg,,,https://www.sainsburys.co.uk/gol-ui/product/sainsburys-extra-mature-cumbrian-cheddar-taste-the-difference-350g,,2024-08-20T13:16:56.156323-04:00
66-265-DAI,Sainsbury's Stonebaked Pepperoni Hand Stretched Pizza 270g,Sainsbury's,"Dairy, eggs & chilled",Dairy & chilled essentials,,,£3.50,,£2.50,£12.96 / kg,7714684.0,"Hand stretched stonebaked pizza base topped with tomato and basil sauce, Mozzarella cheese and sliced pepperoni",,https://assets.sainsburys-groceries.co.uk/gol/7714684/1/640x640.jpg,,,https://www.sainsburys.co.uk/gol-ui/product/sainsburys-stonebaked-pepperoni-10-pizza,,2024-08-20T13:17:13.366697-04:00
66-266-DAI,Pilgrims Choice Extra Mature Cheddar Cheese 550g,Pilgrims,"Dairy, eggs & chilled",Dairy & chilled essentials,,,£5.40,,,£9.82 / kg,7855039.0,Pilgrims Choice Extra Mature Cheddar Cheese,,https://assets.sainsburys-groceries.co.uk/gol/7855039/1/640x640.jpg,"Nutrient	Per 100g		Per 100g
Energy Values	1725KJ/ 416 kcal
Fat	34.9g
(of which saturates)	21.7g
Carbohydrates	0.1g
(of which sugars)	0.1g
Protein	25.4g
Fibre	0.0g
Salt	1.8g
Calcium	739mg (92% RI* per 100g)",Cheddar Cheese (Milk),https://www.sainsburys.co.uk/gol-ui/product/pilgrims-choice-grated-mature-cheddar-200g,,2024-08-20T13:17:27.333537-04:00
66-267-DAI,Oatly Oat Drink Semi Chilled 1L,Oatly,"Dairy, eggs & chilled",Dairy & chilled essentials,,1L,£2.10,,,£2.10 / ltr,7937889.0,"Oat drink, with added vitamins and minerals. 1.5% fat.",,https://assets.sainsburys-groceries.co.uk/gol/7937889/1/640x640.jpg,,"Water, Oats 10 %, Rapeseed Oil, Acidity Regulator (Dipotassium Phosphate), Minerals (Calcium Carbonate, Potassium Iodide), Salt, Vitamins (D2, Riboflavin, B12)",https://www.sainsburys.co.uk/gol-ui/product/oatly-the-original-oat-drink-semi-1l,,2024-08-20T13:17:40.142843-04:00
66-268-DAI,"Sainsbury's Garlic Flatbread, Taste the Difference 195g",Sainsbury's,"Dairy, eggs & chilled",Naans & meal sides,All naans & meals sides,,£2.50,,£2.00,£1.28 / 100g,7466414.0,"Flatbread enriched with extra virgin olive oil (3%), topped with a roasted garlic, parsley, extra virgin olive oil (2.5%) and rapeseed oil dressing",,https://assets.sainsburys-groceries.co.uk/gol/7466414/1/640x640.jpg,,,https://www.sainsburys.co.uk/gol-ui/product/sainsburys-garlic-flatbread--taste-the-difference-195g,,2024-08-20T13:17:56.102474-04:00
66-269-DAI,Innocent Pure Orange Juice Smooth 1.35L,Innocent,Drinks,Dairy & chilled essentials,,1.35L,£4.10,,,30p / 100ml,7437991.0,Orange juice smooth,,https://assets.sainsburys-groceries.co.uk/gol/7437991/1/640x640.jpg,"Nutrient	100ml	150ml		100ml	150ml
Energy	154kJ (36kcal)	231kJ (55kcal)
Fat	0g	0g
(of which saturates)	0g	0g
Carbohydrate	7.8g	12g
(of which sugars)	7.8g	12g
Protein	0.7g	1.1g
Salt	0g	0g
Vitamin C	22mg (28%*)	33mg (41%*)",17 Juicy Oranges squeezed into every bottle,https://www.sainsburys.co.uk/gol-ui/product/innocent-smooth-orange-juice-135l,,2024-08-19T19:45:28.154206-04:00
66-270-DAI,Cathedral City Lighter Mature Cheddar Cheese 350g,Cathedral,"Dairy, eggs & chilled",Dairy & chilled essentials,,,£3.50,,,£10.00 / kg,7375086.0,Reduced Fat Cheddar Cheese.,30 g,https://assets.sainsburys-groceries.co.uk/gol/7375086/1/640x640.jpg,"Nutrient	per 100g	per 30g serving		per 100g	per 30g serving
Energy	1291kJ / 310kcal	387kJ / 93kcal
Fat	21.5g	6.5g
(of which saturates)	13.6g	4.1g
Carbohydrate	0.1g	0g
(of which sugars)	0.1g	0g
Protein	29.1g	8.7g
Salt	1.8g	0.5g
Calcium	845mg (106% RI)	254mg (32% RI)",,https://www.sainsburys.co.uk/gol-ui/product/cathedral-city-lighter-350g,,2024-08-20T13:18:17.981513-04:00
66-271-DAI,Dairylea Cheese Slices 8x20.5g,Dairylea,"Dairy, eggs & chilled",Dairy & chilled essentials,,,£1.45,8 for £1.45,,£8.84 / kg,8126800.0,Cheese spread slices with added calcium.,,https://assets.sainsburys-groceries.co.uk/gol/8126800/1/640x640.jpg,"Nutrient	100 g	20.5 g	%* / 20.5 g		100 g	20.5 g	%* / 20.5 g
Energy	930 kJ / 223 kcal	191 kJ / 46 kcal	2 %
Fat	14 g	2.8 g	4 %
of which Saturates	9.0 g	1.8 g	9 %
Carbohydrate	8.7 g	1.8 g	1 %
of which Sugars	6.8 g	1.4 g	2 %
Fibre	2.6 g	0.5 g	-
Protein	15 g	3.0 g	6 %
Salt	1.5 g	0.31 g	5 %
Calcium	678mg/85% of NRV**	139mg/17% of NRV	-","Skimmed Milk (Water, Skimmed Milk Powder), Cheese, Skimmed Milk Powder, Milk Protein, Milk Fat, Inulin, Modified Starch, Emulsifying Salts (Sodium Phosphates, Triphosphates, Polyphosphates, Sodium Citrates), Whey Powder (from Milk), Calcium Phosphates, Acidity Regulator (Lactic Acid), Salt",https://www.sainsburys.co.uk/gol-ui/product/dairylea-cheese-slices-8x205g,8x20.5g,2024-08-20T13:18:31.804440-04:00
66-272-DAI,"Sainsbury's West Country Lemon Curd Yogurt, Taste the Difference 150g",Sainsbury's,"Dairy, eggs & chilled",Dairy & chilled essentials,,,95p,,80p,63p / 100g,6433126.0,Lemon curd yogurt,,https://assets.sainsburys-groceries.co.uk/gol/6433126/1/640x640.jpg,,,https://www.sainsburys.co.uk/gol-ui/product/sainsburys-lemon-curd-west-country-yogurt--taste-the-difference-150g,,2024-08-20T13:18:48.946155-04:00
66-273-DAI,"Activia Strawberry, Raspberry, Cherry & Blueberry No Added Sugar Fat Free Multipack Yogurt 8x115g",Activia,"Dairy, eggs & chilled",Dairy & chilled essentials,,,£4.00,8 for £4.00,£3.25,43p / 100g,6571429.0,"Fat Free Strawberry, Raspberry, Cherry, Blueberry Yogurts with Live Cultures and Sweeteners",100 g,https://assets.sainsburys-groceries.co.uk/gol/6571429/1/640x640.jpg,"Nutrient	per 100g	per serving (115g)	% RI+ (115g)		per 100g	per serving (115g)	% RI+ (115g)		per 100g	per serving (115g)	% RI+ (115g)		per 100g	per serving (115g)	% RI+ (115g)		per 100g	per serving (115g)	% RI+ (115g)		per 100g	per serving (115g)	% RI+ (115g)		per 100g	per serving (115g)	% RI+ (115g)		per 100g	per serving (115g)	% RI+ (115g)
Energy (kJ/kcal)	209/ 49	240/ 56	3
Fat (g)	0.1	0.1	0
of which saturates (g)	0.1	0.1	1
Carbohydrate (g)	7.0	8.1	3
of which sugars (g)	6.6	7.6	8
Protein (g)	4.8	5.5	11
Salt (g)	0.25	0.29	5
Calcium (mg)	175	201	25
Energy (kJ/kcal)	210/ 49	242/ 56	3
Fat (g)	0.1	0.1	0
of which saturates (g)	0.1	0.1	1
Carbohydrate (g)	7.3	8.4	3
of which sugars (g)	6.9	7.9	9
Protein (g)	4.7	5.4	11
Salt (g)	0.25	0.28	5
Calcium (mg)	169	194	24
Energy (kJ/kcal)	205/ 48	235/ 55	3
Fat (g)	0.1	0.1	0
of which saturates (g)	0.1	0.1	1
Carbohydrate (g)	7.0	8.1	3
of which sugars (g)	6.6	7.6	8
Protein (g)	4.6	5.3	11
Salt (g)	0.25	0.29	5
Calcium (mg)	170	196	24
Energy (kJ/kcal)	205/ 48	2326/ 55	3
Fat (g)	0.1	0.1	0
of which saturates (g)	0.0	0.1	0
Carbohydrate (g)	6.9	7.9	3
of which sugars (g)	6.5	7.5	8
Protein (g)	4.8	5.5	11
Salt (g)	0.25	0.29	5
Calcium (mg)	174	200	25","Fat Free Yogurt (Milk), Raspberry (7%), Modified Maize Starch, Carrot Concentrate, Flavouring, Stabiliser (Pectin), Acidity Regulators (Sodium Citrate, Citric Acid), Sweeteners (Acesulfame K, Sucralose), Cultures (Bifidobacterium Lactis (Bifidus ActiRegularis), Streptococcus Thermophilus, Lactobacillus Bulgaricus, Lactococcus Lactis)",https://www.sainsburys.co.uk/gol-ui/product/activia-fat-free-red-fruit-yogurt-8x125g,8x115g,2024-08-20T13:18:57.912317-04:00
66-274-DAI,"Sainsbury's West Country Black Cherry Yogurt, Taste the Difference 150g",Sainsbury's,"Dairy, eggs & chilled",Dairy & chilled essentials,,,95p,,80p,63p / 100g,6283962.0,Black cherry yogurt,,https://assets.sainsburys-groceries.co.uk/gol/6283962/1/640x640.jpg,,,https://www.sainsburys.co.uk/gol-ui/product/sainsburys-noir-de-basle-black-cherry-west-country-yogurt--taste-the-difference-150g,,2024-08-20T13:19:14.093490-04:00
66-275-DAI,Sainsbury's Indian Chicken Tikka Masala with Pilau Rice Ready Meal for 1 400g,Sainsbury's,"Dairy, eggs & chilled",Dairy & chilled essentials,,,£3.30,,£2.75,£8.25 / kg,7807348.0,"Cooked marinated chicken breast pieces in a spiced cream, tomato, yogurt and cashew nut sauce, served with cooked pilau rice",,https://assets.sainsburys-groceries.co.uk/gol/7807348/1/640x640.jpg,,,https://www.sainsburys.co.uk/gol-ui/product/sainsburys-chicken-tikka-masala---rice-450g,,2024-08-20T13:19:30.223359-04:00
66-276-DAI,Sainsbury's British Mature Grated Cheddar Cheese 500g,Sainsbury's,"Dairy, eggs & chilled",Dairy & chilled essentials,,,£4.45,,,£8.90 / kg,1408737.0,Grated mature Cheddar cheese,,https://assets.sainsburys-groceries.co.uk/gol/1408737/1/640x640.jpg,,,https://www.sainsburys.co.uk/gol-ui/product/sainsburys-british-mature-grated-cheddar-500g,,2024-08-20T13:19:52.141363-04:00
66-277-DAI,Mini Babybel Original Cheese Snacks 6x20g,Mini,"Dairy, eggs & chilled",Dairy & chilled essentials,,,£2.45,6 for £2.45,,£20.42 / kg,2002941.0,100% Real Cheese,,https://assets.sainsburys-groceries.co.uk/gol/2002941/1/640x640.jpg,,"Pasteurised Milk, Salt, Lactic Ferments, Vegetarian Rennet",https://www.sainsburys.co.uk/gol-ui/product/mini-babybel-120g,6x20g,2024-08-20T13:20:05.918382-04:00
66-278-DAI,Sainsbury's Somerset Brie Cheese 230g,Sainsbury's,"Dairy, eggs & chilled",Dairy & chilled essentials,,,£3.00,,£2.65,£13.04 / kg,7179695.0,Somerset Brie,,https://assets.sainsburys-groceries.co.uk/gol/7179695/1/640x640.jpg,,,https://www.sainsburys.co.uk/gol-ui/product/sainsburys-somerset-brie-230g,,2024-08-20T13:20:22.327005-04:00
66-279-DAI,Sainsbury's Grated Cheddar & Mozzarella Mix 250g,Sainsbury's,"Dairy, eggs & chilled",Dairy & chilled essentials,,,£2.55,,,£10.20 / kg,7980932.0,A mix consisting of grated mild Cheddar and Mozzarella,,https://assets.sainsburys-groceries.co.uk/gol/7980932/1/640x640.jpg,,,https://www.sainsburys.co.uk/gol-ui/product/sainsburys-grated-cheddar-mozzarella-250g,,2024-08-20T13:20:44.631037-04:00
66-280-DAI,"innocent Kids Strawberries, Raspberries & Apples Smoothies 4x150ml",innocent,Drinks,Dairy & chilled essentials,,150ML,£3.60,4 for £3.60,£2.00,60p / 100ml,8013061.0,"This innocent smoothie is a blend of whole crushed fruit, pure fruit juices and nothing else.",,https://assets.sainsburys-groceries.co.uk/gol/8013061/1/640x640.jpg,,"1/2 of a Pressed Apple (47%), 1/3 of a Squeezed Orange, 1/3 of a Mashed Banana**, 3 Pressed Grapes, 3/4 of a Crushed Strawberry (5.5%), 1 Crushed Blackberry, A Crushed Raspberry (1.6%), **Rainforest Alliance Certified",https://www.sainsburys.co.uk/gol-ui/product/innocent-kids-strawberry-raspb-4x150ml,4x150ml,2024-08-19T19:46:43.041735-04:00
66-281-DAI,Sainsbury's Sweet & Crunchy Stir Fry 600g,Sainsbury's,"Dairy, eggs & chilled",Dairy & chilled essentials,,,£1.50,,,£2.50 / kg,7671914.0,"Stir fry vegetables with beansprouts, carrot and onion.",,https://assets.sainsburys-groceries.co.uk/gol/7671914/1/640x640.jpg,,,https://www.sainsburys.co.uk/gol-ui/product/sainsburys-sweet---crunchy-stir-fry-600g,,2024-08-20T13:21:06.159069-04:00
66-282-DAI,Sainsbury's Tomato & Mascarpone Sauce 350g (Serves 2),Sainsbury's,"Dairy, eggs & chilled",Dairy & chilled essentials,,,£1.90,,£1.50,54p / 100g,1127409.0,Tomato sauce with mascarpone cheese,,https://assets.sainsburys-groceries.co.uk/gol/1127409/1/640x640.jpg,,,https://www.sainsburys.co.uk/gol-ui/product/sainsburys-tomato---mascarpone-sauce-350g,,2024-08-20T13:21:23.419318-04:00
66-283-DAI,Sainsbury's Lighter Mature Cheese 400g,Sainsbury's,"Dairy, eggs & chilled",Dairy & chilled essentials,,,£3.00,,,£7.50 / kg,7241570.0,Medium fat mature cheese,,https://assets.sainsburys-groceries.co.uk/gol/7241570/1/640x640.jpg,,,https://www.sainsburys.co.uk/gol-ui/product/sainsburys-lighter-mature-cheddar-400g,,2024-08-20T13:21:46.151044-04:00
66-284-DAI,Pilgrims Choice Extra Mature Cheddar Cheese 350g,Pilgrims,"Dairy, eggs & chilled",Dairy & chilled essentials,,,£4.20,,£2.75,£12.00 / kg,7542206.0,Extra Mature Cheddar Cheese,,https://assets.sainsburys-groceries.co.uk/gol/7542206/1/640x640.jpg,"Nutrient	Per 100g		Per 100g
Energy Values	1725KJ/ 416 kcal
Fat	34.9g
(of which saturates)	21.7g
Carbohydrates	0.1g
(of which sugars)	0.1g
Protein	25.4g
Fibre	0.0g
Salt	1.8g
Calcium	739mg (92% RI* per 100g)",Cheddar Cheese (Milk),https://www.sainsburys.co.uk/gol-ui/product/pilgrims-choice-extra-mature-350g,,2024-08-20T13:21:54.402532-04:00
66-285-DAI,Müller Light Red Fruits Fat Free Yogurts 6x140g,Müller,"Dairy, eggs & chilled",Dairy & chilled essentials,,,£4.00,6 for £4.00,,48p / 100g,7510021.0,Smooth Raspberry & Cranberry Fat Free Yogurt with Sweetener and Added Vitamins B6 & D Strawberry Fat Free Yogurt with Sweetener and Added Vitamins B6 & D Cherry Fat Free Yogurt with Sweetener and Added Vitamins B6 & D,,https://assets.sainsburys-groceries.co.uk/gol/7510021/1/640x640.jpg,"Nutrient	Per 100g		Per 100g		Per 100g		Per 100g		Per 100g		Per 100g
Energy	241kJ (56kcal)
Fat	<0.5g
of which saturates	0.1g
Carbohydrate	7.6g
of which sugars	6.8g
Protein	5.6g
Salt	0.23g
	(50% of NRV per pot)
	(50% of NRV per pot)
	(28% of NRV per pot)
Vitamin B6	0.5mg
Vitamin D	1.79µg
Calcium	161mg
Energy	243kJ (58kcal)
Fat	<0.5g
of which saturates	0.1g
Carbohydrate	7.8g
of which sugars	7.0g
Protein	5.5g
Salt	0.23g
	(50% of NRV per pot)
	(50% of NRV per pot)
	(28% of NRV per pot)
Vitamin B6	0.5mg
Vitamin D	1.79µg
Calcium	161mg
Energy	254kJ (60kcal)
Fat	<0.5g
of which saturates	0.1g
Carbohydrate	8.3g
of which sugars	7.4g
Protein	5.5g
Salt	0.23g
	(50% of NRV per pot)
	(50% of NRV per pot)
	(28% of NRV per pot)
Vitamin B6	0.5mg
Vitamin D	1.79µg
Calcium	161mg","Yogurt (Milk), Raspberry Puree (8%), Strawberries (9%), Modified Maize Starch, Flavourings, Stabilisers: Pectins, Acidity Regulators: Sodium Citrates, Citric Acid, Colouring Foods: Beetroot Juice & Black Carrot Concentrates, Sweetener: Aspartame, Vitamin B6, Vitamin D",https://www.sainsburys.co.uk/gol-ui/product/mullerlight-red-fruit-6x175g,6x140g,2024-08-20T13:22:09.100971-04:00
66-286-DAI,Stamford Street Co. Pork Sausage Rolls x8 480g,Stamford,"Dairy, eggs & chilled",Dairy & chilled essentials,,,99p,,,21p / 100g,8121069.0,Seasoned pork filling in puff pastry,,https://assets.sainsburys-groceries.co.uk/gol/8121069/1/640x640.jpg,,,https://www.sainsburys.co.uk/gol-ui/product/allcroft-sausage-rolls-x8-480g,,2024-08-20T13:22:30.718091-04:00
66-287-DAI,Actimel Multifruit Cultured Yogurt Drink 12x100g,Actimel,Drinks,Dairy & chilled essentials,,,£4.50,12 for £4.50,,38p / 100g,6361135.0,"Yogurt drink with L. casei Danone cultures, vitamins B6 and D and multifruit.",,https://assets.sainsburys-groceries.co.uk/gol/6361135/1/640x640.jpg,"Nutrient	Per 100g	% RI*		Per 100g	% RI*
Energy	322 kJ/ 76 kcal	4%
Fat	1.5 g	2%
of which saturates	1.0 g	5%
Carbohydrate	12 g	4%
of which sugars	11 g	13%
Fibre	1.0 g	-
Protein	2.8 g	6%
Salt	0.10 g	2%
Calcium (% RI*)	120 mg	15%
Vitamin D	1.67 µg	33%
Vitamin B6	0.21 mg	15%","Yogurt (Milk), Skimmed (Milk), Sugar / Liquid Sugar, Fruit Juice from Concentrate (2.1%) (Pineapple, Peach, Orange, Strawberry), Oligofructose (Fibre), Dextrose, Modified Starch, Milk Minerals, Natural Flavouring, Acidity Regulators (Citric Acid, Sodium Citrate), Stabiliser (Pectin), Lactobacillus Casei (L. Casei Danone®), Vitamins (D, B6)",https://www.sainsburys.co.uk/gol-ui/product/actimel-multi-fruit-12x100g,12x100g,2024-08-19T19:46:22.761892-04:00
66-288-DAI,Cadbury Dairy Milk Buttons Chocolate Dessert 75g,Cadbury,"Dairy, eggs & chilled",Dairy & chilled essentials,,,£1.15,,,£1.53 / 100g,6923055.0,Milk chocolate dessert with milk chocolate buttons.,,https://assets.sainsburys-groceries.co.uk/gol/6923055/1/640x640.jpg,"Nutrient	Per 100g	Per 75g pot
Energy	1176kJ/ 281kcal	882kJ/ 211kcal
Fat	15.0g	11.3g
of which saturates	8.4g	6.3g
Carbohydrate	31.2g	23.4g
of which sugars	28.0g	21.0g
Fibre	1.2g	0.9g
Protein	4.7g	3.5g
Salt	0.13g	0.10g","Water, Milk Chocolate (30%) (Milk, Sugar, Cocoa Butter, Cocoa Mass, Vegetable Fats (Palm Shea), Emulsifier (E442), Flavourings), Concentrated Skimmed Milk, Sugar, Palm Oil, Cream, Fat Reduced Cocoa Powder, Modified Maize Starch, Emulsifier (E471), Pork Gelatine, Dried Whey (from Milk), Stabilisers (Pectin, E412), Dried Glucose Syrup, Acidity Regulator (Sodium Citrates), Salt",https://www.sainsburys.co.uk/gol-ui/product/cadbury-twin-pot-buttons-90g,,2024-08-20T13:22:44.055638-04:00
66-289-DAI,Sainsbury's Strawberry Trifle 4x125g,Sainsbury's,"Dairy, eggs & chilled",Dairy & chilled essentials,,,£3.00,4 for £3.00,,60p / 100g,7260546.0,"4 Pots with strawberries in a strawberry flavoured jelly topped with sponge, custard and decorated with sweetened cream",,https://assets.sainsburys-groceries.co.uk/gol/7260546/1/640x640.jpg,,,https://www.sainsburys.co.uk/gol-ui/product/sainsburys-strawberry-trifles-x4-125g,4x125g,2024-08-20T13:23:05.263274-04:00
66-290-DAI,Alpro Blueberry & Cherry Soya Plant Based Yoghurt Alternative 4x125g,Alpro,"Dairy, eggs & chilled",Dairy & chilled essentials,,,£2.50,4 for £2.50,,50p / 100g,7227349.0,"Fermented soya product, blueberry / cherry, with added calcium and vitamins.",,https://assets.sainsburys-groceries.co.uk/gol/7227349/1/640x640.jpg,"Nutrient	per 100 g		per 100 g		per 100 g		per 100 g
Energy	293 kJ / 70 kcal
Fat	2.2 g
of which Saturates	0.4 g
Carbohydrate	8.2 g
of which Sugars	7.9 g
Fibre	1.0 g
Protein	3.7 g
Salt	0.15 g
D	0.75 µg*
B12	0.38 µg*
Riboflavin (B2)	0.21 mg*
Minerals: Calcium	120 mg*
Energy	314 kJ / 75 kcal
Fat	2.0 g
of which Saturates	0.4 g
Carbohydrate	9.4 g
of which Sugars	9.3 g
Fibre	1.0 g
Protein	3.7 g
Salt	0.21 g
D	0.75 µg*
B12	0.38 µg*
Riboflavin (B2)	0.21 mg*
Minerals: Calcium	120 mg*","Soya Base (Water, Hulled Soya Beans (9.8%)), Sugar, Blueberry (5.7%), Calcium (Tri-Calciumcitrate), Stabiliser (Pectins), Acidity Regulators (Citric Acid, Sodium Citrates), Natural Flavouring, Blueberry Extract, Carrot Extract, Sea Salt, Antioxidants (Tocopherol-Rich Extract, Fatty Acid Esters of Ascorbic Acid), Vitamins (B2, B12, D2), Yogurt Cultures (S. Thermophilus, L. Bulgaricus)",https://www.sainsburys.co.uk/gol-ui/product/alpro-blueberry-cherry-yogurt-alternative-4x125g,4x125g,2024-08-20T13:23:19.560675-04:00
66-291-DAI,Pukka Pies All Steak Pie 209g,Pukka,"Dairy, eggs & chilled",Dairy & chilled essentials,,,£2.00,,£1.50,69p / 100g,6858989.0,"Tender pieces of steak and rich gravy, in a light puff pastry case.",,https://assets.sainsburys-groceries.co.uk/gol/6858989/1/640x640.jpg,"Nutrient	Amount per 100g	Amount per Pie
Energy	961kj/ 230kcal	2105kj/ 503kcal
Fat	12.6g	27.7g
of which Saturates	6.6g	14.4g
Carbohydrates	19.8g	43.4g
of which Sugars	1.1g	2.5g
Fibre	0.9g	1.9g
Protein	8.8g	19.2g
Salt	1.1g	2.4g","Beef (29%), Water, Wheat Flour (contains: Wheat Flour, Calcium Carbonate, Iron, Niacin, Thiamine), Margarine (contains: Palm & Rapeseed Fats & Oils, Water, Salt), Modified Maize Starch, Beef Flavour Powder, Salt, Flavour Enhancer: Monosodium Glutamate, Onion Powder, Caramelised Sugar Powder, Pepper, Barley Malt Extract, Butter (contains: Milk), Wheat Protein, Beef from EU approved suppliers (UK & abroad)",https://www.sainsburys.co.uk/gol-ui/product/pukka-all-steak-pie-233g,,2024-08-20T13:23:27.528015-04:00
66-292-DAI,Arla Lactofree Mature Cheddar Cheese 200g,Arla,"Dairy, eggs & chilled",Dairy & chilled essentials,,,£2.50,,,£12.50 / kg,7706929.0,Lactose Free* Mature Cheddar Cheese,,https://assets.sainsburys-groceries.co.uk/gol/7706929/1/640x640.jpg,"Nutrient	Per 100g	Per 30g		Per 100g	Per 30g
Energy	1725kJ/ 416kcal	485kJ/ 117kcal
Fat	35g	9.6g
of which saturates	22g	6.24g
Carbohydrate	<0.5g	0.03g
of which sugars	<0.5g	0.03g
Protein	25g	7.65g
Salt	1.8g	0.5g
Calcium	739mg (92% RI+)	207mg (26% RI+)",,https://www.sainsburys.co.uk/gol-ui/product/lactofree-mature-cheddar-200g,,2024-08-20T13:23:49.393849-04:00
66-293-DAI,Cathedral City Mature Cheddar Cheese Slices x6 150g,Cathedral,"Dairy, eggs & chilled",Dairy & chilled essentials,,,£2.40,,,£16.00 / kg,7637136.0,Cheddar Cheese.,,https://assets.sainsburys-groceries.co.uk/gol/7637136/1/640x640.jpg,"Nutrient	per 100g	per 25g slice		per 100g	per 25g slice
Energy	1725kJ / 416kcal	431kJ / 104kcal
Fat	34.9g	8.7g
(of which saturates)	21.7g	5.4g
Carbohydrate	0.1g	0g
(of which sugars)	0.1g	0g
Protein	25.4g	6.4g
Salt	1.8g	0.5g
Calcium	739mg (92% RI)	185mg (23% RI)",,https://www.sainsburys.co.uk/gol-ui/product/cathedral-city-mature-slices-150g,,2024-08-20T13:24:10.918666-04:00
66-294-DAI,Copella Cloudy Apple Fruit Juice 1.35L,Copella,Drinks,Dairy & chilled essentials,,1.35L,£3.50,,,26p / 100ml,7744897.0,Apple Juice,,https://assets.sainsburys-groceries.co.uk/gol/7744897/1/640x640.jpg,,"Apple Juice, Antioxidant: Ascorbic Acid (Vitamin C)",https://www.sainsburys.co.uk/gol-ui/product/copella-apple-15l,,2024-08-19T19:47:58.825302-04:00
66-295-DAI,Sainsbury's Chinese Sweet & Sour Chicken with Rice Ready Meal for 1 400g,Sainsbury's,"Dairy, eggs & chilled",Dairy & chilled essentials,,,£3.30,,,£8.25 / kg,6303134.0,"Cooked marinated chicken breast pieces in a sweet and sour sauce with onion, red pepper and pineapple, served with long grain rice with egg and peas",,https://assets.sainsburys-groceries.co.uk/gol/6303134/1/640x640.jpg,,,https://www.sainsburys.co.uk/gol-ui/product/sainsburys-sweet---sour-chicken-with-rice-450g,,2024-08-20T13:24:32.149077-04:00
66-296-DAI,Sainsbury's Tomato & Basil Sauce 350g (Serves 2),Sainsbury's,"Dairy, eggs & chilled",Dairy & chilled essentials,,,£1.90,,£1.50,54p / 100g,7077056.0,Tomato sauce with basil,,https://assets.sainsburys-groceries.co.uk/gol/7077056/1/640x640.jpg,,,https://www.sainsburys.co.uk/gol-ui/product/sainsburys-tomato---basil-sauce-350g-7077056-p-44,,2024-08-20T13:24:48.758913-04:00
66-297-DAI,The Coconut Collaborative Natural Yogurt Alternative 350g,The,"Dairy, eggs & chilled",Dairy & chilled essentials,,,£2.50,,,71p / 100g,7783545.0,Cultured Coconut Dessert.,,https://assets.sainsburys-groceries.co.uk/gol/7783545/1/640x640.jpg,,"Coconut Milk (63%), Coconut Water (21%), Water, Corn Starch, Corn Fibre, Potato Starch, Stabiliser (Fruit Pectin), Cultures (S.Thermophilus + L. Bulgaricus, Lactobacillus Acidophilus, Bifidobacterium Lactis)",https://www.sainsburys.co.uk/gol-ui/product/coconut-co-natural-yogurt-alternative--350g,,2024-08-20T13:25:02.164627-04:00
66-298-DAI,Alpro Strawberry Banana Peach Pear Soya Plant Based Yoghurt Alternative 4x125g,Alpro,"Dairy, eggs & chilled",Dairy & chilled essentials,,,£2.50,4 for £2.50,,50p / 100g,3486788.0,"Fermented soya product, strawberry-banana / peach-pear, with added calcium and vitamins.",,https://assets.sainsburys-groceries.co.uk/gol/3486788/1/640x640.jpg,"Nutrient	per 100 g		per 100 g		per 100 g		per 100 g
Energy	292 kJ / 69 kcal
Fat	1.9 g
of which Saturates	0.3 g
Carbohydrate	8.4 g
of which Sugars	8.1 g
Fibre	0.9 g
Protein	3.6 g
Salt	0.09 g
D	0.75 µg*
C	12 mg*
B12	0.38 µg*
Riboflavin (B2)	0.21 mg*
Minerals: Calcium	120 mg*
Energy	292 kJ / 69 kcal
Fat	1.9 g
of which Saturates	0.3 g
Carbohydrate	8.3 g
of which Sugars	8.1 g
Fibre	1.0 g
Protein	3.6 g
Salt	0.14 g
D	0.75 µg*
C	12 mg*
B12	0.38 µg*
Riboflavin (B2)	0.21 mg*
Minerals: Calcium	120 mg*","Soya Base (Water, Hulled Soya Beans (9.7%)), Sugar, Strawberry (6.6%), Banana (2.4%), Calcium (Tri-Calciumcitrate), Stabiliser (Pectins), Natural Flavourings, Carrot Extract, Acidity Regulators (Citric Acid, Sodium Citrates), Sea Salt, Antioxidants (Tocopherol-Rich Extract, Fatty Acid Esters of Ascorbic Acid), Vitamins (B2, B12, C, D2), Yogurt Cultures (S. Thermophilus, L. Bulgaricus)",https://www.sainsburys.co.uk/gol-ui/product/alpro-smooth-yogurt-alternative-4x125g,4x125g,2024-08-20T13:25:16.186940-04:00
66-299-DAI,Rachel's Organic Divine Rice Puddings 2x150g,Rachel's,"Dairy, eggs & chilled",Dairy & chilled essentials,,,£2.25,2 for £2.25,£1.50,75p / 100g,6337751.0,Traditional Creamy Rice Pudding,,https://assets.sainsburys-groceries.co.uk/gol/6337751/1/640x640.jpg,"Nutrient	Per 100g
Energy	574kJ/ 137kcal
Fat	5.4g
of which saturates	3.5g
Carbohydrate	18.5g
of which sugars	10.4g
Protein	3.4g
Salt	0.3g","Organic Milk, Organic Rice 10.4%, Organic Sugar, Organic Cream 5.3% (from Milk), Organic Pasteurised Whole Egg, Organic Rice Starch, Sea Salt",https://www.sainsburys.co.uk/gol-ui/product/rachels-organic-traditional-divine-rice-puddings-2x150g,2x150g,2024-08-20T13:25:24.036430-04:00
66-300-DAI,Davidstow Crackler Cornish Extra Mature Cheddar Cheese 320g,Davidstow,"Dairy, eggs & chilled",Dairy & chilled essentials,,,£4.75,,,£14.84 / kg,7639342.0,Cheddar Cheese,,https://assets.sainsburys-groceries.co.uk/gol/7639342/1/640x640.jpg,"Nutrient	(per 100g)
Energy	1725kJ/ 416kcal
Fat	34.9g
(of which saturates)	21.7g
Carbohydrate	0.1g
(of which sugars)	0.1g
Protein	25.4g
Salt	1.8g","Local Cows' Milk, Bespoke Starter Culture, Vegetarian Rennet, Salt, Time",https://www.sainsburys.co.uk/gol-ui/product/davidstow-crackler-320g,,2024-08-20T13:25:37.806326-04:00
66-301-DAI,"Activia Rhubarb, Prune, Fig, Blackberry & Strawberry Multipack Yogurt 8x115g",Activia,"Dairy, eggs & chilled",Dairy & chilled essentials,,,£4.00,8 for £4.00,£3.25,43p / 100g,6361184.0,"Rhubarb, Fig, Blackberry-Raspberry, Prune Yogurts with Live Cultures",100 g,https://assets.sainsburys-groceries.co.uk/gol/6361184/1/640x640.jpg,"Nutrient	Per 100g	Per serving (115g)	% RI+ (115g)		Per 100g	Per serving (115g)	% RI+ (115g)		Per 100g	Per serving (115g)	% RI+ (115g)		Per 100g	Per serving (115g)	% RI+ (115g)		Per 100g	Per 115g	% RI+ (115g)		Per 100g	Per 115g	% RI+ (115g)		Per 100g	Per serving	% RI+ (115g)		Per 100g	Per serving	% RI+ (115g)
Energy (kJ/kcal)	395/ 94	454/ 108	5
Fat (g)	2.8	3.2	5
of which saturates (g)	1.9	2.2	11
Carbohydrate (g)	13	15	6
of which sugars (g)	12	14	16
Protein (g)	3.9	4.5	9
Salt (g)	0.25	0.29	5
Calcium (mg)	143	165	21
Energy (kJ/kcal)	387/ 92	445/ 106	5
Fat (g)	2.9	3.3	5
of which saturates (g)	1.9	2.2	11
Carbohydrate (g)	12	14	5
of which sugars (g)	12	14	15
Protein (g)	4.0	4.6	9
Salt (g)	0.15	0.17	3
Calcium (mg)	152	174	22
Energy (kJ/kcal)	381/ 83	438/ 95	5
Fat (g)	2.9	3.3	5
of which saturates (g)	1.9	2.2	11
Carbohydrate (g)	12	14	5
of which sugars (g)	12	14	15
Protein (g)	4.0	4.6	9
Salt (g)	0.14	0.16	3
Calcium (mg)	148	170	21
Energy (kJ/kcal)	382/ 91	439/ 105	5
Fat (g)	2.8	3.2	5
of which saturates (g)	1.9	2.2	11
Carbohydrate (g)	12	14	5
of which sugars (g)	12	14	15
Protein (g)	3.9	4.5	9
Salt (g)	0.14	0.16	3
Calcium (mg)	156	179	22","Yogurt (Milk), Prune (8%), Sugar, Natural Flavourings, Modified Maize Starch, Concentrated Lemon Juice, Stabiliser (Pectin), Milk Minerals, Cultures (Bifidobacterium Lactis (Bifidus ActiRegularis), Streptococcus Thermophilus, Lactobacillus Bulgaricus, Lactococcus Lactis)",https://www.sainsburys.co.uk/gol-ui/product/activia-weekly-red-fruits-yogurt-8x125g,8x115g,2024-08-20T13:25:47.929811-04:00
66-302-DAI,"Sainsbury's Fish Pie, Taste the Difference 400g (Serves 1)",Sainsbury's,"Dairy, eggs & chilled",Dairy & chilled essentials,,,£4.50,,£3.75,£11.25 / kg,6288597.0,"Mashed potato with smoked haddock, salmon, pollock and King prawns in a creamy cheese sauce topped with an extra mature Cheddar cheese breadcrumb",,https://assets.sainsburys-groceries.co.uk/gol/6288597/1/640x640.jpg,,,https://www.sainsburys.co.uk/gol-ui/product/sainsburys-luxury-fish-pie--taste-the-difference-400g-6288597-p-44,,2024-08-20T13:26:04.073936-04:00
66-303-DAI,Sainsbury's Large Melton Mowbray Pork Pie 454g,Sainsbury's,"Dairy, eggs & chilled",Dairy & chilled essentials,,,£3.60,,,79p / 100g,565790.0,"Seasoned, uncured pork, baked in hot-water crust pastry",,https://assets.sainsburys-groceries.co.uk/gol/565790/1/640x640.jpg,,,https://www.sainsburys.co.uk/gol-ui/product/sainsburys-large-melton-mowbray-pork-pie-440g,,2024-08-20T13:26:25.762586-04:00
66-304-DAI,Cadbury Flake Chocolate Dessert 75g,Cadbury,"Dairy, eggs & chilled",Dairy & chilled essentials,,,£1.15,,,£1.53 / 100g,6924032.0,Milk chocolate dessert with milk chocolate pieces.,,https://assets.sainsburys-groceries.co.uk/gol/6924032/1/640x640.jpg,"Nutrient	Per 100g	Per 75g pot
Energy	1128kJ/ 270kcal	846kJ/ 202kcal
Fat	14.1g	10.6g
of which saturates	7.9g	5.9
Carbohydrate	30.4g	22.8g
of which sugars	27.5g	20.6g
Fibre	1.3g	1.0g
Protein	4.7g	3.5g
Salt	0.13g	0.10g","Water, Milk Chocolate (28%) (Milk, Sugar, Cocoa Butter, Cocoa Mass, Vegetable Fats (Palm, Shea), Emulsifier (E442) Flavourings), Concentrated Skimmed Milk, Sugar, Palm Oil, Cream, Fat Reduced Cocoa Powder, Modified Maize Starch, Emulsifier (E471), Pork Gelatine, Dried Whey (from Milk), Stabilisers (Pectin, E412), Dried Glucose Syrup, Acidity Regulator (Sodium Citrates), Salt",https://www.sainsburys.co.uk/gol-ui/product/cadbury-twin-pot-flake-90g,,2024-08-20T13:26:39.036153-04:00
66-305-DAI,Cathedral City Grated Mature Cheddar Cheese 180g,Cathedral,"Dairy, eggs & chilled",Dairy & chilled essentials,,,£2.40,,,£13.33 / kg,7752894.0,Grated cheddar cheese.,30 g,https://assets.sainsburys-groceries.co.uk/gol/7752894/1/640x640.jpg,"Nutrient	per 100g	per 30g serving		per 100g	per 30g serving
Energy	1715kJ / 414kcal	515kJ / 124kcal
Fat	34.2g	10.3g
(of which saturates)	21.4g	6.4g
Carbohydrate	1.6g	0.5g
(of which sugars)	0.1g	0g
Protein	24.9g	7.5g
Salt	1.8g	0.5g
Calcium	728mg (91% RI)	218mg (27% RI)","Cheddar Cheese (Milk), Potato Starch",https://www.sainsburys.co.uk/gol-ui/product/cathedral-city-grated-mature-cheddar-cheese-180g,,2024-08-20T13:26:52.249003-04:00
66-306-DAI,Sainsbury's Fresh Egg Tagliatelle 500g,Sainsbury's,"Dairy, eggs & chilled",Dairy & chilled essentials,,,£2.25,,£2.00,£4.50 / kg,636056.0,Fresh Egg Pasta,,https://assets.sainsburys-groceries.co.uk/gol/636056/1/640x640.jpg,,,https://www.sainsburys.co.uk/gol-ui/product/sainsburys-fresh-tagliatelle-500g,,2024-08-20T13:27:08.423526-04:00
66-307-DAI,New Covent Garden Classic Chicken Soup 560g,New,"Dairy, eggs & chilled",Dairy & chilled essentials,,,£2.00,,£1.50,36p / 100g,4030744.0,Chicken and potato soup with single cream,,https://assets.sainsburys-groceries.co.uk/gol/4030744/1/640x640.jpg,,"Water, Potato (20%), Onion, Chicken (5%) [Chicken, Salt], Single Cream (Milk) (4%), Roast Chicken Stock [Roast Chicken, Rehydrated Potato, Water, Yeast Extract, Salt, Chicken Fat], Cornflour, Salted Butter [Butter (Milk), Salt], Garlic Puree, Salt, Black Pepper",https://www.sainsburys.co.uk/gol-ui/product/new-covent-garden-our-best-chicken-soup-600g,,2024-08-20T13:27:16.618005-04:00
66-308-DAI,Happy Egg Large Free Range Eggs x10,Happy,"Dairy, eggs & chilled",Dairy & chilled essentials,,,£4.10,,,41p / ea,7184395.0,Happy hens lay tasty eggs,100 g,https://assets.sainsburys-groceries.co.uk/gol/7184395/1/640x640.jpg,"Nutrient	Per 100g	Per Serving (2 Medium Eggs)		Per 100g	Per Serving (2 Medium Eggs)
Energy	547 kJ/ 131 kcal	552 kJ/ 132 kcal
Fat	9.0g	9.1g
of which saturates	2.5g	2.5g
Carbohydrate	<0.5g	<0.5g
of which sugars	<0.5g	<0.5g
Protein	12.6g	12.7g
Salt	0.39g	0.40g
Vitamin D	4µg 80% RI*	4.04µg 80.8% RI*",,https://www.sainsburys.co.uk/gol-ui/product/happy-egg-large-free-range-eggs-x10,,2024-08-20T13:27:38.554886-04:00
66-309-DAI,Sainsbury's Chicken & Bacon Tortelloni 300g,Sainsbury's,"Dairy, eggs & chilled",Dairy & chilled essentials,,,£2.00,,£1.75,£6.67 / kg,7930272.0,Fresh egg pasta tortelloni with a chicken and smoked bacon filling,,https://assets.sainsburys-groceries.co.uk/gol/7930272/1/640x640.jpg,,,https://www.sainsburys.co.uk/gol-ui/product/sainsburys-chicken-bacon-tortelloni-300g,,2024-08-20T13:27:55.120626-04:00
66-310-DAI,,Sainsbury's,"Dairy, eggs & chilled",Dairy & chilled essentials,,,£2.55,,,£10.20 / kg,7571958.0,Grated medium fat mature cheese,,https://assets.sainsburys-groceries.co.uk/gol/7571958/1/640x640.jpg,,,https://www.sainsburys.co.uk/gol-ui/product/sainsburys-lighter-mature-grated-250g,,2024-08-20T13:28:21.915559-04:00
66-311-DAI,"Sainsbury's Spicy Tomato, Lentil & Red Pepper Soup 600g (Serves 2)",Sainsbury's,"Dairy, eggs & chilled",Dairy & chilled essentials,,,£1.80,,,30p / 100g,6577504.0,"A soup with tomatoes, red split lentils and red pepper",,https://assets.sainsburys-groceries.co.uk/gol/6577504/1/640x640.jpg,,,https://www.sainsburys.co.uk/gol-ui/product/sainsburys-tomato--lentil---red-pepper-soup-600g,,2024-08-20T13:28:43.895514-04:00
66-312-DAI,Stamford Street Co. Mild Cheddar Slices x10 200g,Stamford,"Dairy, eggs & chilled",Dairy & chilled essentials,,,£1.39,,,£6.95 / kg,8085907.0,10 Mild Cheddar cheese slices.,,https://assets.sainsburys-groceries.co.uk/gol/8085907/1/640x640.jpg,,,https://www.sainsburys.co.uk/gol-ui/product/sainsburys-mary-ann-dairy-mild-cheddar-slices-200g,,2024-08-20T13:29:05.349679-04:00
66-313-DAI,Sainsbury's Garlic Baguette 195g,Sainsbury's,"Dairy, eggs & chilled",Bread,All bread,,£1.00,,,51p / 100g,355094.0,Baguette filled with garlic and parsley spread with butter,,https://assets.sainsburys-groceries.co.uk/gol/355094/1/640x640.jpg,,,https://www.sainsburys.co.uk/gol-ui/product/sainsburys-garlic-baguette-210g,,2024-08-20T13:29:27.068976-04:00
66-314-DAI,"Sainsbury's Cottage Pie, Taste the Difference 400g (Serves 1)",Sainsbury's,"Dairy, eggs & chilled",Dairy & chilled essentials,,,£4.25,,£3.50,£10.63 / kg,6288331.0,Mashed potato with British beef in red wine gravy topped with extra mature Cheddar cheese and breadcrumb,,https://assets.sainsburys-groceries.co.uk/gol/6288331/1/640x640.jpg,,,https://www.sainsburys.co.uk/gol-ui/product/sainsburys-cottage-pie--taste-the-difference-400g-6288331-p-44,,2024-08-20T13:29:43.750279-04:00
66-315-DAI,Alpro Vanilla Soya Plant Based Yoghurt Alternative 500g,Alpro,"Dairy, eggs & chilled",Dairy & chilled essentials,,,£2.10,,,42p / 100g,7063455.0,"Fermented soya product, vanilla flavoured, with added calcium and vitamins.",,https://assets.sainsburys-groceries.co.uk/gol/7063455/1/640x640.jpg,"Nutrient	per 100 g		per 100 g
Energy	280 kJ / 66 kcal
Fat	2.2 g
of which Saturates	0.4 g
Carbohydrate	7.5 g
of which Sugars	7.5 g
Fibre	0.9 g
Protein	3.7 g
Salt	0.20 g
- D2	0.75 µg*
- B12	0.38 µg*
- Riboflavin (B2)	0.21 mg*
- Calcium	120 mg*","Soya Base (90.9%) (Water, Hulled Soya Beans (9.9%)), Sugar, Stabilis- Er (Pectins), Acidity Regulators (Citric Acid, Sodium Citrates), Calcium (Tri-Calcium Phosphate), Carrot Concentrate, Sea Salt, Flavourings, Natural Vanilla Flavouring, Exhausted Vanilla Bean (0.03%), Antioxi- Dants (Tocopherol-Rich Extract, Fatty Acid Esters of Ascorbic Acid), Vitamins B2, B12, D2, Live Cultures (S. Thermophilus, L. Bulgaricus)",https://www.sainsburys.co.uk/gol-ui/product/alpro-soya-vanilla-yogurt--500g,,2024-08-20T13:29:56.771762-04:00
66-316-DAI,Alpro Soya Milk Chilled Dairy Alternative 1L,Alpro,Drinks,Dairy & chilled essentials,,1L,£2.00,,,£2.00 / ltr,3979624.0,"Soya drink with added calcium, iodine and vitamins, flash pasteurised.",,https://assets.sainsburys-groceries.co.uk/gol/3979624/1/640x640.jpg,"Nutrient	per 100 ml		per 100 ml
Energy	161 kJ / 39 kcal
Fat	1.8 g
of which Saturates	0.3 g
Carbohydrate	2.5 g
of which Sugars	2.5 g
Fibre	0.5 g
Protein	3.0 g
Salt	0.08 g
D2	0.75 µg*
B12	0.38 µg*
Riboflavin (B2)	0.21 mg*
Calcium	120 mg*
Iodine	22.5 µg*","Soya Base (97%) (Water, Hulled Soya Beans (8%)), Sugar, Acidity Regulators (Potassium Phosphates), Calcium (Calcium Carbonate), Flavouring, Sea Salt, Stabiliser (Gellan Gum), Potassium Iodide, Vitamins B2, B12, D2",https://www.sainsburys.co.uk/gol-ui/product/alpro-original-chilled-milk-alternative-1l,,2024-08-19T18:25:50.165472-04:00
66-317-DAI,Actimel Strawberry Blueberry Cultured Yogurt Drink 12x100g,Actimel,Drinks,Dairy & chilled essentials,,,£4.50,12 for £4.50,,38p / 100g,7697469.0,"Yogurt drink with L. casei Danone cultures, vitamins D and B6, and blueberry. Yogurt drink with L. casei Danone cultures, vitamins D and B6, and strawberry.",,https://assets.sainsburys-groceries.co.uk/gol/7697469/1/640x640.jpg,"Nutrient	Per 100g	% RI*		Per 100g	% RI*		Per 100g	% RI		Per 100g	% RI
Energy (kJ/kcal)	308/ 73	4
Fat(g)	1.4	2
of which saturates (g)	1.0	5
Carbohydrate (g)	11	4
of which sugars (g)	11	12
Fibre (g)	1.1	-
Protein (g)	2.8	6
Salt (g)	0.10	2
Calcium (mg)	120	15
Vitamin D (µg)	1.67	33
Vitamin B6 (mg)	0.21	15
Energy (kJ/kcal)	305/ 72	4
Fat(g)	1.4	2
of which saturates (g)	1.0	5
Carbohydrate (g)	11	4
of which sugars (g)	11	12
Fibre (g)	1.0	-
Protein (g)	2.8	6
Salt (g)	0.10	2
Calcium (mg)	120	15
Vitamin D (µg)	1.67	33
Vitamin B6 (mg)	0.21	15","Yogurt (Milk), Skimmed (Milk), Sugar/Liquid Sugar, Oligofructose (Fibre), Blueberry Purée (1.2%), Blackberry Purée (1.1%), Dextrose, Modified Starch, Milk Minerals Concentrate, Flavourings, Acidity Regulators (Citric Acid, Sodium Citrate), Lactobacillus Casei (L. Casei Danone®), Vitamins (D, B6)",https://www.sainsburys.co.uk/gol-ui/product/actimel-yogurt-drink-strawberry---blueberry-12x100g,12x100g,2024-08-19T19:49:48.700884-04:00
66-318-DAI,Sainsbury's Cheese & Onion Quiche 400g,Sainsbury's,"Dairy, eggs & chilled",Dairy & chilled essentials,,,£3.00,,£2.50,75p / 100g,447195.0,"A quiche made with a blend of cheeses, onion and a creamy free range British egg custard in a shortcrust pastry case",,https://assets.sainsburys-groceries.co.uk/gol/447195/1/640x640.jpg,,,https://www.sainsburys.co.uk/gol-ui/product/sainsburys-cheese---onion-quiche-400g,,2024-08-20T13:30:13.260555-04:00
66-319-DAI,Sainbury's Macaroni Cheese Ready Meal For 1 400g,Sainbury's,"Dairy, eggs & chilled",Dairy & chilled essentials,,,£3.30,,,£8.25 / kg,7856456.0,Macaroni pasta in a creamy cheese sauce topped with mature Cheddar cheese,,https://assets.sainsburys-groceries.co.uk/gol/7856456/1/640x640.jpg,,,https://www.sainsburys.co.uk/gol-ui/product/sainsburys-macaroni-cheese-375g-serves-1-,,2024-08-20T13:30:34.899720-04:00
66-320-DAI,Sainsbury's Fresh Egg Fusilli 500g,Sainsbury's,"Dairy, eggs & chilled",Dairy & chilled essentials,,,£2.25,,,£4.50 / kg,6280588.0,Fresh egg pasta,,https://assets.sainsburys-groceries.co.uk/gol/6280588/1/640x640.jpg,,,https://www.sainsburys.co.uk/gol-ui/product/sainsburys-fresh-egg-fusilli-500g,,2024-08-20T13:30:56.681609-04:00
66-321-DAI,Sainsbury's Lighter Mozzarella Cheese 125g,Sainsbury's,"Dairy, eggs & chilled",Dairy & chilled essentials,,,£1.20,,,£9.60 / kg,1192377.0,"Reduced fat mozzarella cheese made with pasterurised cows' milk, packed in brine",,https://assets.sainsburys-groceries.co.uk/gol/1192377/1/640x640.jpg,,,https://www.sainsburys.co.uk/gol-ui/product/sainsburys-lighter-mozzarella-cheese-125g,,2024-08-20T13:31:18.798394-04:00
66-322-DAI,Sainsbury's British Medium Grated Cheddar Cheese 250g,Sainsbury's,"Dairy, eggs & chilled",Dairy & chilled essentials,,,£2.55,,,£10.20 / kg,1408744.0,Grated medium Cheddar cheese,,https://assets.sainsburys-groceries.co.uk/gol/1408744/1/640x640.jpg,,,https://www.sainsburys.co.uk/gol-ui/product/sainsburys-british-medium-grated-cheddar-250g,,2024-08-20T13:31:39.993571-04:00
66-323-DAI,Sainsbury's Quiche Lorraine 170g,Sainsbury's,"Dairy, eggs & chilled",Dairy & chilled essentials,,,£2.00,,,£1.18 / 100g,1145267.0,"A quiche made with smoked reformed British bacon with added water, a blend of cheeses and a creamy free range British egg custard in a shortcrust pastry case",,https://assets.sainsburys-groceries.co.uk/gol/1145267/1/640x640.jpg,,,https://www.sainsburys.co.uk/gol-ui/product/sainsburys-quiche-lorraine-170g,,2024-08-20T13:32:01.994562-04:00
66-324-DAI,Muller Light Fat Free Yogurts With Chocolate Sprinkles 6x140g,Muller,"Dairy, eggs & chilled",Dairy & chilled essentials,,,£4.00,6 for £4.00,,48p / 100g,6923279.0,"Smooth Caramel Flavour Fat Free Yogurt with Dark Chocolate Sprinkles (0.5%), with Sugar & Sweeteners x2 Vanilla Flavour Fat Free Yogurt with Dark Chocolate Sprinkles (0.5%), with Sugar & Sweeteners and Added Vitamins B6 & D x2 Orange Fat Free Yogurt with Dark Chocolate Sprinkles (0.5%), with Sugar & Sweeteners and Added Vitamins B6 & D x2",,https://assets.sainsburys-groceries.co.uk/gol/6923279/1/640x640.jpg,"Nutrient	Per 100g	(% of NRV per pot)		Per 100g	(% of NRV per pot)		Per 100g	(% of NRV per pot)		Per 100g	(% of NRV per pot)		Per 100g	(% of NRV per pot)		Per 100g	(% of NRV per pot)
Energy	253kJ (60kcal)	-
Fat	0.5g	-
of which saturates	0.3g	-
Carbohydrate	7.3g	-
of which sugars	6.8g	-
Protein	5.8g	-
Salt	0.26g	-
Vitamin B6	0.53mg	53%
Vitamin D	1.9µg	53%
Calcium	172mg	30%
Energy	254kJ (60kcal)	-
Fat	0.5g	-
of which saturates	0.3g	-
Carbohydrate	7.3g	-
of which sugars	6.8g	-
Protein	5.8g	-
Salt	0.25g	-
Vitamin B6	0.53mg	53%
Vitamin D	1.9µg	53%
Calcium	172mg	30%
Energy	255kJ (60kcal)	-
Fat	0.5g	-
of which saturates	0.3g	-
Carbohydrate	7.4g	-
of which sugars	6.8g	-
Protein	5.8g	-
Salt	0.27g	-
Vitamin B6	0.53mg	53%
Vitamin D	1.9µg	53%
Calcium	172mg	30%","Yogurt (Milk), Water, Orange Juice from Concentrate (2%), Modified Maize Starch, Flavourings, Cocoa Butter, Cocoa Powder, Fat Reduced Cocoa Powder, Concentrated Butter (Milk), Sugar, Stabilisers: Pectins, Guar Gum, Acidity Regulators: Citric Acid, Sodium Citrates, Sweeteners: Aspartame, Acesulfame K, Colour: Carotenes",https://www.sainsburys.co.uk/gol-ui/product/muller-light-chocolate-6-pack,6x140g,2024-08-20T13:32:16.847181-04:00
66-325-DAI,Sainsbury's Tomato & Mozzarella Tortelloni 300g,Sainsbury's,"Dairy, eggs & chilled",Dairy & chilled essentials,,,£2.00,,£1.75,£6.67 / kg,7930095.0,Fresh egg pasta Tortelloni with a cheese and tomato filling.,,https://assets.sainsburys-groceries.co.uk/gol/7930095/1/640x640.jpg,,,https://www.sainsburys.co.uk/gol-ui/product/sainsburys-tomato-mozzarella-tortelloni-300g,,2024-08-20T13:32:34.069752-04:00
66-326-DAI,The Happy Egg Co. Free Range Large Eggs x6,The,"Dairy, eggs & chilled",Dairy & chilled essentials,,,£2.90,,,48p / ea,6921094.0,Happy hens lay tasty eggs,100 g,https://assets.sainsburys-groceries.co.uk/gol/6921094/1/640x640.jpg,"Nutrient	Per 100g	Per Serving (2 Large Eggs)		Per 100g	Per Serving (2 Large Eggs)
Energy	547kJ/ 131kcal	648kJ/ 154kcal
Fat	9.0g	10.6g
of which saturates	2.5g	3.0g
Carbohydrate	<0.5g	<0.5g
of which sugars	<0.5g	<0.5g
Protein	12.6g	15.0g
Salt	0.39g	0.45g
Vitamin D	4µg 80% RI*	4.74µg 95% RI*",,https://www.sainsburys.co.uk/gol-ui/product/happy-egg-large-free-range-eggs-x6,,2024-08-20T13:32:55.995688-04:00
66-327-DAI,Stamford Street Co. Mild Cheddar 600g,Stamford,"Dairy, eggs & chilled",Dairy & chilled essentials,,,£3.50,,,£5.83 / kg,7646860.0,Mild Cheddar Cheese,,https://assets.sainsburys-groceries.co.uk/gol/7646860/1/640x640.jpg,,,https://www.sainsburys.co.uk/gol-ui/product/sainsburys-mild-white--basics-625g,,2024-08-20T13:33:17.778439-04:00
66-328-DAI,Muller Rice Apple & Raspberry Low Fat Pudding Dessert 6x170g,Muller,"Dairy, eggs & chilled",Dairy & chilled essentials,,,£4.00,6 for £4.00,£2.50,39p / 100g,7232874.0,3 X Creamy Dairy Rice with Raspberry. 3 X Creamy Dairy Rice with Apple.,,https://assets.sainsburys-groceries.co.uk/gol/7232874/1/640x640.jpg,"Nutrient	per 100g		per 100g		per 100g		per 100g
Energy	424kJ (100kcal)
Fat	1.8g
of which saturates	1.1g
Carbohydrate	18.0g
of which sugars	12.1g
Protein	3.0g
Salt	0.2g
Calcium	72mg
Energy	420kJ (99kcal)
Fat	1.8g
of which saturates	1.1g
Carbohydrate	17.8g
of which sugars	12.2g
Protein	3.0g
Salt	0.2g
Calcium	72mg","Buttermilk, Water, Sugar, Rice (7%), Skimmed Milk from Concentrate, Cream (Milk) (4%), Skimmed Milk, Raspberries (2.5%), Raspberry Puree (2.5%), Modified Maize Starch, Stabiliser: Guar Gum, Salt, Acidity Regulators: Ascorbic Acid, Sodium Citrates, Colouring Food: Beetroot Juice Concentrate, Flavourings, Colour: Carmines",https://www.sainsburys.co.uk/gol-ui/product/muller-rice-raspberry---apple-6x180g,6x170g,2024-08-20T13:33:26.009760-04:00
66-329-DAI,Stork Baking Spread Alternative to Butter 500g,Stork,"Dairy, eggs & chilled",Dairy & chilled essentials,,,£1.70,,,£3.40 / kg,2001661.0,Baking spread alternative to butter,,https://assets.sainsburys-groceries.co.uk/gol/2001661/1/640x640.jpg,"Nutrient	per 100g		per 100g
Energy	2593kJ/ 620kcal
Fat	70g
- of which saturates	23g
Carbohydrate	<0.5g
- of which sugars	<0.5g
Protein	<0.5g
Salt	1.4g
Vitamin A	800 µg (100% DRI*)
Vitamin D	7.5 µg (150% DRI*)","Vegetable Oils 70% (Rapeseed, Palm¹, Sunflower in varying proportions), Water, Salt (1.4%), Emulsifiers (Lecithin, Mono- and Diglycerides of Fatty Acids), Acid (Citric Acid), Colouring (Carotene), Natural Flavouring, Vitamins (A,D), ¹Stork is commited to Sustainable Palm Oil",https://www.sainsburys.co.uk/gol-ui/product/stork-baking-spread-alternative%C2%A0to%C2%A0butter-500g,,2024-08-20T13:33:39.381331-04:00
66-330-DAI,Muller Rice Original Low Fat Pudding Dessert 170g,Muller,"Dairy, eggs & chilled",Dairy & chilled essentials,,,90p,,,53p / 100g,7232892.0,Creamy dairy rice.,,https://assets.sainsburys-groceries.co.uk/gol/7232892/1/640x640.jpg,"Nutrient	per 100g		per 100g
Energy	406kJ (96kcal)
Fat	2.1g
of which saturates	1.3g
Carbohydrate	15.8g
of which sugars	9.7g
Protein	3.5g
Salt	0.2g
Calcium	85mg (18% of NRV per pot)","Buttermilk, Water, Rice (8%), Skimmed Milk from Concentrate, Sugar, Cream (Milk) (5%), Skimmed Milk, Stabiliser: Guar Gum, Salt, Flavourings",https://www.sainsburys.co.uk/gol-ui/product/muller-rice-original-190g,,2024-08-20T13:33:52.705848-04:00
66-331-DAI,Sainsbury's Sausages & Mash 400g (Serves 1),Sainsbury's,"Dairy, eggs & chilled",Dairy & chilled essentials,,,£3.30,,£2.50,£8.25 / kg,1190687.0,2 Pork sausages with onion gravy and mashed potato,,https://assets.sainsburys-groceries.co.uk/gol/1190687/1/640x640.jpg,,,https://www.sainsburys.co.uk/gol-ui/product/sainsburys-british-classic-bangers---mash-450g,,2024-08-20T13:34:09.232790-04:00
66-332-DAI,Sainsbury's British Extra Mature Grated Cheddar Cheese 250g,Sainsbury's,"Dairy, eggs & chilled",Dairy & chilled essentials,,,£2.55,,,£10.20 / kg,1408782.0,Grated extra mature Cheddar cheese,,https://assets.sainsburys-groceries.co.uk/gol/1408782/1/640x640.jpg,,,https://www.sainsburys.co.uk/gol-ui/product/sainsburys-british-extra-mature-grated-cheddar-250g,,2024-08-20T13:34:30.980004-04:00
66-333-DAI,Yorkshire Provender Roast Chicken Soup With Traditional Vegetables 560g,Yorkshire,"Dairy, eggs & chilled",Dairy & chilled essentials,,,£3.20,,,57p / 100g,7939364.0,Vegetable and roast chicken soup,,https://assets.sainsburys-groceries.co.uk/gol/7939364/1/640x640.jpg,"Nutrient	(as sold) Per 100g
Energy	231kJ/ 55kcal
Fat	2.3g
of which saturates	1.4g
Carbohydrate	4.8g
of which sugars	1.5g
Fibre	0.9g
Protein	3.5g
Salt	0.65g","Vegetables (49%) (Potato, Carrot, Onion, Savoy Cabbage, Broccoli, Leek, Celeriac (Celery), Parsnip, Celery), Water, Chicken (5%) (Roast Chicken, Chicken), Roast Chicken Stock [Water, Roast Chicken, Yeast Extract, Salt, Potato Flake, Chicken Fat], Double Cream (Milk), Vegetable Bouillon [Salt, Potato Starch, Dried Vegetables (Celeriac (Celery), Onion, Garlic, Tomato), Spices (Celery, Turmeric, Black Pepper, Mace, Nutmeg), Herbs (Lovage, Parsley)], Unsalted Butter (Milk), Garlic Purée, Fresh Yorkshire† Parsley, Thyme, Black Pepper, Salt, †Subject to seasonal availability approx. May to October",https://www.sainsburys.co.uk/gol-ui/product/yorkshire-provender-roast-chicken-soup-with-traditional-vegetables-600g,,2024-08-20T13:34:44.519663-04:00
66-334-DAI,Sainsbury's Lentil Dahl Soup 600g (Serves 2),Sainsbury's,"Dairy, eggs & chilled",Dairy & chilled essentials,,,£1.80,,,30p / 100g,7509605.0,"A soup with carrots, potatoes, tomatoes, lentils and chickpeas",,https://assets.sainsburys-groceries.co.uk/gol/7509605/1/640x640.jpg,,,https://www.sainsburys.co.uk/gol-ui/product/sainsburys-lentil-dahl-soup-600g,,2024-08-20T13:35:06.740768-04:00
66-335-DAI,Sainsbury's Cottage Pie 400g (Serves 1),Sainsbury's,"Dairy, eggs & chilled",Dairy & chilled essentials,,,£3.30,,£2.50,£8.25 / kg,1190502.0,"British minced beef, onion and carrot in gravy topped with mashed potato",,https://assets.sainsburys-groceries.co.uk/gol/1190502/1/640x640.jpg,,,https://www.sainsburys.co.uk/gol-ui/product/sainsburys-british-classic-cottage-pie-450g,,2024-08-20T13:35:23.200072-04:00
66-336-DAI,"Sainsbury's Lasagne Ready Meal For 1, Taste the Difference 400g",Sainsbury's,"Dairy, eggs & chilled",Dairy & chilled essentials,,,£4.25,,,£10.63 / kg,6302306.0,"British beef ragù with smoked pancetta bacon and red wine, with layers of egg pasta, topped with béchamel and Parmigiano Reggiano D.O.P cheese",,https://assets.sainsburys-groceries.co.uk/gol/6302306/1/640x640.jpg,,,https://www.sainsburys.co.uk/gol-ui/product/sainsburys-al-forno-lasagne--taste-the-difference-400g-6302306-p-44,,2024-08-20T13:35:45.173428-04:00
66-337-DAI,Sainsbury's British Mild Cheddar Cheese Slices 240g,Sainsbury's,"Dairy, eggs & chilled",Dairy & chilled essentials,,,£2.65,,,£11.04 / kg,1225976.0,10 Mild Cheddar cheese slices,,https://assets.sainsburys-groceries.co.uk/gol/1225976/1/640x640.jpg,,,https://www.sainsburys.co.uk/gol-ui/product/sainsburys-british-mild-cheddar-slices-240g,,2024-08-20T13:36:08.275277-04:00
66-338-DAI,Tropicana Original Orange Fruit Juice with Bits 900ml,Tropicana,Drinks,Dairy & chilled essentials,,900ML,£3.00,,,33p / 100ml,2405247.0,Orange Juice with Bits,,https://assets.sainsburys-groceries.co.uk/gol/2405247/1/640x640.jpg,"Nutrient	Per 100ml	Per 150ml	%*		Per 100ml	Per 150ml	%*
Energy	175kJ/ 41kcal	262kJ/ 62kcal	3%
Fat	0g	0g	0%
of which saturates	0g	0g	0%
Carbohydrate	9.3g	13g	-
of which sugars†	8.6g	0.6g	14%
Fibre	0.4g	0.6g	-
Protein	0.8g	1.2g	-
Salt	0g	0g	0%
Vitamin C	28mg (35%*)	42mg	53%
Potassium	200mg (10%*)	300mg	15%",Orange Juice,https://www.sainsburys.co.uk/gol-ui/product/tropicana-original-orange-juice-with-bits-1l,,2024-08-19T19:51:50.084154-04:00
66-339-DAI,Elmlea Single Alternative To Cream 270ml,Elmlea,"Dairy, eggs & chilled",Dairy & chilled essentials,,270ML,£1.35,,,50p / 100ml,2004495.0,Pour and cook,,https://assets.sainsburys-groceries.co.uk/gol/2004495/1/640x640.jpg,"Nutrient	Per 100ml:
Energy	661kJ/ 159kcal
Fat	15g
- of which saturates	9.2g
Carbohydrates	4.5g
- of which sugars	4.5g
Protein	3g
Salt	0.16g","Buttermilk 86%, Vegetable Oils (Palm, Rapeseed), Stabilizers (Guar Gum, Carrageenan, Locust Bean Gum), Emulsifier (Polyglycerol Ester of Fatty Acids), Colour Carotenes)",https://www.sainsburys.co.uk/gol-ui/product/elmlea-single-cream-substitute-284ml,,2024-08-20T13:36:22.032812-04:00
66-340-DAI,Sainsbury's Belgian Chocolate Eclairs 4x34g,Sainsbury's,"Dairy, eggs & chilled",Cakes & tarts,All cakes & tarts,,£2.25,4 for £2.25,,£1.65 / 100g,6035170.0,4 Choux pastry éclairs filled with sweetened cream and topped with Belgian chocolate fondant,,https://assets.sainsburys-groceries.co.uk/gol/6035170/1/640x640.jpg,,,https://www.sainsburys.co.uk/gol-ui/product/sainsburys-fresh-cream-belgian-chocolate-eclairs-4x35g,4x34g,2024-08-20T13:36:43.194367-04:00
66-341-DAI,"Sainsbury's Broccoli, Tomato & Cheese Quiche 400g",Sainsbury's,"Dairy, eggs & chilled",Dairy & chilled essentials,,,£3.00,,£2.50,75p / 100g,584265.0,"A quiche made with broccoli florets, tomato, extra mature Cheddar cheese and a creamy free range British egg custard in a shortcrust pastry case",,https://assets.sainsburys-groceries.co.uk/gol/584265/1/640x640.jpg,,,https://www.sainsburys.co.uk/gol-ui/product/sainsburys-broccoli--tomato---cheese-quiche-400g,,2024-08-20T13:39:25.626483-04:00
66-342-DAI,St Helen's Farm Semi Skimmed Goats Milk 1L,St,Drinks,Dairy & chilled essentials,,1L,£2.15,,,£2.15 / ltr,4150862.0,Fresh pasteurised semi-skimmed goat's milk,200 ml,https://assets.sainsburys-groceries.co.uk/gol/4150862/1/640x640.jpg,"Nutrient	per 100ml	% NRV	per 200ml serving	% NRV		per 100ml	% NRV	per 200ml serving	% NRV
Energy - kJ	183kJ	-	366kJ	-
- kcal (Calories)	44kcal	-	88kcal	-
Fat	1.6g	-	3.2g	-
- of which saturates	1.1g	-	2.2g	-
Carbohydrate	4.3g	-	8.6g	-
- of which sugars	4.3g	-	8.6g	-
Protein	3.0g	-	6.0g	-
Salt	0.1g	-	0.2g	-
Calcium	120mg	15%	240mg	30%
Phosphorus	83mg	12%	166mg	24%
Potassium	219mg	11%	438mg	22%",,https://www.sainsburys.co.uk/gol-ui/product/st-helens-semi-skimmed-goats-milk-1l,,2024-08-19T18:28:48.131109-04:00
66-343-DAI,Sainsbury's Stonebaked BBQ Chicken Hand Stretched Pizza 300g,Sainsbury's,"Dairy, eggs & chilled",Dairy & chilled essentials,,,£3.50,,£2.50,£11.67 / kg,7971209.0,"Hand stretched stonebaked pizza base topped with tomato and BBQ sauce, Mozzarella and Cheddar cheese, BBQ British chicken, sweetcorn and red pepper",,https://assets.sainsburys-groceries.co.uk/gol/7971209/1/640x640.jpg,,,https://www.sainsburys.co.uk/gol-ui/product/sainsburys-stonebaked-bbq-chicken-hand-stretched-pizza-300g,,2024-08-20T13:39:41.374893-04:00
66-344-DAI,Elmlea Double Light Alternative To Cream 270ml,Elmlea,"Dairy, eggs & chilled",Dairy & chilled essentials,,270ML,£1.35,,,50p / 100ml,3222195.0,A blend of buttermilk and vegetable oils.,,https://assets.sainsburys-groceries.co.uk/gol/3222195/1/640x640.jpg,"Nutrient	Per 100ml
Energy	1017kJ/ 244kcal
Fat	24g
- of which saturates	21g
Carbohydrates	4g
- of which sugars	4g
Protein	2.7g
Salt	0.1g","Buttermilk 71%, Vegetable Oils (Coconut, Rapeseed), Emulsifiers (Soya Lecithin, Sucrose Esters of Fatty Acids), Stabilisers (Guar Gum, Xanthan Gum, Carrageenan), Colour (Carotenes)",https://www.sainsburys.co.uk/gol-ui/product/elmlea-light-double-cream-substitute-284ml,,2024-08-20T13:39:54.611487-04:00
66-345-DAI,Actimel Original 0% Added Sugar Fat Free Yogurt Drink 12x100g,Actimel,Drinks,Dairy & chilled essentials,,,£4.50,12 for £4.50,,38p / 100g,6361117.0,"Yogurt drink with L. casei Danone cultures, vitamins D and B6 and sweeteners.",,https://assets.sainsburys-groceries.co.uk/gol/6361117/1/640x640.jpg,"Nutrient	Per 100g	% RI**		Per 100g	% RI**
Energy (kJ/kcal)	115/ 27	1
Fat (g)	0.1	0
of which saturates (g)	0	0
Carbohydrate (g)	3.0	1
of which sugars (g)	3.0	3
Fibre (g)	0.2	-
Protein (g)	2.7	5
Salt (g)	0.10	2
Calcium (mg)	120	15
Vitamin D (µg)	1.67	33
Vitamin B6 (mg)	0.21	15","Yogurt (Milk), Water, Skimmed Milk, Stabiliser (Pectin), Milk Minerals Concentrate, Sweeteners (Sucralose, Acesulfame K), Flavourings, Lactobacillus Casei (L. Casei Danone®), Vitamins (D, B6)",https://www.sainsburys.co.uk/gol-ui/product/actimel-original-plain-fat-free-no-added-sugar-yogurt-drinks-12x100g,12x100g,2024-08-19T19:53:46.170394-04:00
66-346-DAI,Yeo Valley Organic Natural Kefir 500ml,Yeo,"Dairy, eggs & chilled",Dairy & chilled essentials,,500ML,£2.25,,£1.75,45p / 100ml,8126542.0,Fermented Natural Milk Drink with Live Yogurt & Kefir Cultures,,https://assets.sainsburys-groceries.co.uk/gol/8126542/1/640x640.jpg,"Nutrient	Per 100ml		Per 100ml
Energy	236kJ / 56kcal
Fat	1.9g
of which saturates	1.2g
Carbohydrate	5.7g
of which sugars	5.7g
Protein	4.0g
Salt	0.16g
Calcium	126mg / 16% NRV
Phosphorus	84.7mg / 12% NRV
Vitamin B2	0.15mg / 11% NRV",Organic Milk Fermented with Live Yogurt & Kefir Cultures,https://www.sainsburys.co.uk/gol-ui/product/yeo-valley-organic-natural-kefir-500ml,,2024-08-20T13:40:04.921849-04:00
66-347-DAI,Yeo Valley Organic Strawberry Yogurt 450g,Yeo,"Dairy, eggs & chilled",Dairy & chilled essentials,,,£2.25,,,50p / 100g,7085103.0,Strawberry Yogurt,,https://assets.sainsburys-groceries.co.uk/gol/7085103/1/640x640.jpg,"Nutrient	Per 100g		Per 100g
Energy	410kJ/ 98kcal
Fat	4.0g
of which saturates	2.8g
Carbohydrate	10.9g
of which sugars	10.7g
Protein	4.5g
Salt*	0.16g
Calcium	167mg","Organic Whole Milk Yogurt, Organic Strawberries (5%), Organic Sugar (4.9%), Organic Maize Starch, Natural Flavouring, Organic Concentrated Elderberry Juice, Organic Concentrated Lemon Juice",https://www.sainsburys.co.uk/gol-ui/product/yeo-valley-organic-yogurt-strawberry-450g,,2024-08-20T13:40:18.137489-04:00
66-348-DAI,Sainsbury's Stonebaked Ham & Pineapple Hand Stretched Pizza 295g,Sainsbury's,"Dairy, eggs & chilled",Dairy & chilled essentials,,,£3.50,,£2.50,£11.86 / kg,7714717.0,"Stonebaked pizza base topped with tomato and basil sauce, Mozzarella and Cheddar cheese, smoked formed ham with added water and pineapple chunks",,https://assets.sainsburys-groceries.co.uk/gol/7714717/1/640x640.jpg,,,https://www.sainsburys.co.uk/gol-ui/product/sainsburys-stonebaked-ham---pineapple-pizza-10,,2024-08-20T13:40:35.755280-04:00
66-349-DAI,Sainsbury's Unsweetened Almond Drink 1L,Sainsbury's,Drinks,Dairy & chilled essentials,,1L,£1.45,,,£1.45 / ltr,7996537.0,"Unsweetened almond drink with added calcium and vitamins E, B2, B12 and D2",,https://assets.sainsburys-groceries.co.uk/gol/7996537/1/640x640.jpg,,,https://www.sainsburys.co.uk/gol-ui/product/sainsburys-unsweetened-almond-drink-1l,,2024-08-19T18:30:23.668526-04:00
66-350-DAI,Alpro Plain Natural Soya Plant Based Yoghurt Alternative 500g,Alpro,"Dairy, eggs & chilled",Dairy & chilled essentials,,,£2.10,,,42p / 100g,3071953.0,Fermented soya product with added calcium and vitamins.,,https://assets.sainsburys-groceries.co.uk/gol/3071953/1/640x640.jpg,"Nutrient	per 100 g		per 100 g
Energy	216 kJ / 51 kcal
Fat	2.3 g
of which Saturates	0.4 g
Carbohydrate	2.3 g
of which Sugars	2.2 g
Fibre	0.9 g
Protein	4.0 g
Salt	0.24 g
- D2	0.75 µg*
- B12	0.38 µg*
- Calcium	120 mg*","Soya Base (961%) (Water, Hulled Soya Beans (107%)), Sugar, Calcium (Tri-Calciumcitrate), Stabiliser (Pectins), Acidity Regulators (Sodium Citrates, Citric Acid), Sea Salt, Flavouring, Antioxidants (Tocopherol-RichExtract, Fatty Acid Esters of Ascorbic Acid), Vitamins B12, D2, Live Cultures (S. Thermophilus, L. Bulgaricus)",https://www.sainsburys.co.uk/gol-ui/product/alpro-simply-plain-yogurt-alternative-500g,,2024-08-20T13:40:50.326250-04:00
66-351-DAI,Sainsbury's Fresh Egg Penne 500g,Sainsbury's,"Dairy, eggs & chilled",Dairy & chilled essentials,,,£2.25,,£2.00,£4.50 / kg,636094.0,Fresh Egg Pasta,,https://assets.sainsburys-groceries.co.uk/gol/636094/1/640x640.jpg,,,https://www.sainsburys.co.uk/gol-ui/product/sainsburys-fresh-penne-pasta-500g,,2024-08-20T13:41:06.532932-04:00
66-352-DAI,Sainsbury's Steak & Ale Puff Pastry Pie 500g,Sainsbury's,"Dairy, eggs & chilled",Dairy & chilled essentials,,,£4.00,,,80p / 100g,7986969.0,British beef and dark ale gravy in shortcrust pastry base topped with a puff pastry lid,,https://assets.sainsburys-groceries.co.uk/gol/7986969/1/640x640.jpg,,,https://www.sainsburys.co.uk/gol-ui/product/sainsburys-steak-ale-puff-pastry-pie-550g,,2024-08-20T13:41:27.865474-04:00
66-353-DAI,Cathedral City Vintage Our Strongest Extra Mature Cheddar Cheese 350g,Cathedral,"Dairy, eggs & chilled",Dairy & chilled essentials,,,£3.50,,,£10.00 / kg,8084672.0,Cheddar Cheese.,30 g,https://assets.sainsburys-groceries.co.uk/gol/8084672/1/640x640.jpg,"Nutrient	per 100g	per 30g serving		per 100g	per 30g serving
Energy	1725kJ / 416kcal	518kJ / 125kcal
Fat	34.9g	10.5g
(of which saturates)	21.7g	6.5g
Carbohydrate	0.1g	0g
(of which sugars)	0.1g	0g
Protein	25.4g	7.6g
Salt	1.8g	0.5g
Calcium	739mg (92% RI)	222mg (28% RI)",,https://www.sainsburys.co.uk/gol-ui/product/cathedral-city-vintage-cheddar-cheese-350g,,2024-08-20T13:41:49.076374-04:00
66-354-DAI,Sainsbury's British Medium Cheddar Cheese Slices 240g,Sainsbury's,"Dairy, eggs & chilled",Dairy & chilled essentials,,,£2.65,,,£11.04 / kg,1225983.0,10 Medium Cheddar cheese slices,,https://assets.sainsburys-groceries.co.uk/gol/1225983/1/640x640.jpg,,,https://www.sainsburys.co.uk/gol-ui/product/sainsburys-british-medium-cheddar-slices-240g,,2024-08-20T13:42:10.448746-04:00
66-355-DAI,Castello Extra Creamy Brie Cheese 200g,Castello,"Dairy, eggs & chilled",Dairy & chilled essentials,,,£2.80,,,£14.00 / kg,7891809.0,White mould full fat soft cheese.,,https://assets.sainsburys-groceries.co.uk/gol/7891809/1/640x640.jpg,"Nutrient	per 100 g:
Energy	1692 kJ / 410 kcal
Fat	39 g
of which saturates	25 g
Carbohydrate	<0.5 g
of which sugars	<0.5 g
Protein	14 g
Salt	1.5 g",,https://www.sainsburys.co.uk/gol-ui/product/castello-extra-creamy-brie-cheese-200g,,2024-08-20T13:42:32.866020-04:00
66-356-DAI,Dairylea Light Cheese Slices 8x20.5g,Dairylea,"Dairy, eggs & chilled",Dairy & chilled essentials,,,£1.45,8 for £1.45,,£8.84 / kg,8126802.0,Reduced fat cheese spread slices with added calcium.,,https://assets.sainsburys-groceries.co.uk/gol/8126802/1/640x640.jpg,"Nutrient	100 g	20.5 g	%* / 20.5 g		100 g	20.5 g	%* / 20.5 g
Energy	750 kJ / 179 kcal	154 kJ / 37 kcal	2 %
Fat	7.7 g	1.6 g	2 %
of which Saturates	5.1 g	1.1 g	5 %
Carbohydrate	8.6 g	1.8 g	1 %
of which Sugars	6.4 g	1.3 g	1 %
Fibre	1.6 g	0.3 g	-
Protein	16 g	3.3 g	7 %
Salt	1.5 g	0.31 g	5 %
Calcium	711 mg / 89 % of NRV**	146 mg / 18 % of NRV**	-","Skimmed Milk (Water, Skimmed Milk Powder), Cheese, Skimmed Milk Powder, Milk Protein, Emulsifying Salts (Sodium Citrates, Triphosphates), Modified Starch, Whey Powder (from Milk), Inulin, Acidity Regulator (Lactic Acid), Calcium Phosphates, Milk Fat, Salt",https://www.sainsburys.co.uk/gol-ui/product/dairylea-light-cheese-slices-8x205g,8x20.5g,2024-08-20T13:42:45.998167-04:00
66-357-DAI,GetPro Blueberry High Protein Yoghurt 160g,GetPro,"Dairy, eggs & chilled",Dairy & chilled essentials,,,£1.25,,,78p / 100g,8168102.0,Blueberry Flavour Strained Yoghurt with Sweeteners,100 g,https://assets.sainsburys-groceries.co.uk/gol/8168102/1/640x640.jpg,"Nutrient	Per 100g	Per serving 160g	% RI* 160g		Per 100g	Per serving 160g	% RI* 160g
Energy (kJ/kcal)	226/ 53	362/ 85	4%
Fat (g)	0.1	0.2	0%
of which saturates (g)	0.1	0.2	1%
Carbohydrates (g)	3.6	5.8	2%
of which sugars (g)	3.4	5.4	6%
Protein (g)	9.3	14.9	30%
Salt (g)	0.11	0.18	3%
Calcium (mg)	99	158	20%
Vitamin D (µg)	1.30	2.08	42%","Yoghurt (Milk), Blueberries (5.8%), Modified Maize Starch, Thickeners (Pectin, Guar Gum), Acidity Regulators (Sodium Citrate, Citric Acid), Flavourings, Sweeteners (Acesulfame K, Sucralose), Vitamin D",https://www.sainsburys.co.uk/gol-ui/product/getpro-blueberry-flavour-protein-yoghurt-160g,,2024-08-20T13:42:59.661444-04:00
66-358-DAI,New Covent Garden Leek & Potato Soup 560g,New,"Dairy, eggs & chilled",Dairy & chilled essentials,,,£2.00,,£1.50,36p / 100g,3862612.0,Potato and leek soup,,https://assets.sainsburys-groceries.co.uk/gol/3862612/1/640x640.jpg,,"Water, Potato (28%), Leek (19%), Onion, Milk, Single Cream (Milk), Rapeseed Oil, Salt, White Pepper",https://www.sainsburys.co.uk/gol-ui/product/new-covent-garden-potato---leek-soup-600g,,2024-08-20T13:43:07.715990-04:00
66-359-DAI,Davidstow Classic Cornish Mature Cheddar Cheese 350g,Davidstow,"Dairy, eggs & chilled",Dairy & chilled essentials,,,£4.75,,,£13.57 / kg,7639339.0,Cheddar Cheese,,https://assets.sainsburys-groceries.co.uk/gol/7639339/1/640x640.jpg,"Nutrient	(per 100g)
Energy	1725kJ/ 416kcal
Fat	34.9g
(of which saturates)	21.7g
Carbohydrate	0.1g
(of which sugars)	0.1g
Protein	25.4g
Salt	1.8g","Local Cows' Milk, Bespoke Starter Culture, Vegetarian Rennet, Salt, Time",https://www.sainsburys.co.uk/gol-ui/product/davidstow-cornish-classic-mature-cheddar-cheese-350g,,2024-08-20T13:43:21.381277-04:00
66-360-DAI,Ginsters Chicken & Mushroom Slice 170g,Ginsters,"Dairy, eggs & chilled",Dairy & chilled essentials,,,£1.95,,£1.25,£1.15 / 100g,7638316.0,"British chicken in a cream sauce with sliced mushroom, potato and onion encased in light puff pastry.",,https://assets.sainsburys-groceries.co.uk/gol/7638316/1/640x640.jpg,"Nutrient	Per 100g
Energy	1071kJ/ 257kcal
Fat	15.3g
Saturates	7.5g
Carbohydrate	20.7g
Sugars	1.0g
Fibre	1.1g
Protein	8.4g
Salt	0.86g","Wheat Flour (Calcium Carbonate, Iron, Niacin, Thiamin), British Chicken (23%), Vegetable Oil (Palm, Rapeseed), Water, Mushroom (10%), Potato, West Country Single Cream (Milk), Cornflour, Onion, Salt, Egg, Milk, Chicken Bouillon (Chicken, Salt, Yeast Extract, Onion, Rapeseed Oil, Spices), Tapioca Starch, Parsley, White Pepper, Mustard",https://www.sainsburys.co.uk/gol-ui/product/ginsters-chicken-mushroom-slice-170g,,2024-08-20T13:43:29.536201-04:00
66-361-DAI,Sainsbury's Somerset Goats Cheese 100g,Sainsbury's,"Dairy, eggs & chilled",Dairy & chilled essentials,,,£2.25,,,£22.50 / kg,377478.0,Somerset goats' cheese,,https://assets.sainsburys-groceries.co.uk/gol/377478/1/640x640.jpg,,,https://www.sainsburys.co.uk/gol-ui/product/sainsburys-somerset-goats-cheese-100g,,2024-08-20T13:43:51.085917-04:00
66-362-DAI,Stamford Street Co. Mild Cheddar 900g,Stamford,"Dairy, eggs & chilled",Dairy & chilled essentials,,,£4.88,,,£5.42 / kg,7646326.0,Mild Cheddar cheese,,https://assets.sainsburys-groceries.co.uk/gol/7646326/1/640x640.jpg,,,https://www.sainsburys.co.uk/gol-ui/product/mary-anns-dairy-mild-cheddar-cheese-900g,,2024-08-20T13:44:12.071919-04:00
66-363-DAI,Sainsbury's Beef Dinner 400g (Serves 1),Sainsbury's,"Dairy, eggs & chilled",Dairy & chilled essentials,,,£3.95,,,£9.88 / kg,6672857.0,"Beef in red wine gravy with roast potatoes, peas, carrots and a Yorkshire pudding",,https://assets.sainsburys-groceries.co.uk/gol/6672857/1/640x640.jpg,,,https://www.sainsburys.co.uk/gol-ui/product/sainsburys-british-classic-beef-dinner-400g,,2024-08-20T13:44:33.535344-04:00
66-364-DAI,Port Salut French Creamy Cheese Slices 6x20g,Port,"Dairy, eggs & chilled",Dairy & chilled essentials,,,£2.60,6 for £2.60,,£21.67 / kg,8123843.0,Cheese.,,https://assets.sainsburys-groceries.co.uk/gol/8123843/1/640x640.jpg,"Nutrient	p. 100 g	p. 20 g		p. 100 g	p. 20 g
Energy value	1400 kJ/ 338 kcal	280 kJ/ 68 kcal
Fat	28 g	5,6 g
of which saturates	19 g	3,8 g
Carbohydrate	<0,5 g	<0,5 g
of which sugars	<0,5 g	<0,5 g
Protein	21,5 g	4,3 g
Salt	1,9 g	0,38 g
Calcium	650 mg (81%*)	130 mg (16%*)","Pasteurised Milk, Milk Protein, Salt, Lactic Ferments, Vegetarian Rennet, Colour: Annatto",https://www.sainsburys.co.uk/gol-ui/product/port-salut-french-creamy-cheese-slices-6x20g,6x20g,2024-08-20T13:44:47.184799-04:00
66-365-DAI,Sainsbury's Beef Casserole with Dumplings 400g (Serves 1),Sainsbury's,"Dairy, eggs & chilled",Dairy & chilled essentials,,,£3.30,,£2.50,£8.25 / kg,1216639.0,Beef with carrots and swede in gravy topped with herb dumplings,,https://assets.sainsburys-groceries.co.uk/gol/1216639/1/640x640.jpg,,,https://www.sainsburys.co.uk/gol-ui/product/sainsburys-beef-stew-450g,,2024-08-20T13:45:03.022072-04:00
66-366-DAI,"innocent Mangoes, Passion Fruits & Apples Smoothie 750ml",innocent,Drinks,Dairy & chilled essentials,,750ML,£3.50,,,47p / 100ml,7485186.0,This innocent smoothie is a blend of crushed fruit and pure juices.,,https://assets.sainsburys-groceries.co.uk/gol/7485186/1/640x640.jpg,"Nutrient	100ml	150ml		100ml	150ml
Energy	216kJ (51kcal)	324kJ (76kcal)
Fat	<0.5g	<0.5g
(of which saturates)	<0.1g	0.2g
Carbohydrate	12g	18g
(of which sugars)	11g	17g
Fibre	1.4g	2.1g
Protein	<0.5g	0.7g
Salt	<0.01g	0.02g
Vitamin C	23mg (29%*)	34mg (43%*)
Folic Acid	31.2µg (16%*)	46.8µg (23%*)
Potassium	168mg (8.4%*)	252mg (13%*)","3 1/2 Pressed Apples (51%), 1 1/2 Crushed Mangoes (16%), 1 1/2 Mashed Bananas, 1 Squeezed Orange, 3/4 of a pressed Passion Fruit (3%), A piece of crushed Peach and some Squeezed Lime",https://www.sainsburys.co.uk/gol-ui/product/innocent-smoothie--mango---passionfruit-750ml,,2024-08-19T19:58:55.326553-04:00
66-367-DAI,innocent Strawberries & Bananas Smoothie 750ml,innocent,Drinks,Dairy & chilled essentials,,750ML,£3.50,,,47p / 100ml,7485206.0,This innocent smoothie is a blend of crushed fruit and pure juices.,,https://assets.sainsburys-groceries.co.uk/gol/7485206/1/640x640.jpg,"Nutrient	100ml	150ml		100ml	150ml
Energy	216kJ (51kcal)	323kJ (76kcal)
Fat	<0.5g	<0.5g
(of which saturates)	<0.1g	<0.1g
Carbohydrate	12g	18g
(of which sugars)	10g	15g
Fibre	1.2g	1.9g
Protein	<0.5g	0.8g
Salt	<0.01g	<0.01g
Vitamin C	7.8mg (9.7%*)	12mg (15%*)
Folic Acid	17.8μg (8.9%*)	26.7μg (13%*)
Manganese	0.23mg (11%*)	0.34mg (17%*)
Potassium	159mg (8%*)	239mg (12%*)","21 Crushed Strawberries (31%), 1 1/2 Pressed Apples, 2 Mashed Bananas (22%), 31 Pressed White Grapes, 1/4 of a Squeezed Orange, 17 Crushed Blackcurrants",https://www.sainsburys.co.uk/gol-ui/product/innocent-smoothie--strawberry---banana-750ml,,2024-08-19T19:59:20.713354-04:00
66-368-DAI,Cathedral City Lighter Mature Cheddar Cheese 550g,Cathedral,"Dairy, eggs & chilled",Dairy & chilled essentials,,,£5.00,,£4.00,£9.09 / kg,8024537.0,Reduced fat cheddar cheese.,30 g,https://assets.sainsburys-groceries.co.uk/gol/8024537/1/640x640.jpg,"Nutrient	per 100g	per 30g serving		per 100g	per 30g serving
Energy	1291kJ / 310kcal	387kJ / 93kcal
Fat	21.5g	6.5g
(of which saturates)	13.6g	4.1g
Carbohydrate	0.1g	0g
(of which sugars)	0.1g	0g
Protein	29.1g	8.7g
Salt	1.8g	0.5g
Calcium	845mg (106% RI)	254mg (32% RI)",,https://www.sainsburys.co.uk/gol-ui/product/cathedral-city-lighter-550g,,2024-08-20T13:45:19.576620-04:00
66-369-DAI,Cathedral City Mild Cheddar Cheese 350g,Cathedral,"Dairy, eggs & chilled",Dairy & chilled essentials,,,£3.50,,,£10.00 / kg,7511803.0,Cheddar cheese.,30 g,https://assets.sainsburys-groceries.co.uk/gol/7511803/1/640x640.jpg,"Nutrient	per 100g	per 30g serving		per 100g	per 30g serving
Energy	1725kJ / 416kcal	518kJ / 125kcal
Fat	34.9g	10.5g
(of which saturates)	21.7g	6.5g
Carbohydrate	0.1g	0g
(of which sugars)	0.1g	0g
Protein	25.4g	7.6g
Salt	1.8g	0.5g
Calcium	739mg (92% RI)	222mg (28% RI)",,https://www.sainsburys.co.uk/gol-ui/product/cathedral-city-mild-350g,,2024-08-20T13:45:42.701133-04:00
66-370-DAI,Sainsbury's Chicken & Vegetable Broth 600g (Serves 2),Sainsbury's,"Dairy, eggs & chilled",Dairy & chilled essentials,,,£1.80,,,30p / 100g,7511479.0,"A soup with British chicken, leek and kale",,https://assets.sainsburys-groceries.co.uk/gol/7511479/1/640x640.jpg,,,https://www.sainsburys.co.uk/gol-ui/product/sainsburys-chicken-vegetable-broth-600g-serves-2-,,2024-08-20T13:46:03.957622-04:00
66-371-DAI,Sainsbury's Stonebaked Spinach & Ricotta Hand Stretched Pizza 290g,Sainsbury's,"Dairy, eggs & chilled",Dairy & chilled essentials,,,£3.50,,£2.50,£12.07 / kg,7714760.0,"Stonebaked pizza base topped with tomato and basil sauce, Mozzarella and Cheddar cheeses, tomatoes, creamy spinach sauce and ricotta cheese",,https://assets.sainsburys-groceries.co.uk/gol/7714760/1/640x640.jpg,,,https://www.sainsburys.co.uk/gol-ui/product/sainsburys-stonebaked-spinach---ricotta-pizza-10,,2024-08-20T13:46:20.522519-04:00
66-372-DAI,Alpro Coconut Milk Chilled Dairy Alternative 1L,Alpro,Drinks,Dairy & chilled essentials,,1L,£2.00,,,£2.00 / ltr,7693771.0,"Coconut drink with rice and added calcium and vitamins, flash pasteurised.",,https://assets.sainsburys-groceries.co.uk/gol/7693771/1/640x640.jpg,"Nutrient	per 100 ml		per 100 ml
Energy	85 kJ / 20 kcal
Fat	0.8 g
of which Saturates	0.8 g
Carbohydrate	2.7 g
of which Sugars	1.9 g
Fibre	0.0 g
Protein	0.1 g
Salt	0.13 g
D2	0.75 µg*
B12	0.38 µg*
Calcium	120 mg*","Water, Coconut Milk ([8.6%] [Water, Coconut Cream [4%]), Rice [3.3%], Calcium (Tri-Calcium Phosphate), Stabilisers [Guar Gum, Gellan Gum, Xanthan Gum], Sea Salt, Flavourings, Vitamins B12, D2",https://www.sainsburys.co.uk/gol-ui/product/alpro-fresh-coconut-drink-1l,,2024-08-19T20:00:55.024662-04:00
66-373-DAI,Sainsbury's British Medium Grated Cheddar Cheese 500g,Sainsbury's,"Dairy, eggs & chilled",Dairy & chilled essentials,,,£4.45,,,£8.90 / kg,1408751.0,Grated medium Cheddar cheese,,https://assets.sainsburys-groceries.co.uk/gol/1408751/1/640x640.jpg,,,https://www.sainsburys.co.uk/gol-ui/product/sainsburys-british-medium-grated-cheddar-500g,,2024-08-20T13:46:42.240003-04:00
66-374-DAI,Stork Vegan Baking Block 250g,Stork,"Dairy, eggs & chilled",Dairy & chilled essentials,,,£1.50,,,£6.00 / kg,2001722.0,Baking spread alternative to butter,,https://assets.sainsburys-groceries.co.uk/gol/2001722/1/640x640.jpg,"Nutrient	Per 100g		Per 100g
Energy	2589kJ/ 630kcal
Fat	70g
of which saturates	26g
Carbohydrate	<0.5g
of which sugars	<0.5g
Protein	<0.5g
Salt	1.5g
Vitamin A	800 µg (100% RI)
Vitamin D	7.5 µg (150% RI)","Vegetable Oils in varying proportions (70%) (Rapeseed, Palm¹, Sunflower), Water, Salt (1.5%), Emulsifiers (Lecithin, Mono and Diglycerides of Fatty Acids), Acid (Lactic Acid), Colours (Beta-Carotene) Vitamin A and D, Flavourings",https://www.sainsburys.co.uk/gol-ui/product/stork-vegan-baking-block-250g,,2024-08-20T13:46:55.431545-04:00
66-375-DAI,Pilgrims Choice Mature Cheddar Cheese 550g,Pilgrims,"Dairy, eggs & chilled",Dairy & chilled essentials,,,£5.40,,,£9.82 / kg,7706939.0,Pilgrims Choice Mature Cheddar Cheese,,https://assets.sainsburys-groceries.co.uk/gol/7706939/1/640x640.jpg,"Nutrient	Per 100g		Per 100g
Energy Values	1725kJ/ 416 kcal
Fat	34.9g
(of which saturates)	21.7g
Carbohydrates	0.1g
(of which sugars)	0.1g
Protein	25.4g
Fibre	0.0g
Salt	1.8g
Calcium	739mg (92% RI* per 100g)",Cheddar Cheese (Milk),https://www.sainsburys.co.uk/gol-ui/product/pilgrims-choice-mature-cheddar-550g,,2024-08-20T13:47:08.803236-04:00
66-376-DAI,Sainsbury's Liver & Bacon With Mash 400g (Serves 1),Sainsbury's,"Dairy, eggs & chilled",Dairy & chilled essentials,,,£3.30,,£2.50,£8.25 / kg,1190670.0,Lambs' liver and smoked streaky bacon with onion gravy and mashed potato,,https://assets.sainsburys-groceries.co.uk/gol/1190670/1/640x640.jpg,,,https://www.sainsburys.co.uk/gol-ui/product/sainsburys-classic-liver---bacon-with-mash-450g,,2024-08-20T13:47:24.977078-04:00
66-377-DAI,Sainsbury's Unsweetened Soya Drink 1L,Sainsbury's,Drinks,Dairy & chilled essentials,,1L,£1.25,,,£1.25 / ltr,7996498.0,"Unsweetened soya drink with added calcium and vitamins B2, B12 and D2",,https://assets.sainsburys-groceries.co.uk/gol/7996498/1/640x640.jpg,,,https://www.sainsburys.co.uk/gol-ui/product/sainsburys-unsweetened-soya-drink-1l,,2024-08-19T18:37:06.409871-04:00
66-378-DAI,GetPro Chocolate Hazelnut High Protein Yoghurt Pudding 180g,GetPro,"Dairy, eggs & chilled",Dairy & chilled essentials,,,£1.85,,,£1.03 / 100g,8168096.0,Chocolate Hazelnut Flavour Dairy Dessert with Sweetener,100 g,https://assets.sainsburys-groceries.co.uk/gol/8168096/1/640x640.jpg,"Nutrient	Per 100g	Per serving 180g	% RI* 180g		Per 100g	Per serving 180g	% RI* 180g
Energy (kJ/kcal)	327/ 77	589/ 139	7%
Fat (g)	0.9	1.7	2%
of which saturates (g)	0.6	1.1	5%
Carbohydrate (g)	6.3	11.3	4%
of which sugars (g)	4.5	8.1	9%
Protein (g)	10	18	36%
Salt (g)	0.30	0.54	9%
Calcium (mg)	322	580	72%
Magnesium (mg)	57	103	27%","Skimmed Milk (86%), Milk Protein, Modified Maize Starch, Cream (Milk), Fat Reduced Cocoa Powder, Trimagnesium Citrate, Flavouring, Stabiliser (Sodium Phosphates), Emulsifier (Polyphosphates), Salt, Sweetener (Sucralose)",https://www.sainsburys.co.uk/gol-ui/product/getpro-chocolate-hazelnut-flavour-protein-pudding-180g,,2024-08-20T13:47:38.365899-04:00
66-379-DAI,Sainsbury's Grated Mild British Cheddar 250g,Sainsbury's,"Dairy, eggs & chilled",Dairy & chilled essentials,,,£2.55,,,£10.20 / kg,7980879.0,Grated mild Cheddar cheese,,https://assets.sainsburys-groceries.co.uk/gol/7980879/1/640x640.jpg,,,https://www.sainsburys.co.uk/gol-ui/product/sainsburys-grated-mild-british-cheddar-250g,,2024-08-20T13:47:59.787119-04:00
66-380-DAI,GetPro Vanilla High Protein Yoghurt 160g,GetPro,"Dairy, eggs & chilled",Dairy & chilled essentials,,,£1.25,,,78p / 100g,8168093.0,Vanilla Flavour Strained Yoghurt with Sweeteners,100 g,https://assets.sainsburys-groceries.co.uk/gol/8168093/1/640x640.jpg,"Nutrient	Per 100g	Per serving 160g	%RI* 160g		Per 100g	Per serving 160g	%RI* 160g
Energy (kJ/kcal)	241/ 57	386/ 91	5%
Fat (g)	0.1	0.2	0%
of which saturates (g)	0.1	0.2	1%
Carbohydrate (g)	3.6	5.8	2%
of which sugars (g)	3.3	5.3	6%
Fibre (g)	1.8	2.9	-
Protein (g)	9.5	15.2	30%
Salt (g)	0.09	0.15	3%
Calcium (mg)	100	160	20%","Yoghurt (Milk), Dietary Fibre (Oligofructose), Modified Maize Starch, Natural Flavourings, Vegetable Concentrate (Carrot), Bourbon Vanilla Powder (0.03%), Concentrated Lemon Juice, Sweeteners (Acesulfame K, Sucralose), Thickener (Carrageenan), Acidity Regulator (Sodium Citrate)",https://www.sainsburys.co.uk/gol-ui/product/danone-getpro-vanilla-flavour-protein-yoghurt-160g,,2024-08-20T13:48:13.382738-04:00
66-381-DAI,Cathedral City Lighter Mature Cheddar Cheese Slices x6 150g,Cathedral,"Dairy, eggs & chilled",Dairy & chilled essentials,,,£2.40,,,£16.00 / kg,8024535.0,Reduced Fat Cheddar Cheese.,,https://assets.sainsburys-groceries.co.uk/gol/8024535/1/640x640.jpg,"Nutrient	per 100g	per 25g slice		per 100g	per 25g slice
Energy	1291kJ / 310kcal	323kJ / 78kcal
Fat	21.5g	5.4g
(of which saturates)	13.6g	3.4g
Carbohydrate	0.1g	0g
(of which sugars)	0.1g	0g
Protein	29.1g	7.3g
Salt	1.8g	0.5g
Calcium	845mg (106% RI)	211mg (26% RI)",,https://www.sainsburys.co.uk/gol-ui/product/cathdral-city-lighter-slices-150g,,2024-08-20T13:48:35.094196-04:00
66-382-DAI,"Sainsbury's Mature Grated White Cheese, Be Good To Yourself 250g",Sainsbury's,"Dairy, eggs & chilled",Dairy & chilled essentials,,,£2.55,,,£10.20 / kg,6421939.0,Grated half fat hard cheese,,https://assets.sainsburys-groceries.co.uk/gol/6421939/1/640x640.jpg,,,https://www.sainsburys.co.uk/gol-ui/product/sainsburys-mature-grated-cheddar--be-good-to-yourself-250g,,2024-08-20T13:48:56.642411-04:00
66-383-DAI,Respectful Medium Carbon Neutral Free Range Eggs x6,Respectful,"Dairy, eggs & chilled",Dairy & chilled essentials,,,£2.30,,,38p / ea,8098979.0,Eggs that Won't Cost the Earth,,https://assets.sainsburys-groceries.co.uk/gol/8098979/1/640x640.jpg,"Nutrient	Per 100g
Energy	547 kJ / 131 kcal
Fat	9.0 g
Of which Saturates	2.5 g
Carbohydrates	0.0 g
Of which Sugars	0.0 g
Fibre	0.0 g
Protein	12.6 g
Salt	0.39 g",,https://www.sainsburys.co.uk/gol-ui/product/respectful-medium-carbon-neutral-free-range-eggs-x6,,2024-08-20T13:49:19.023472-04:00
66-384-DAI,Arla Lactofree Mature Cheddar Grated Cheese 200g,Arla,"Dairy, eggs & chilled",Dairy & chilled essentials,,,£2.50,,,£12.50 / kg,7772955.0,Lactose Free Grated Mature Cheddar Cheese,,https://assets.sainsburys-groceries.co.uk/gol/7772955/1/640x640.jpg,"Nutrient	Per 100g	Per 25g		Per 100g	Per 25g
Energy	1718kJ/ 414kcal	404kJ/ 97kcal
Fat	34g	7.9g
of which saturates	21g	5.1g
Carbohydrate	1.7g	0.4g
of which sugars	<0.5g	<0.1g
Protein	25g	6.3g
Salt	1.8g	<0.5g
Calcium	690mg (86% RI†)	173mg (22% RI†)","Cheddar Cheese (Milk), Potato Starch",https://www.sainsburys.co.uk/gol-ui/product/lactofree-grated-mature-cheddar-200g,,2024-08-20T13:49:32.848330-04:00
66-385-DAI,Yeo Valley Organic Kefir Mango & Passion Fruit 500ml,Yeo,"Dairy, eggs & chilled",Dairy & chilled essentials,,500ML,£2.25,,£1.75,45p / 100ml,8126544.0,Fermented Mango and Passion Fruit Milk Drink with Live Yogurt & Kefir Cultures,,https://assets.sainsburys-groceries.co.uk/gol/8126544/1/640x640.jpg,"Nutrient	Per 100ml		Per 100ml
Energy	278kJ/ 66kcal
Fat	1.6g
of which saturates	1.0g
Carbohydrate	9.2g
of which sugars	7.7g
Protein	3.5g
Salt	0.15g
Calcium	111mg/14% NRV
Phosphorus	73.2mg/10% NRV
Vitamin B2	0.13mg/9% NRV","Organic Milk Fermented with Live Yogurt & Kefir Cultures, Organic Mango Purée (7%), Organic Concentrated Grape Juice, Organic Passion Fruit Juice, Organic Maize Starch, Natural Flavourings",https://www.sainsburys.co.uk/gol-ui/product/yeo-valley-organic-kefir-mango-passion-fruit-500ml,,2024-08-20T13:49:41.446555-04:00
66-386-DAI,Pilgrims Choice Mature Cheddar Cheese 350g,Pilgrims,"Dairy, eggs & chilled",Dairy & chilled essentials,,,£4.20,,£2.75,£12.00 / kg,7535054.0,Mature Cheddar Cheese,,https://assets.sainsburys-groceries.co.uk/gol/7535054/1/640x640.jpg,"Nutrient	Per 100g		Per 100g
Energy	1725KJ/ 416 kcal
Fat	34.9g
(of which saturates)	21.7g
Carbohydrates	0.1g
(of which sugars)	0.1g
Protein	25.4g
Fibre	0.0g
Salt	1.8g
Calcium	739mg (92% RI* per 100g)",Cheddar Cheese (Milk),https://www.sainsburys.co.uk/gol-ui/product/pilgrims-choice-mature-cheddar-350g,,2024-08-20T13:49:49.338228-04:00
66-387-DAI,Sainsbury's Lighter Mature British Cheese Slices x10 240g,Sainsbury's,"Dairy, eggs & chilled",Dairy & chilled essentials,,,£2.65,,,£11.04 / kg,7572064.0,10 Medium fat mature cheese slices,,https://assets.sainsburys-groceries.co.uk/gol/7572064/1/640x640.jpg,,,https://www.sainsburys.co.uk/gol-ui/product/sainsburys-lighter-mature-cheese-slices-240g,,2024-08-20T13:50:10.623914-04:00
66-388-DAI,Sainsbury's British Extra Mature Cheddar Cheese Slices 240g,Sainsbury's,"Dairy, eggs & chilled",Dairy & chilled essentials,,,£2.65,,,£11.04 / kg,1226003.0,10 Extra mature Cheddar cheese slices,,https://assets.sainsburys-groceries.co.uk/gol/1226003/1/640x640.jpg,,,https://www.sainsburys.co.uk/gol-ui/product/sainsburys-british-extra-mature-cheddar-slices-240g,,2024-08-20T13:50:31.932249-04:00
66-389-DAI,Cathedral City Lighter Extra Mature Cheddar Cheese 350g,Cathedral,"Dairy, eggs & chilled",Dairy & chilled essentials,,,£3.50,,,£10.00 / kg,8124018.0,Reduced fat Cheddar cheese.,30 g,https://assets.sainsburys-groceries.co.uk/gol/8124018/1/640x640.jpg,"Nutrient	per 100g	per 30g serving		per 100g	per 30g serving
Energy	1291kJ / 310kcal	387kJ / 93kcal
Fat	21.5g	6.5g
(of which saturates)	13.6g	4.1g
Carbohydrate	0.1g	0g
(of which sugars)	0.1g	0g
Protein	29.1g	8.7g
Salt	1.8g	0.5g
Calcium	845mg (106% RI)	254mg (32% RI)",,https://www.sainsburys.co.uk/gol-ui/product/cathedral-city-reduced-fat-cheddar-cheese-350g,,2024-08-20T13:50:53.486533-04:00
66-390-DAI,Castello Tickler Extra Mature Cheddar Cheese 300g,Castello,"Dairy, eggs & chilled",Dairy & chilled essentials,,,£4.50,,,£15.00 / kg,7299004.0,Extra Mature Cheddar Cheese,,https://assets.sainsburys-groceries.co.uk/gol/7299004/1/640x640.jpg,"Nutrient	per 100g:
Energy	1725 kJ/ 416 kcal
Fat	35 g
of which saturates	22 g
Carbohydrate	<0.5 g
of which sugars	<0.5 g
Protein	25 g
Salt	1.8 g",,https://www.sainsburys.co.uk/gol-ui/product/castello-tickler-extra-mature-devonshire-cheddar-350g,,2024-08-20T13:51:15.884095-04:00
66-391-DAI,The Laughing Cow Light Blue Cheese Spread Triangles x8 128g,The,"Dairy, eggs & chilled",Dairy & chilled essentials,,,£1.95,,,£15.23 / kg,8123997.0,Reduced Fat Cheese Spread.,,https://assets.sainsburys-groceries.co.uk/gol/8123997/1/640x640.jpg,"Nutrient	Per 100g:	Per 16g:
Energy:	629kJ/ 101kcal	151kJ/ 25kcal
Fat:	8.5g	1.4g
of which saturates:	5.5g	0.9g
Carbohydrate:	5.5g	0.9g
of which sugars:	5.5g	0.9g
Protein:	13g	2.1g
Salt:	1.6g	0.26g
Calcium:	380mg (48%*)	61mg (8%*)","Skimmed Milk (Water, Skimmed Milk Powder), Cheeses, Blue Cheese 13%, Milk Protein, Emulsifying Salts: Polyphosphates, Triphosphates and Citric Acid, Butter, Natural Flavouring",https://www.sainsburys.co.uk/gol-ui/product/the-laughing-cow-light-blue-cheese-spread-triangles-x8-128g,,2024-08-20T13:51:29.286982-04:00
66-392-DAI,Sainsbury's Sticky Toffee Sponge Pudding 2x110g,Sainsbury's,"Dairy, eggs & chilled",Dairy & chilled essentials,,,£2.75,2 for £2.75,,£1.25 / 100g,1123166.0,Butter enriched date sponge puddings with sticky toffee sauce,,https://assets.sainsburys-groceries.co.uk/gol/1123166/1/640x640.jpg,,,https://www.sainsburys.co.uk/gol-ui/product/sainsburys-toffee-sponges-2x110g,2x110g,2024-08-20T13:51:50.216821-04:00
66-393-DAI,Mexicana Original Hot! Cheese Slices 160g,Mexicana,"Dairy, eggs & chilled",Dairy & chilled essentials,,,£2.50,,,£15.63 / kg,7912485.0,Cheddar with Mixed Peppers,,https://assets.sainsburys-groceries.co.uk/gol/7912485/1/640x640.jpg,"Nutrient	Per 100g	Per 30g
Energy	1644kJ/ 396kcal	493kJ/ 119kcal
Total Fat	31.3g	9.4g
of which Saturates	18.9g	5.7g
Carbohydrates	4.7g	1.4g
of which Sugars	0.6g	0.2g
Protein	23.7g	7.1g
Salt	2.0g	0.6g","Cheddar Cheese (Milk), Rehydrated Peppers (3%) (Water, Red and Green Peppers, Red and Green Jalapeño Peppers), Mexican Style Seasoning (Paprika, Chilli, Cumin, Black Pepper, Garlic Powder, Salt, Sugar, Dried Peppers, Tomato, Garlic, Tomato Powder, Onion Powder, Parsley, Colour: Paprika Extract), Acid: Citric Acid",https://www.sainsburys.co.uk/gol-ui/product/mexicana-original-hot%21-cheese-160g,,2024-08-20T13:52:03.346901-04:00
66-394-DAI,Pilgrims Choice Vintage Cheddar Cheese 300g,Pilgrims,"Dairy, eggs & chilled",Dairy & chilled essentials,,,£4.20,,£2.75,£14.00 / kg,7860325.0,Pilgrims Choice Vintage Cheddar Cheese,,https://assets.sainsburys-groceries.co.uk/gol/7860325/1/640x640.jpg,"Nutrient	Per 100g		Per 100g
Energy Values	1725KJ/ 416 kcal
Fat	34.9g
(of which saturates)	21.7g
Carbohydrates	0.1g
(of which sugars)	0.1g
Protein	25.4g
Fibre	0.0g
Salt	1.8g
Calcium	739mg (92% RI* per 100g)",Cheddar Cheese (Milk),https://www.sainsburys.co.uk/gol-ui/product/pilgrims-choice-vintage-cheddar-cheese-300g,,2024-08-20T13:52:11.333716-04:00
66-395-DAI,Cathedral City Lactose Free Mature Cheese 200g,Cathedral,"Dairy, eggs & chilled",Dairy & chilled essentials,,,£2.85,,,£14.25 / kg,8004919.0,Cheddar Cheese.,30 g,https://assets.sainsburys-groceries.co.uk/gol/8004919/1/640x640.jpg,"Nutrient	per 100g	per 30g serving		per 100g	per 30g serving
Energy	1725kJ/ 416kcal	518kJ/ 125kcal
Fat	34.9g	10.5g
(of which saturates)	21.7g	6.5g
Carbohydrate	0.1g	0g
(of which sugars)	0.1g	0g
Protein	25.4g	7.6g
Salt	1.8g	0.5g
Calcium	739mg (92% RI)	222mg (28% RI)",,https://www.sainsburys.co.uk/gol-ui/product/cathedral-city-lactose-free-mature-cheese-200g,,2024-08-20T13:52:32.764283-04:00
66-396-DAI,GetPro Caramel High Protein Yoghurt Pudding 180g,GetPro,"Dairy, eggs & chilled",Dairy & chilled essentials,,,£1.85,,,£1.16 / 100g,8168167.0,Caramel Flavour Dairy Dessert with Sweetener,100 g,https://assets.sainsburys-groceries.co.uk/gol/8168167/1/640x640.jpg,"Nutrient	Per 100g	Per serving 180g	%RI* 180g		Per 100g	Per serving 180g	%RI* 180g
Energy (kJ/kcal)	319/ 75	574/ 135	7%
Fat (g)	0.8	1.4	2%
of which saturates (g)	0.5	0.9	5%
Carbohydrate (g)	6.2	11.2	4%
of which sugars (g)	4.5	8.1	9%
Protein (g)	10	18	36%
Salt (g)	0.40	0.72	12%
Calcium (mg)	334	601	75%
Magnesium (mg)	57	103	27%","Skimmed Milk (87%), Milk Protein, Modified Maize Starch, Cream (Milk), Trimagnesium Citrate, Stabilisers (Sodium Phosphates, Triphosphates, Diphosphates), Flavouring, Colours (Sulphite Ammonia Caramel, Carotenes, Paprika Extract), Salt, Sweetener (Sucralose)",https://www.sainsburys.co.uk/gol-ui/product/getpro-caramel-flavour-protein-pudding-180g,,2024-08-20T13:52:46.323482-04:00
66-397-DAI,Philadelphia Intense Garlic & Herbs Soft Cheese 140g,Philadelphia,"Dairy, eggs & chilled",Dairy & chilled essentials,,,£2.25,,,£16.07 / kg,8123728.0,Whipped full fat soft cheese with garlic and herbs.,,https://assets.sainsburys-groceries.co.uk/gol/8123728/1/640x640.jpg,,"Full Fat Soft Cheese, Garlic (2 %), Parsley, Chives, Salt, Lemon Juice Concentrate, White Pepper, Natural Parsley Flavouring, Stabiliser (Locust Bean Gum)",https://www.sainsburys.co.uk/gol-ui/product/philadelphia-intense-garlic-herbs-140g,,2024-08-20T13:53:00.007449-04:00
66-398-DAI,GetPro Strawberry High Protein Yoghurt Drink 300g,GetPro,Drinks,Dairy & chilled essentials,,,£2.00,,£1.50,67p / 100g,8168203.0,Strawberry Flavour Drinking Yoghurt with Sweeteners,100 g,https://assets.sainsburys-groceries.co.uk/gol/8168203/1/640x640.jpg,"Nutrient	Per 100g	Per serving 300g	%RI* 300g		Per 100g	Per serving 300g	%RI* 300g
Energy (kJ/kcal)	251/ 59	753/ 177	9%
Fat (g)	0.4	1.2	2%
of which saturates (g)	0.2	0.6	3%
Carbohydrate (g)	5.4	16.2	6%
of which sugars (g)	5.2	15.6	17%
Protein (g)	8.3	24.9	50%
Salt (g)	0.17	0.51	9%
Calcium (mg)	171	513	64%","Yoghurt (Milk), Whey Protein (Milk), Concentrated Strawberry Purée (0.8%), Concentrated Raspberry Purée (0.3%), Modified Maize Starch, Flavourings, Thickener (Pectin), Acidity Regulators (Citric Acid, Sodium Citrate), Sweeteners (Acesulfame K, Sucralose)",https://www.sainsburys.co.uk/gol-ui/product/getpro-strawberry-flavour-protein-drink-300g,,2024-08-19T18:41:16.694749-04:00
66-399-DAI,Sainsbury's Cheese & Onion Potato Pie 400g (Serves 1),Sainsbury's,"Dairy, eggs & chilled",Dairy & chilled essentials,,,£3.30,,£2.50,£8.25 / kg,8121871.0,Sliced potatoes in cheese and onion sauce topped with an extra mature Cheddar cheese crumb,,https://assets.sainsburys-groceries.co.uk/gol/8121871/1/640x640.jpg,,,https://www.sainsburys.co.uk/gol-ui/product/sainsburys-cheese-onion-potato-pie-400g,,2024-08-20T13:53:16.641298-04:00
66-400-DAI,Oatly Creamy Oat Single Cream Chilled 250ml,Oatly,"Dairy, eggs & chilled",Dairy & chilled essentials,,250ML,£1.25,,,50p / 100ml,8056749.0,Plant-base cooking base.,,https://assets.sainsburys-groceries.co.uk/gol/8056749/1/640x640.jpg,"Nutrient	per 100 ml
Energy	600 kJ/ 150 kcal
Fat	13 g
of which saturates	1.6 g
Carbohydrate	5.8 g
of which sugars	3.6 g
Fibre	0.8 g
Protein	0.9 g
Salt	0.11 g","Water, Rapeseed Oil, Oats 10%, Emulsifier (E472e), Stabiliser (Xanthan Gum), Iodised Salt",https://www.sainsburys.co.uk/gol-ui/product/oatly-creamy-oat-single-cream-chilled-250ml,,2024-08-20T13:53:29.855893-04:00
66-401-DAI,Pilgrims Choice Lighter Extra Mature Cheese 350g,Pilgrims,"Dairy, eggs & chilled",Dairy & chilled essentials,,,£4.20,,£2.75,£12.00 / kg,7907995.0,Pilgrims Choice Lighter Extra Mature Cheese,,https://assets.sainsburys-groceries.co.uk/gol/7907995/1/640x640.jpg,"Nutrient	Per 100g		Per 100g
Energy Values	1306KJ/ 314 kcal
Fat	22.1g
(of which saturates)	13.8g
Carbohydrates	0.8g
(of which sugars)	0.1g
Protein	27.9g
Fibre	0.0g
Salt	1.8g
Calcium	840mg (105% RI* per 100g)",Reduced Fat Cheese (Milk),https://www.sainsburys.co.uk/gol-ui/product/pilgrims-choice-lighter-extra-mature-cheese-350g,,2024-08-20T13:53:37.878590-04:00
66-402-DAI,Yeo Valley Organic Kefir Cherry 500ml,Yeo,"Dairy, eggs & chilled",Dairy & chilled essentials,,500ML,£2.25,,£1.75,45p / 100ml,8126546.0,Fermented Cherry Milk Drink with Live Yogurt & Kefir Cultures,,https://assets.sainsburys-groceries.co.uk/gol/8126546/1/640x640.jpg,"Nutrient	Per 100ml		Per 100ml
Energy	252kJ/ 60kcal
Fat	1.6g
of which saturates	1.0g
Carbohydrate	7.5g
of which sugars	6.9g
Protein	3.5g
Salt	0.13g
Calcium	107mg/13% NRV
Phosphorus	72.3mg/10% NRV
Vitamin B2	0.13mg/9% NRV","Organic Milk Fermented With Live Yogurt & Kefir Cultures, Water, Organic Cherry Purée (4%), Organic Concentrated Grape Juice, Organic Strawberry Purée, Organic Maize Starch, Natural Flavourings, Organic Concentrated Lemon Juice, Organic Concentrated Elderberry Juice",https://www.sainsburys.co.uk/gol-ui/product/yeo-valley-organic-kefir-cherry-500ml,,2024-08-20T13:53:46.081869-04:00
66-403-DAI,Sainsbury's Pepperoni Pizza 251g,Sainsbury's,"Dairy, eggs & chilled",Dairy & chilled essentials,,,£1.80,,,£7.17 / kg,7669645.0,"Pizza base topped with tomato sauce, Mozzarella cheese and pepperoni",,https://assets.sainsburys-groceries.co.uk/gol/7669645/1/640x640.jpg,,,https://www.sainsburys.co.uk/gol-ui/product/sainsburys-thin---crispy-pepperoni-pizza-10-285g,,2024-08-20T13:54:07.867051-04:00
66-404-DAI,New Covent Garden Tomato & Basil Soup 560g,New,"Dairy, eggs & chilled",Dairy & chilled essentials,,,£2.00,,£1.50,36p / 100g,4030676.0,Tomato and basil soup,,https://assets.sainsburys-groceries.co.uk/gol/4030676/1/640x640.jpg,,"Tomato (47%) [Tomato, Concentrated Tomato Juice, Tomato Paste], Water, Onion, Sugar, Basil, Rapeseed Oil, Cornflour, Salt, Garlic Puree, Black Pepper",https://www.sainsburys.co.uk/gol-ui/product/new-covent-garden-slow-roast-tomato-soup-600g,,2024-08-20T13:54:15.768761-04:00
66-405-DAI,Cathedral City Grated Lighter Cheddar Cheese 180g,Cathedral,"Dairy, eggs & chilled",Dairy & chilled essentials,,,£2.40,,,£13.33 / kg,8024540.0,Grated Reduced Fat Cheddar Cheese.,30 g,https://assets.sainsburys-groceries.co.uk/gol/8024540/1/640x640.jpg,"Nutrient	per 100g	per 30g serving		per 100g	per 30g serving
Energy	1296kJ / 311kcal	389kJ / 93kcal
Fat	21.2g	6.4g
(of which saturates)	13.4g	4g
Carbohydrate	1.5g	0.5g
(of which sugars)	0.1g	0g
Protein	28.7g	8.6g
Salt	1.8g	0.5g
Calcium	832mg (104% RI)	250mg (31% RI)","Reduced Fat Cheddar Cheese (Milk), Potato Starch",https://www.sainsburys.co.uk/gol-ui/product/cathedral-city-light-grated-180g,,2024-08-20T13:54:28.794866-04:00
66-406-DAI,Gü Key Lime Pie Cheesecake Dessert 2x78g,Gü,"Dairy, eggs & chilled",Dairy & chilled essentials,,,£3.75,2 for £3.75,,£2.40 / 100g,7260587.0,2 Lime (6.7%) and Mascarpone (10.5%) Cheesecakes with Full Fat Soft Cheese (10.3%) on a Ginger (1.2%) Biscuit Base,,https://assets.sainsburys-groceries.co.uk/gol/7260587/1/640x640.jpg,"Nutrient	per 100g	per 78g Ramekin
Energy	1392 kJ	1086 kJ
Energy	334 kcal	260 kcal
Fat	21g	16g
of which saturates	12g	10g
Carbohydrate	33g	26g
of which sugars	22g	17g
Fibre	0.5g	0.4g
Protein	3.5g	2.7g
Salt	0.16g	0.12g","Cream (Milk), Sugar, Water, Key Lime Juice, Wheat Flour (Wheat Flour, Calcium Carbonate, Iron, Niacin, Thiamine), Pasteurised Whole Egg, Palm Oil, Butter (Milk), Coconut Flower Sap, Wholemeal Wheat Flour, Demerera Sugar, Pasteurised Egg Yolk, Rapeseed Oil, Ginger Juice, Skimmed Milk Powder, Invert Sugar Syrup, Raising Agents (Ammonium Bicarbonate, Sodium Bicarbonate), Thickener (Modified Starch), Milk Protein Concentrate, Cornflour, Beef Gelatine, ButterMilk Powder, Salt, Preservative (Potassium Sorbate), Acidity Regulator (Citric Acid), Lactic Cultures (Milk)",https://www.sainsburys.co.uk/gol-ui/product/g%C3%BC-peruvian-lime-cheesecake-desserts-2x78g,2x78g,2024-08-20T13:54:42.018879-04:00
66-407-DAI,Gü Zillionaire Chocolate & Salted Caramel Cheesecake Dessert 2x91.5g,Gü,"Dairy, eggs & chilled",Dairy & chilled essentials,,,£3.75,2 for £3.75,£2.95,£2.25 / 100g,7655797.0,2 Chocolate (9.5%) and Salted Caramel (21%) Cheesecakes Made With Cream Cheese (8%) and Treacle (0.8%),,https://assets.sainsburys-groceries.co.uk/gol/7655797/1/640x640.jpg,"Nutrient	per 100g	per 91.5g Ramekin
Energy	1682 kJ	1539 kJ
Energy	403 kcal	369 kcal
Fat	24 g	22 g
of which saturates	13 g	12 g
Carbohydrate	45 g	41 g
of which sugars	32 g	29 g
Fibre	1.6 g	1.5 g
Protein	3.7 g	3.4 g
Salt	0.47 g	0.4 g","Cream (Milk), Sugar, Wheat Flour (Wheat Flour, Calcium Carbonate, Iron, Niacin, Thiamine), Demerara Sugar, Glucose-Fructose Syrup, Water, Cocoa Mass, Palm Oil, Wholemeal Wheat Flour, Condensed Milk, Glucose Syrup, Butter (Milk), Rapeseed Oil, Black Treacle, Invert Sugar Syrup, Cocoa Butter, Pasteurised Egg Yolk, Fat-Reduced Cocoa Powder, Skimmed Milk Powder, Whole Milk Powder, Raising Agents (Sodium Bicarbonate, Ammonium Bicarbonate), Beef Gelatine, Salt, Cornflour, Milk Protein Concentrate, Buttermilk Powder, Emulsifiers (Pectin, Soya Lecithin), Preservative (Potassium Sorbate), Colour (Iron Oxides), Glazing Agent (Shellac), Natural Vanilla Flavour, Acidity Regulator (Citric Acid), Lactic Cultures (Milk), Modified Maize Starch",https://www.sainsburys.co.uk/gol-ui/product/gu-zillionaires-puds-2x92g,2x91.5g,2024-08-20T13:54:51.235019-04:00
66-408-DAI,"Sainsbury's Beef & Potato Pie, Autumn Edition 400g (Serves 1)",Sainsbury's,"Dairy, eggs & chilled",Dairy & chilled essentials,,,£3.30,,£2.50,£8.25 / kg,8121504.0,"Beef with potato, swede and onion in beef gravy topped with roasted diced potatoes",,https://assets.sainsburys-groceries.co.uk/gol/8121504/1/640x640.jpg,,,https://www.sainsburys.co.uk/gol-ui/product/sainsburys-beef-potato-pie-autumn-edition-400g,,2024-08-20T13:55:08.625298-04:00
66-409-DAI,Sainsbury's Bread & Butter Pudding 2x120g,Sainsbury's,"Dairy, eggs & chilled",Dairy & chilled essentials,,,£2.75,2 for £2.75,,£1.15 / 100g,7261121.0,"Layers of white bread with vanilla flavour custard, raisins and nutmeg",,https://assets.sainsburys-groceries.co.uk/gol/7261121/1/640x640.jpg,,,https://www.sainsburys.co.uk/gol-ui/product/sainsburys-bread---butter-pudding-2x125g,2x120g,2024-08-20T13:55:30.216702-04:00
66-410-DAI,"Sainsbury's Chicken Kyiv Bake, Taste the Difference 400g (Serves 1)",Sainsbury's,"Dairy, eggs & chilled",Dairy & chilled essentials,,,£4.25,,£3.50,£10.63 / kg,8121512.0,"Marinated chicken in a creamy roasted garlic and parsley sauce, topped with roasted potato slices and a parsley crumb.",,https://assets.sainsburys-groceries.co.uk/gol/8121512/1/640x640.jpg,,,https://www.sainsburys.co.uk/gol-ui/product/sainsburys-chicken-kyiv-bake-autumn-edition-taste-the-difference-400g,,2024-08-20T13:55:47.250308-04:00
66-411-DAI,GetPro Chocolate Long Life High Protein Drink 330ml,GetPro,Drinks,Dairy & chilled essentials,,330ML,£2.25,,,68p / 100g,8168187.0,Chocolate Flavour UHT Milk Drink with Added Milk Protein and Sweetener,100 ml,https://assets.sainsburys-groceries.co.uk/gol/8168187/1/640x640.jpg,"Nutrient	Per 100ml	Per serving 330ml (%RI*)		Per 100ml	Per serving 330ml (%RI*)
Energy (kJ/kcal)	229/ 54	758/ 179 (9%)
Fat (g)	0.3	1.1g (2%)
of which saturates (g)	0.2	0.7g (3%)
Carbohydrate (g)	5.0	16.5g (6%)
of which sugars (g)	4.7	15.5g (17%)
Protein (g)	7.6	25.0g (50%)
Salt (g)	0.20	0.66g (11%)
Calcium (mg)	254	838mg (105%)","Skimmed Milk (89%), Milk Protein (5.3%), Fat Reduced Cocoa Powder (1.3%), Thickeners (Cellulose Gum, Gellan Gum), Stabilisers (Polyphosphates, Sodium Phosphates), Flavourings, Salt, Lactase Enzyme, Sweetener (Sucralose)",https://www.sainsburys.co.uk/gol-ui/product/getpro-chocolate-flavour-protein-drink-300ml,,2024-08-19T18:45:29.709625-04:00
66-412-DAI,Pilgrims Choice Grated Extra Mature Cheddar 180g,Pilgrims,"Dairy, eggs & chilled",Dairy & chilled essentials,,,£2.25,,£1.75,£12.50 / kg,8025057.0,Grated Extra Mature Cheddar,,https://assets.sainsburys-groceries.co.uk/gol/8025057/1/640x640.jpg,"Nutrient	Per 100g		Per 100g
Energy Values	1723KJ/ 415 kcal
Fat	34.2g
(of which saturates)	21.3g
Carbohydrates	2.0g
(of which sugars)	0.1g
Protein	24.9g
Fibre	0.0g
Salt	1.77g
Calcium	724mg(91% RI* per 100g)","Cheddar Cheese (Milk) (98%), Potato Starch",https://www.sainsburys.co.uk/gol-ui/product/pilgrims-choice-grated-extra-mature-180g,,2024-08-20T13:55:55.751757-04:00
66-413-DAI,Sainsbury's Cheese & Onion Slice x2 300g,Sainsbury's,"Dairy, eggs & chilled",Dairy & chilled essentials,,,£2.50,,,83p / 100g,8123648.0,"Mature Cheddar cheese, onion and potato in a creamy sauce wrapped in puff pastry",,https://assets.sainsburys-groceries.co.uk/gol/8123648/1/640x640.jpg,,,https://www.sainsburys.co.uk/gol-ui/product/sainsburys-cheese-onion-slice-x2-300g,,2024-08-20T13:56:17.431978-04:00
66-414-DAI,"Sainsbury's Beef, Pork & Red Wine Ragu Cappellacci, Taste the Difference 250g",Sainsbury's,"Dairy, eggs & chilled",Dairy & chilled essentials,,,£3.25,,,£13.00 / kg,8120931.0,"Free range egg pasta with cooked beef, pork and red wine filling",,https://assets.sainsburys-groceries.co.uk/gol/8120931/1/640x640.jpg,,,https://www.sainsburys.co.uk/gol-ui/product/sainsburys-braised-meat-merlot-cappella-taste-the-difference-250g,,2024-08-20T13:56:38.860843-04:00
66-415-DAI,Sainsbury's Sweetened Soya Drink 1L,Sainsbury's,Drinks,Dairy & chilled essentials,,1L,£1.25,,,£1.25 / ltr,7996465.0,"Sweetened soya drink with added calcium, iodine and vitamins B2, B12 and D2",,https://assets.sainsburys-groceries.co.uk/gol/7996465/1/640x640.jpg,,,https://www.sainsburys.co.uk/gol-ui/product/sainsburys-sweetened-soya-drink-1l,,2024-08-19T18:47:51.994700-04:00
66-416-DAI,Gü Wild Strawberry & Clotted Cream Cheesecake Dessert 2x87g,Gü,"Dairy, eggs & chilled",Dairy & chilled essentials,,,£3.75,2 for £3.75,,£2.16 / 100g,7857344.0,2 Strawberry (20%) and Mascarpone (4.5%) Cheesecakes with Full Fat Soft Cheese (7%),,https://assets.sainsburys-groceries.co.uk/gol/7857344/1/640x640.jpg,"Nutrient	per 100g	87g ramekin
Energy	1229kJ	1069kJ
Energy	293kcal	255kcal
Fat	15g	13g
of which saturates	8.1g	7.0g
Carbohydrate	37g	32g
of which sugars	23g	20g
Fibre	0.8g	0.7g
Protein	2.7g	2.3g
Salt	0.21g	0.18g","Cream (Milk), Strawberries, Sugar, Water, Glucose Syrup, Wheat Flour (Wheat Flour, Calcium Carbonate, Iron, Niacin, Thiamine), Demerara Sugar, Palm Oil, Wholemeal Wheat Flour, Beef Gelatine, Modified Starch, Rapeseed Oil, Invert Sugar Syrup, Pasteurised Egg Yolk, Skimmed Milk Powder, Acidity Regulator (Citric Acid), Raising Agents (Sodium Bicarbonate, Ammonium Bicarbonate), Cornflour, Milk Protein Concentrate, Butter Milk Powder, Black Carrot Extract, Natural Flavourings, Salt, Preservative (Potassium Sorbate), Acidity Regulator (Sodium Citrates), Lactic Cultures (Milk)",https://www.sainsburys.co.uk/gol-ui/product/g%C3%BC-strawberry-clotted-cream-cheesecake-desserts-2x87g,2x87g,2024-08-20T13:56:52.083552-04:00
66-417-DAI,Eatlean Protein Grated 180g,Eatlean,"Dairy, eggs & chilled",Dairy & chilled essentials,,,£2.25,,,£12.50 / kg,8028131.0,Grated Eatlean Cheese,,https://assets.sainsburys-groceries.co.uk/gol/8028131/1/640x640.jpg,"Nutrient	Per 100g		Per 100g
Energy	728kJ / 172 kcal
Fat	3g
of which saturates	1.3g
Carbohydrates	1.9g
of which sugars	<0.5g
Protein	36g
Salt	2.0g
Calcium	972mg","Pasteurised Cow's Milk, Salt, Potato Starch... just the same as regular Grated Cheddar",https://www.sainsburys.co.uk/gol-ui/product/eatlean-protein-grated-180g,,2024-08-20T13:57:05.293863-04:00
66-418-DAI,Gü Plant Spanish Lemon Cheesecake Dessert 2x92g,Gü,"Dairy, eggs & chilled",Dairy & chilled essentials,,,£3.95,2 for £3.95,£2.95,£2.15 / 100g,8020371.0,"2 Gluten Free Biscuit Base, Coconut Cream Layer and Smooth Lemon Filling",,https://assets.sainsburys-groceries.co.uk/gol/8020371/1/640x640.jpg,"Nutrient	per 100g:	per 92g ramekin:
Energy	1453kJ/ 348kcal	1337kJ/ 320kcal
Fat	21g	17g
of which saturates	13g	12g
Carbohydrate	37g	34g
of which sugars	28g	26g
Fibre	<0.5g	<0.5g
Protein	1.7g	1.5g
Salt	0.18g	0.16g","Sugar, Coconut Extract (21.9%), Water, Lemon Juice (10.3%), Palm Oil, Brown Rice Flour, Potato Starch, Coconut Oil, Rapeseed Oil, Maize Flour, Modified Starch, Soya Protein Concentrate, Dried Rice Syrup, Agar, Starch, Coconut Sugar, Salt, Raising Agent (Sodium Bicarbonate), Cane Molasses, Acidity Regulator (Lactic Acid), Thickener (Carrageenan), Natural Flavourings, Turmeric",https://www.sainsburys.co.uk/gol-ui/product/g%C3%BC-free-from-spanish-lemon-cheesecake-desserts-2x92g,2x92g,2024-08-20T13:57:13.770121-04:00
66-419-DAI,Sainsbury's Greek Style Vanilla Yogurt 450g,Sainsbury's,"Dairy, eggs & chilled",Dairy & chilled essentials,,,£1.60,,,36p / 100g,8124898.0,Greek style yogurt with vanilla,,https://assets.sainsburys-groceries.co.uk/gol/8124898/1/640x640.jpg,,,https://www.sainsburys.co.uk/gol-ui/product/sainsburys-greek-style-vanilla-yogurt-450g,,2024-08-20T13:57:35.102108-04:00
66-420-DAI,Gü Plant Chocolate & Vanilla Cheesecake Dessert 2x82g,Gü,"Dairy, eggs & chilled",Freefrom bread & cakes,Freefrom cakes & sweet treats,,£3.95,2 for £3.95,£2.95,£2.41 / 100g,7965812.0,"2 Gluten Free Biscuit Base with a Vanilla & Coconut Cream Layer, Topped with Chocolate & Coconut Cream.",,https://assets.sainsburys-groceries.co.uk/gol/7965812/1/640x640.jpg,"Nutrient	per 100g:	per 82g ramekin:
Energy	1595kJ/ 380kcal	1310kJ/ 310kcal
Fat	25g	21g
of which saturates	18g	15g
Carbohydrate	37g	30g
of which sugars	27g	22g
Fibre	1.4g	1.1g
Protein	3.0g	2.5g
Salt	0.15g	0.12g","Coconut Extract (33%), Dark Chocolate (13%) (Cocoa Mass, Sugar, Cocoa Butter, Emulsifier (Soya Lecithin), Natural Flavouring), Water, Sugar, Demerara Sugar, Coconut Oil, Palm Oil, Brown Rice Flour, Potato Starch, Maize Flour, Glucose Syrup, Dried Rice Syrup, Raising Agent (Sodium Bicarbonate), Fat Reduced Cocoa Powder, Soya Protein Concentrate, Rapeseed Oil, Agar, Acidity Regulator (Lactic Acid), Modified Starch, Preservative (Potassium Sorbate), Natural Vanilla Extract (0.1%), Salt, Thickener (Carrageenan), Natural Flavourings",https://www.sainsburys.co.uk/gol-ui/product/g%C3%BC-free-from-chocolate-vanilla-cheesecake-vegan-gluten-free-desserts-2x82g,2x82g,2024-08-20T13:57:43.857389-04:00
66-421-DAI,GetPro Vanilla Cookie High Protein Yoghurt Drink 300g,GetPro,Drinks,Dairy & chilled essentials,,,£2.00,,£1.50,67p / 100g,8168201.0,Vanilla Cookie Flavour Drinking Yoghurt with Sweeteners,100 g,https://assets.sainsburys-groceries.co.uk/gol/8168201/1/640x640.jpg,"Nutrient	Per 100g	Per serving 300g	%RI* 300g		Per 100g	Per serving 300g	%RI* 300g
Energy (kJ/kcal)	249/ 59	747/ 177	9%
Fat (g)	0.4g	1.2	2%
of which saturates (g)	0.2	0.6	3%
Carbohydrate (g)	5.3	15.9	6%
of which sugars (g)	5.1	15.3	17%
Protein (g)	8.3	24.9	50%
Salt (g)	0.17	0.51	9%
Calcium (mg)	171	513	64%","Yoghurt (Milk), Whey Protein (Milk), Modified Maize Starch, Flavourings, Thickener (Pectin), Acidity Regulators (Lactic Acid, Sodium Citrate), Sweeteners (Acesulfame K, Sucralose)",https://www.sainsburys.co.uk/gol-ui/product/getpro-vanilla-cookie-flavour-protein-drink-300g,,2024-08-19T18:53:02.162616-04:00
66-422-DAI,Gü Inspirations Chocolate & Honeycomb Dessert 2x86.5g,Gü,"Dairy, eggs & chilled",Dairy & chilled essentials,,,£3.75,2 for £3.75,£2.95,£2.17 / 100g,8066203.0,2 Caramel (32%) and Chocolate (3%) Cheesecakes with Chocolate Covered Honeycomb Pieces (4%),,https://assets.sainsburys-groceries.co.uk/gol/8066203/1/640x640.jpg,"Nutrient	per 100g	86.5g Ramekin
Energy	1633 kJ	1413 kJ
Energy	391 kcal	338 kcal
Fat	23 g	20 g
of which saturates	13 g	12 g
Carbohydrate	43 g	37 g
of which sugars	31 g	27 g
Fibre	<0.5 g	<0.5 g
Protein	3.4 g	2.9 g
Salt	0.52 g	0.45 g","Cream (MILK), Sugar, Water, Glucose-Fructose Syrup, WHEAT Flour (WHEAT Flour, Calcium Carbonate, Iron, Niacin, Thiamin), Demerara Sugar, Condensed MILK, Palm Oil, Butter (MILK), Wholemeal WHEAT Flour, Glucose Syrup, Rapeseed Oil, Invert Sugar Syrup, Skimmed MILK Powder, Pasteurised EGG Yolk, Cocoa Butter, Fat-Reduced Cocoa Powder, Salt, Cocoa Mass, Raising Agents (Sodium Bicarbonate, Ammonium Bicarbonate), MILK Protein Concentrate, Thickeners (Agar, Beef Gelatine, Pectin), Whole MILK Powder, Shea Kernel Oil, Cornflour, ButterMILK Powder, Salt, MILK Sugar, Whey Powder (MILK), Anyhydrous MILK Fat, Preservative (Potassium Sorbate), Natural Vanilla Flavour, Emulsifiers (SOYA Lecithin, Sunflower Lecithin), Honey Powder (Honey, Maltodextrin), Acidity Regulator (Citric Acid), Glazing Agent (Gum Arabic), Sucrose, Honey Flavouring, Lactic Cultures (MILK), Modified Maize Starch, Vegetable Oil",https://www.sainsburys.co.uk/gol-ui/product/g%C3%BC-inspirations-chocolate-honeycomb-desserts-2x865g,2x86.5g,2024-08-20T13:57:51.906737-04:00
66-423-DAI,Davidstow Reserve Cornish Vintage Cheddar Cheese 250g,Davidstow,"Dairy, eggs & chilled",Dairy & chilled essentials,,,£4.40,,,£17.60 / kg,7639344.0,Cheddar Cheese,,https://assets.sainsburys-groceries.co.uk/gol/7639344/1/640x640.jpg,"Nutrient	(per 100g)
Energy	1725kJ/ 416kcal
Fat	34.9g
(of which saturates)	21.7g
Carbohydrate	0.1g
(of which sugars)	0.1g
Protein	25.4g
Salt	1.8g","Local Cows' Milk, Bespoke Starter Culture, Vegetarian Rennet, Salt, Time",https://www.sainsburys.co.uk/gol-ui/product/davidstow-reserve-cornish-vintage-cheese-250g,,2024-08-20T13:58:05.966590-04:00
66-424-DAI,Gü Dark Chocolate & Salted Caramel Mousse Dessert 2x70g,Gü,"Dairy, eggs & chilled",Cakes & tarts,All cakes & tarts,,£2.75,2 for £2.75,£2.50,£1.96 / 100g,8017252.0,2 Dark Chocolate and Salted Caramel Mousses,,https://assets.sainsburys-groceries.co.uk/gol/8017252/1/640x640.jpg,,"Dark Chocolate (29%) (Cocoa Mass, Sugar, Cocoa Butter, Emulsifier (Soya Lecithin), Natural Vanilla Flavouring), Caramel with Salted Butter (29%) (Glucose-Fructose Syrup, Sugar, Cream, Sweetened Condensed Milk, Butter, Water, Salted Butter, Guérande Salt, Stabiliser (Pectin)), Pasteurised Egg White (Egg White, Stabilisers (Guar Gum, Xanthan Gum), Preservative (Potassium Sorbate), Acidity Regulator (Citric Acid)), Salted Butter, Whole Milk, Pasteurised Egg Yolk (Egg Yolk, Preservative (Potassium Sorbate), Acidity Regulator (Citric Acid)), Sugar, Water, Preservative (Potassium Sorbate), Stabilisers (Xanthan Gum, Guar Gum)",https://www.sainsburys.co.uk/gol-ui/product/g%C3%BC-dark-chocolate-mousses-with-salted-caramel-desserts-2x70g,2x70g,2024-08-20T13:58:14.365206-04:00
66-425-DAI,Pilgrims Choice Sliced Extra Mature Cheddar 150g,Pilgrims,"Dairy, eggs & chilled",Dairy & chilled essentials,,,£2.25,,£1.75,£15.00 / kg,8024609.0,Sliced Extra Mature Cheddar,,https://assets.sainsburys-groceries.co.uk/gol/8024609/1/640x640.jpg,,Cheddar Cheese (Milk),https://www.sainsburys.co.uk/gol-ui/product/pilgrims-choice-extra-mature-slices-150g,,2024-08-20T13:58:22.248405-04:00
66-426-DAI,Gü Inspirations Cookies & Cream Dessert 2x85g,Gü,"Dairy, eggs & chilled",Dairy & chilled essentials,,,£3.75,2 for £3.75,,£2.21 / 100g,8066161.0,2 Cheesecakes with Cookies (37.5%) & Cream (41.5%),,https://assets.sainsburys-groceries.co.uk/gol/8066161/1/640x640.jpg,"Nutrient	per 100g	per 85g ramekin
Energy	1685 kJ	1432 kJ
Energy	405 kcal	344 kcal
Fat	28g	24g
of which saturates	15g	13g
Carbohydrate	34g	29g
of which sugars	25g	21g
Fibre	<0.5g	<0.5g
Protein	3.7g	3.1g
Salt	0.37g	0.32g","Cream (Milk), Sugar, Water, Palm Oil, Cornish Double Cream (Milk), Pasteurised Whole Egg, White Rice Flour, Starch, Golden Syrup, Whole Milk, Cocoa Mass, Rapeseed Oil, Pasteurised Egg Yolk, Cocoa Butter, Wheat Flour (Wheat Flour, Calcium Carbonate, Iron, Nicotinamide, Thiamine), Demerara Sugar, Whole Milk Powder, Skimmed Milk Powder, Fat-Reduced Cocoa Powder, Maize Flour, Milk Protein Concentrate, Wholemeal Wheat Flour, Buckwheat Flour, Beef Gelatine, Natural Vanilla Flavouring, Cornflour, Buttermilk Powder, Salt, Invert Sugar Syrup, Preservative (Potassium Sorbate), Emulsifier (Soya Lecithin), Raising Agents (Sodium Bicarbonate, Ammonium Bicarbonate), Acidity Regulator (Citric Acid), Lactic Cultures (Milk), Modified Maize Starch",https://www.sainsburys.co.uk/gol-ui/product/g%C3%BC-inspirations-cookies-cream-desserts-2x85g,2x85g,2024-08-20T13:58:35.614257-04:00
66-427-DAI,Cathedral City Grated Extra Mature Cheddar 180g,Cathedral,"Dairy, eggs & chilled",Dairy & chilled essentials,,,£2.40,,,£13.33 / kg,8084199.0,Grated cheddar cheese.,30 g,https://assets.sainsburys-groceries.co.uk/gol/8084199/1/640x640.jpg,"Nutrient	per 100g	per 30g serving		per 100g	per 30g serving
Energy	1715kJ / 414kcal	515kJ / 124kcal
Fat	34.2g	10.3g
(of which saturates)	21.4g	6.4g
Carbohydrate	1.6g	0.5g
(of which sugars)	0.1g	0g
Protein	24.9g	7.5g
Salt	1.8g	0.5g
Calcium	728mg (91% RI)	218mg (27% RI)","Cheddar Cheese (Milk), Potato Starch",https://www.sainsburys.co.uk/gol-ui/product/cathedral-city-grated-extra-mature-cheddar-180g,,2024-08-20T13:58:48.823651-04:00
66-428-DAI,Sainsbury's Cottage Pie 1.5kg (Serves 4),Sainsbury's,"Dairy, eggs & chilled",Dairy & chilled essentials,,,£7.90,,,£5.27 / kg,8126263.0,"Beef, onion and carrot in gravy topped with mashed potato",,https://assets.sainsburys-groceries.co.uk/gol/8126263/1/640x640.jpg,,,https://www.sainsburys.co.uk/gol-ui/product/sainsburys-cottage-pie-15kg,,2024-08-20T13:59:11.335329-04:00
66-429-DAI,Gü Inspirations Red Velvet Dessert 2x82g,Gü,"Dairy, eggs & chilled",Dairy & chilled essentials,,,£2.75,2 for £2.75,£2.50,£1.68 / 100g,8066163.0,2 Vanilla Cheesecakes made with Full Fat Soft Cheese (12.2%) with a Red Biscuit (24.7%),,https://assets.sainsburys-groceries.co.uk/gol/8066163/1/640x640.jpg,"Nutrient	per 100g	per 82g ramekin
Energy	1843 kJ	1511 kJ
Energy	443 kcal	364 kcal
Fat	33g	27g
of which saturates	18g	15g
Carbohydrate	33g	27g
of which sugars	23g	19g
Fibre	<0.5g	<0.5g
Protein	3.8g	3.1g
Salt	0.22g	0.18g","Cream (Milk), Sugar, Wheat Flour, Water, Demerara Sugar, Palm Oil, Pasteurised Egg Yolk, Rapeseed Oil, Skimmed Milk Powder, Invert Sugar Syrup, Cocoa Butter, Milk Protein Powder, Beef Gelatine, Whey Powder (Milk), Modified Starch, Cornflour, Buttermilk Powder, Natural Vanilla Extract, Colour (Red Iron Oxide), Raising Agent (Sodium Bicarbonate), Salt, Acidity Regulator (Citric Acid), Preservative (Potassium Sorbate), Lactic Cultures (Milk)",https://www.sainsburys.co.uk/gol-ui/product/g%C3%BC-inspirations-red-velvet-desserts-2x82g,2x82g,2024-08-20T13:59:19.874313-04:00
66-430-DAI,"Sainsbury's Oat & Apple Crumble, Taste the Difference 500g",Sainsbury's,"Dairy, eggs & chilled",Dairy & chilled essentials,,,£4.65,,£4.00,93p / 100g,8119483.0,"British Bramley, Gala and Golden Delicious apple compote topped with a butter-enriched oat crumble",,https://assets.sainsburys-groceries.co.uk/gol/8119483/1/640x640.jpg,,,https://www.sainsburys.co.uk/gol-ui/product/sainsburys-oat-apple-crumble-taste-the-difference-500g,,2024-08-20T13:59:36.080789-04:00
66-431-DAI,Nurishh Camembert Flavour Vegan Cheese Alternative 140g,Nurishh,"Dairy, eggs & chilled",Dairy & chilled essentials,,,£3.50,,,£25.00 / kg,8042255.0,Plant based camembert style cheese alternative.,,https://assets.sainsburys-groceries.co.uk/gol/8042255/1/640x640.jpg,"Nutrient	for 100g
Energy value	1197 kJ - 286 kcal
Fat	22 g
of which saturates	20 g
Carbohydrate	21 g
of which sugars	0.6 g
Protein	1 g
Salt	1.5 g","Water, Coconut Oil, Modified Starch, Sunflower Protein, Salt, Natural Flavouring, Acidity Regulator: Lactic Acid, Sugar, Colour: Beta Carotene, Ferments",https://www.sainsburys.co.uk/gol-ui/product/nurish-camembert-style-150g,,2024-08-20T13:59:49.440357-04:00
66-432-DAI,"Sainsbury's Brie De Meaux, Taste the Difference 175g",Sainsbury's,"Dairy, eggs & chilled",Dairy & chilled essentials,,,£3.75,,£3.25,£21.43 / kg,7691805.0,Brie de Meaux PDO cheese made from unpasteurised cow's milk,,https://assets.sainsburys-groceries.co.uk/gol/7691805/1/640x640.jpg,,,https://www.sainsburys.co.uk/gol-ui/product/sainsburys-brie-de-meau--taste-the-difference-x-175g,,2024-08-20T14:00:05.840566-04:00
66-433-DAI,"Sainsbury's Vegetable Moussaka, Taste the Difference 400g (Serves 1)",Sainsbury's,"Dairy, eggs & chilled",Dairy & chilled essentials,,,£4.25,,£3.50,£10.63 / kg,8121877.0,"Lentils and mushrooms in a rich red wine sauce, layered with slices of potato and aubergine, topped with béchamel sauce, Kefalotyri cheese and paprika",,https://assets.sainsburys-groceries.co.uk/gol/8121877/1/640x640.jpg,,,https://www.sainsburys.co.uk/gol-ui/product/sainsburys-vegetable-moussaka-taste-the-difference-400g,,2024-08-20T14:00:22.341048-04:00
66-434-DAI,Gü Plant Salted Caramel Cheesecake Dessert 2x83g,Gü,"Dairy, eggs & chilled",Dairy & chilled essentials,,,£3.95,2 for £3.95,£2.95,£2.38 / 100g,8020728.0,"2 Gluten Free Biscuit Base with a Caramel Layer, Topped With Caramel & Coconut Cream.",,https://assets.sainsburys-groceries.co.uk/gol/8020728/1/640x640.jpg,"Nutrient	per 100g:	per 83g ramekin:
Energy	1445kJ/ 346kcal	1199kJ/ 287kcal
Fat	20g	17g
of which saturates	16g	13g
Carbohydrate	39g	33g
of which sugars	27g	22g
Fibre	0.5g	0.4g
Protein	1.6g	1.3g
Salt	0.51g	0.43g","Coconut Extract (22%), Water, Caramel (16%) (Sugar, Water, Flavouring, Thickeners (Xanthan Gum, Pectin), Modified Starch), Coconut Oil, Muscovado Sugar, Demerara Sugar, Sugar, Palm Oil, Brown Rice Flour, Potato Starch, Maize Flour, Soya Protein Concentrate, Modified Starch, Dried Rice Syrup, Raising Agent (Sodium Bicarbonate), Rapeseed Oil, Sea Salt (0.3%), Tapioca Starch, Agar, Salt, Acidity Regulator (Lactic Acid), Thickener (Carrageenan), Natural Flavourings, Preservative (Potassium Sorbate)",https://www.sainsburys.co.uk/gol-ui/product/g%C3%BC-free-from-salted-caramel-cheesecakes-desserts-2x83g,2x83g,2024-08-20T14:00:31.344707-04:00
66-435-DAI,Pukka Steak & Ale Just for Two,Pukka,"Dairy, eggs & chilled",Dairy & chilled essentials,,,£3.75,,,74p / 100g,8128018.0,,,https://assets.sainsburys-groceries.co.uk/gol/8128018/1/640x640.jpg,"Nutrient	Amount per 100g	Amount per half Pie
Energy	952kj/ 227kcal	2609kj/ 623kcal
Fat	10.8g	29.6g
of which Saturates	5.3g	14.4g
Carbohydrates	24.8g	67.9g
of which Sugars	2.5g	6.7g
Fibre	1.5g	4.1g
Protein	7.0g	19.1g
Salt	0.99g	2.71g","Wheat Flour (contains: Wheat Flour, Calcium Carbonate, Iron, Niacin, Thiamine), Beef (16%), Water, Margarine (contains: Palm & Rapeseed Fats & Oils, Water, Salt), Ale (Barley) (8.5%), Onion, Carrots (6.5%), Modified Maize Starch, Beef Flavour Powder, Ale Flavour Powder, Garlic Puree, Salt, Parsley, Thyme, Barley Malt Extract, Flavour Enhancer: Monosodium Glutamate, Butter (Milk), Black Pepper",https://www.sainsburys.co.uk/gol-ui/product/pukka-steak-ale-just-for-two,,2024-08-20T14:00:50.486921-04:00
66-436-DAI,"Sainsbury's Spiced Pumpkin Soup, Taste the Difference 400g",Sainsbury's,"Dairy, eggs & chilled",Dairy & chilled essentials,,,£1.40,,,35p / 100g,8121380.0,Pumpkin soup with red chilli pepper,,https://assets.sainsburys-groceries.co.uk/gol/8121380/1/640x640.jpg,,,https://www.sainsburys.co.uk/gol-ui/product/sainsburys-spiced-pumpkin-soup-taste-the-difference-400g,,2024-08-20T14:01:12.138827-04:00
66-437-DAI,Gressingham Duck Fat 250g,Gressingham,"Dairy, eggs & chilled",Dairy & chilled essentials,,,£3.00,,,£12.00 / kg,8134539.0,For Perfect Crisp Roast Potatoes,,https://assets.sainsburys-groceries.co.uk/gol/8134539/1/640x640.jpg,"Nutrient	(as sold) per 100g
Energy	3384kJ/ 892kcal
Total Fat	99.2g
of which saturates	30.9g
Carbohydrate	<0.5g
of which sugars	<0.5g
Fibre	<0.5g
Protein	<0.5g
Salt	<0.5g",100% Duck Fat,https://www.sainsburys.co.uk/gol-ui/product/gressingham-duck-fat-250g,,2024-08-20T14:01:25.582138-04:00
66-438-DAI,Actimel Strawberry Cultured Yogurt Drink 8x100g,Actimel,Drinks,Dairy & eggs,Special offers,,£3.75,8 for £3.75,£2.50,47p / 100g,4135692.0,"Yogurt drink with L.Casei Danone cultures, vitamins D and B6, and strawberry.",,https://assets.sainsburys-groceries.co.uk/gol/4135692/1/640x640.jpg,"Nutrient	Per 100g	%RI*		Per 100g	%RI*
Energy (kJ/kcal)	309/ 73	4
Fat (g)	1.5	2
of which saturates (g)	1.0	5
Carbohydrate (g)	11	4
of which sugars (g)	11	12
Fibre (g)	1.0	-
Protein (g)	2.8	6
Salt (g)	0.10	2
Calcium (mg) (% RI*)	120	15
Vitamin D (µg)	1.67	33
Vitamin B6 (mg)	0.21	15","Yogurt (Milk), Skimmed Milk, Sugar / Liquid Sugar, Strawberry Purée (2.1%), Oligofructose (Fibre), Dextrose, Modified Starch, Milk Minerals, Natural Flavourings, Acidity Regulators (Citric Acid, Sodium Citrate), Lactobacillus Casei (L. Casei Danone®), Vitamins (D, B6)",https://www.sainsburys.co.uk/gol-ui/product/actimel-yogurt-drink-strawberry-8x100g,8x100g,2024-08-19T19:40:54.920538-04:00
66-439-DAI,Actimel Multifruit Cultured Yogurt Drink 8x100g,Actimel,Drinks,Dairy & eggs,Special offers,,£3.75,8 for £3.75,£2.50,47p / 100g,6005252.0,"Yogurt drink with L.Casei Danone cultures, vitamins B6 and D and multifruit.",,https://assets.sainsburys-groceries.co.uk/gol/6005252/1/640x640.jpg,"Nutrient	Per 100g	%RI*		Per 100g	%RI*
Energy (kJ/kcal)	322/ 76	4
Fat (g)	1.5	2
of which saturates (g)	1.0	5
Carbohydrate (g)	12	4
of which sugars (g)	11	13
Fibre (g)	1.0	-
Protein (g)	2.8	6
Salt (g)	0.10	2
Calcium (mg)	120	15
Vit D (µg)	1.67	33
Vitamin B6 (mg)	0.21	15","Yogurt (Milk), Skimmed Milk, Sugar/Liquid Sugar, Fruit Juice from Concentrate (2.1%) (Pineapple, Peach, Orange, Strawberry), Oligofructose (Fibre), Dextrose, Modified Tapioca Starch, Milk Minerals Concentrate, Natural Flavouring, Acidity Regulators (Citric Acid, Sodium Citrate), Stabiliser (Pectin), Lactobacillus Casei (L.Casei Danone®), Vitamins (B6, D)",https://www.sainsburys.co.uk/gol-ui/product/actimel-yogurt-drink--multi-fruits-8x100g,8x100g,2024-08-19T19:47:24.263829-04:00
66-440-DAI,Stamford Street Co. Mixed Size British Eggs Free Range x10 490g,Stamford,"Dairy, eggs & chilled",Dairy & eggs,Eggs,,£1.73,,,17p / ea,8008268.0,Free Range British Eggs.,,https://assets.sainsburys-groceries.co.uk/gol/8008268/1/640x640.jpg,"Nutrient	(boiled) per 100g:	Per Average Egg (Boiled)		(boiled) per 100g:	Per Average Egg (Boiled)
Energy	595kJ/ 143kcal	280kJ/ 67kcal
Fat	9.6g	4.5g
of which saturates	2.7g	1.3g
mono-unsaturates	3.7g	-
polyunsaturates	1.5g	-
Carbohydrate	<0.5g	<0.5g
of which sugars	<0.5g	<0.5g
Fibre	<0.5g	-
Protein	14.1g	6.6g
Salt	0.38g	0.18g
Vitamin D	3.2µg (64% NRV)	1.5µg (39% NRV)
Vitamin B12	2.0µg (80% NRV)	0.94µg (38% NRV)",,https://www.sainsburys.co.uk/gol-ui/product/j-james-fr-mixed-weight-eggs-x10,,2024-08-20T14:01:47.482015-04:00
66-441-DAI,Lurpak Slightly Salted Spreadable Blend of Butter & Rapeseed Oil 400g,Lurpak,"Dairy, eggs & chilled",Dairy & eggs,"Butter, spreads & pastry",,£4.00,,,£10.00 / kg,8161416.0,Blended Spread 75% (52% milk fat & 23% rapeseed oil).,,https://assets.sainsburys-groceries.co.uk/gol/8161416/1/640x640.jpg,"Nutrient	per 100 g:
Energy	2793 kJ/ 679 kcal
Fat	75 g
of which saturates	35 g
Carbohydrate	0.6 g
of which sugars	0.6 g
Protein	0.5 g
Salt	0.90 g","Butter (64%) (Milk), Rapeseed Oil, Water, Lactic Culture (Milk), Salt",https://www.sainsburys.co.uk/gol-ui/product/lurpak-slightly-salted-spreadable-400g,,2024-08-20T14:02:01.067935-04:00
66-442-DAI,Sainsbury's Greek Style Natural Yogurt 1kg,Sainsbury's,"Dairy, eggs & chilled",Dairy & eggs,Yogurts,,£1.95,,,20p / 100g,7852995.0,Greek style natural yogurt,,https://assets.sainsburys-groceries.co.uk/gol/7852995/1/640x640.jpg,,,https://www.sainsburys.co.uk/gol-ui/product/sainsburys-greek-style-natural-yogurt-1kg,,2024-08-20T14:02:22.083365-04:00
66-443-DAI,Stamford Street Co. Mozzarella Cheese Ball 125g,Stamford,"Dairy, eggs & chilled",Dairy & eggs,Cheese,,69p,,,£5.52 / kg,6542617.0,Mozzarella cheese,,https://assets.sainsburys-groceries.co.uk/gol/6542617/1/640x640.jpg,,,https://www.sainsburys.co.uk/gol-ui/product/sainsburys-mozzarella--basics-125g,,2024-08-20T14:02:43.496782-04:00
66-444-DAI,Sainsbury's Greek Style Fat Free Natural Yogurt 500g,Sainsbury's,"Dairy, eggs & chilled",Dairy & eggs,Yogurts,,£1.10,,,22p / 100g,7622136.0,Fat free Greek style natural yogurt,,https://assets.sainsburys-groceries.co.uk/gol/7622136/1/640x640.jpg,,,https://www.sainsburys.co.uk/gol-ui/product/sainsburys-greek-style-fat-free-yogurt-500g,,2024-08-20T14:03:05.682273-04:00
66-445-DAI,Sainsbury's British Semi Skimmed Milk 1 Pint,Sainsbury's,Drinks,Dairy & eggs,Milk,,90p,,,£1.58 / ltr,173759.0,Pasteurised homogenised semi skimmed milk,,https://assets.sainsburys-groceries.co.uk/gol/173759/1/640x640.jpg,,,https://www.sainsburys.co.uk/gol-ui/product/sainsburys-british-semi-skimmed-milk-1-pint,,2024-08-19T18:15:43.270042-04:00
66-446-DAI,Sainsbury's British Medium Cheddar Cheese 400g,Sainsbury's,"Dairy, eggs & chilled",Dairy & eggs,Cheese,,£3.00,,,£7.50 / kg,7178885.0,Medium Cheddar cheese,,https://assets.sainsburys-groceries.co.uk/gol/7178885/1/640x640.jpg,,,https://www.sainsburys.co.uk/gol-ui/product/sainsburys-british-medium-cheddar-400g,,2024-08-20T14:03:27.169360-04:00
66-447-DAI,Oatly Oat Drink Barista Edition Long Life 1L,Oatly,"Dairy, eggs & chilled",Dairy & eggs,Dairy free,1L,£2.10,,,£2.10 / ltr,7829559.0,Foamable oat drink with added vitamins and minerals.,,https://assets.sainsburys-groceries.co.uk/gol/7829559/1/640x640.jpg,,"Water, Oats 10%, Rapeseed Oil, Acidity Regulator (Dipotassium Phosphate), Minerals (Calcium Carbonate, Potassium Iodide), Salt, Vitamins (D2, Riboflavin and B12)",https://www.sainsburys.co.uk/gol-ui/product/oatly-foamable-1l,,2024-08-20T14:03:40.804598-04:00
66-448-DAI,Anchor Salted Butter 200g,Anchor,"Dairy, eggs & chilled",Dairy & eggs,"Butter, spreads & pastry",,£2.00,,,£10.00 / kg,8156799.0,Salted Butter. Minimum fat content 80%,,https://assets.sainsburys-groceries.co.uk/gol/8156799/1/640x640.jpg,"Nutrient	Per 100g
Energy	3059kJ/ 744kcal
Fat	82g
of which saturates	52g
Carbohydrate	0.6g
of which sugars	0.6g
Protein	0.6g
Salt	1.7g","Butter (Milk), Salt (1.7%)",https://www.sainsburys.co.uk/gol-ui/product/anchor-butter-200g,,2024-08-20T14:03:54.356509-04:00
66-449-DAI,"Sainsbury's Authentic Greek Yogurt, Taste the Difference 500g",Sainsbury's,"Dairy, eggs & chilled",Dairy & eggs,Yogurts,,£2.30,,,46p / 100g,7858800.0,Natural Strained Greek Yogurt,,https://assets.sainsburys-groceries.co.uk/gol/7858800/1/640x640.jpg,,,https://www.sainsburys.co.uk/gol-ui/product/sainsburys-greek-yogurt--taste-the-difference-500g,,2024-08-20T14:04:15.352180-04:00
66-450-DAI,Mini Babybel Original Cheese Snacks 12x20g,Mini,"Dairy, eggs & chilled",Dairy & eggs,Cheese,,£3.55,12 for £3.55,£2.50,£14.79 / kg,3074374.0,100% Real cheese,,https://assets.sainsburys-groceries.co.uk/gol/3074374/1/640x640.jpg,,"Pasteurised Milk, Salt, Lactic Ferments, Vegetarian Rennet",https://www.sainsburys.co.uk/gol-ui/product/babybel-family-pack-12x20g,12x20g,2024-08-20T14:04:23.512463-04:00
66-451-DAI,Anchor Spreadable Blend of Butter & Rapeseed Oil Spread 400g,Anchor,"Dairy, eggs & chilled",Dairy & eggs,"Butter, spreads & pastry",,£3.60,,£2.75,£9.00 / kg,8157525.0,A Blend of Anchor Butter and Rapeseed Oil with Salt.,10 g,https://assets.sainsburys-groceries.co.uk/gol/8157525/1/640x640.jpg,"Nutrient	Per 100g	Per 10g Serving
Energy	2600kJ/ 632kcal	260kJ/ 63kcal
Fat	70g	7.0g
of which saturates	28g	2.8g
Carbohydrate	<0.5g	<0.5g
of which sugars	<0.5g	<0.5g
Protein	<0.5g	<0.5g
Salt	1.1g	0.11g","Anchor Butter (50%) (Milk), Rapeseed Oil (29%), Water, Salt (1.1%), Colour (Beta Carotene), Blended Spread 70% (41% Milk Fat, 29% Rapeseed Oil)",https://www.sainsburys.co.uk/gol-ui/product/anchor-spreadable-blend-of-butter-and-rapeseed-oil-400g,,2024-08-20T14:04:32.416237-04:00
66-452-DAI,Activia Strawberry Yogurt 4x115g,Activia,"Dairy, eggs & chilled",Dairy & eggs,Yogurts,,£2.50,4 for £2.50,,54p / 100g,4131755.0,Yogurt with Strawberry and Live Cultures,100 g,https://assets.sainsburys-groceries.co.uk/gol/4131755/1/640x640.jpg,"Nutrient	Per 100g	Per serving (115g)	% RI*		Per 100g	Per serving (115g)	% RI*
Energy (kJ/kcal)	379/ 90	436/ 104	5
Fat (g)	2.8	3.3	5
of which saturates (g)	1.9	2.2	11
Carbohydrate (g)	12	14	5
of which sugars (g)	12	14	15
Protein (g)	3.9	4.5	9
Salt (g)	0.14	0.16	3
Calcium (mg)	142	163	20","Yogurt (Milk), Strawberry (9%), Sugar, Modified Maize Starch, Black Carrot Juice Concentrate, Stabiliser (Pectin), Concentrated Lemon Juice, Natural Flavourings, Concentrated Carrot Juice, Milk Minerals, Cultures (Bifidobacterium Lactis (Bifidus Actiregularis), Streptococcus Thermophilus, Lactobacillus Bulgaricus, Lactococcus Lactis)",https://www.sainsburys.co.uk/gol-ui/product/activia-bio-yogurt-strawberry-4x125g,4x115g,2024-08-20T14:04:45.867461-04:00
66-453-DAI,Stamford Street Co. Soft Cheese 200g,Stamford,"Dairy, eggs & chilled",Dairy & eggs,Cheese,,85p,,,£4.25 / kg,7982446.0,Full fat soft cheese,,https://assets.sainsburys-groceries.co.uk/gol/7982446/1/640x640.jpg,,,https://www.sainsburys.co.uk/gol-ui/product/mary-anns-dairy-soft-cheese-200g,,2024-08-20T14:05:07.548165-04:00
66-454-DAI,Philadelphia Original Soft Cheese 280g,Philadelphia,"Dairy, eggs & chilled",Dairy & eggs,Cheese,,£3.25,,,£11.61 / kg,8115439.0,Full fat soft cheese.,,https://assets.sainsburys-groceries.co.uk/gol/8115439/1/640x640.jpg,,"Full Fat Soft Cheese, Salt, Stabiliser (Guar Gum), Acid (Citric Acid)",https://www.sainsburys.co.uk/gol-ui/product/philadelphia-original-soft-cheese-280g,,2024-08-20T14:05:21.316448-04:00
66-455-DAI,Sainsbury's British Whole Milk 3.4L (6 pint),Sainsbury's,Drinks,Dairy & eggs,Milk,3.4L,£2.15,,,63p / ltr,425605.0,Pasteurised homogenised standardised whole milk,,https://assets.sainsburys-groceries.co.uk/gol/425605/1/640x640.jpg,,,https://www.sainsburys.co.uk/gol-ui/product/sainsburys-british-whole-milk-34l-6-pint-,,2024-08-19T18:16:47.279354-04:00
66-456-DAI,Sainsbury's Cottage Cheese 300g,Sainsbury's,"Dairy, eggs & chilled",Dairy & eggs,Cheese,,£1.30,,,£4.33 / kg,7522436.0,Cottage Cheese,,https://assets.sainsburys-groceries.co.uk/gol/7522436/1/640x640.jpg,,,https://www.sainsburys.co.uk/gol-ui/product/sainsburys-cottage-cheese-300g,,2024-08-20T14:05:42.270359-04:00
66-457-DAI,Cravendale Filtered Fresh Whole Milk 2L Fresher for Longer,Cravendale,Drinks,Dairy & eggs,Milk,2L,£2.30,,,£1.15 / ltr,3216613.0,"Pasteurised, homogenised, standardised, whole, fresh filtered milk",,https://assets.sainsburys-groceries.co.uk/gol/3216613/1/640x640.jpg,"Nutrient	per 100ml		per 100ml
Energy	271kJ/ 65kcal
Fat	3.6g
of which saturates	2.3g
Carbohydrate	4.7g
of which sugars	4.7g
Protein	3.4g
Salt	0.1g
Phosphorous	99mg (14% RI†)
Riboflavin (B2)	0.24mg (17% RI†)
Vitamin B12	0.9µg (36% RI†)
Potassium	162mg (8% RI†)
Calcium	124mg (15% RI†)
Iodine	32µg (21% RI†)",,https://www.sainsburys.co.uk/gol-ui/product/cravendale-purefilter-whole-milk-2l,,2024-08-19T18:12:10.958112-04:00
66-458-DAI,"Sainsbury's Cottage Cheese, Fat Free 300g",Sainsbury's,"Dairy, eggs & chilled",Dairy & eggs,Cheese,,£1.30,,,£4.33 / kg,7753837.0,Fat Free Cottage Cheese,,https://assets.sainsburys-groceries.co.uk/gol/7753837/1/640x640.jpg,,,https://www.sainsburys.co.uk/gol-ui/product/sainsburys-fat-free-natural-cottage-cheese-300g,,2024-08-20T14:06:03.689906-04:00
66-459-DAI,FAGE Total 0% Fat Natural Fat Free Greek Recipe Strained Yoghurt 950g,FAGE,"Dairy, eggs & chilled",Dairy & eggs,Special offers,,£5.50,,£4.25,58p / 100g,7707590.0,"3g sugars, 10.3g protein, 54 kcal per 100g",,https://assets.sainsburys-groceries.co.uk/gol/7707590/1/640x640.jpg,"Nutrient	per 100g		per 100g
Energy	230 kJ/ 54 kcal
Fat	0 g
of which saturates	0 g
Carbohydrate	3.0 g
of which sugars	3.0 g
Protein	10.3 g
Salt	0.10 g
Calcium	120 mg
% NRV*	15 %","Pasteurised Skimmed Milk, Live Active Yoghurt Cultures (L. Bulgaricus, S. Thermophilus, L. Acidophilus, Bifidus, L. Casei)",https://www.sainsburys.co.uk/gol-ui/product/fage-total-0-natural-fat-free-greek-recipe-strained-yogurt-1kg,,2024-08-20T14:06:11.933448-04:00
66-460-DAI,Yeo Valley Organic Greek Style Natural Yogurt 450g,Yeo,"Dairy, eggs & chilled",Dairy & eggs,Yogurts,,£2.15,,,48p / 100g,8145054.0,Greek Style Natural Yogurt,,https://assets.sainsburys-groceries.co.uk/gol/8145054/1/640x640.jpg,"Nutrient	Per 100g		Per 100g
Energy	511kJ/ 123kcal
Fat	9.4g
of which saturates	6.1g
Carbohydrate	4.7g
of which sugars	4.7g
Protein	4.3g
Salt*	0.11g
Calcium	152mg†","No Added ingredients, Contains the following Live Cultures: Bifidobacterium, Lactobacillus Bulgaricus, Streptococcus Thermophilus",https://www.sainsburys.co.uk/gol-ui/product/yeo-valley-organic-greek-style-natural-yogurt-450g,,2024-08-20T14:06:25.032640-04:00
66-461-DAI,Sainsbury's Soured Cream 300ml,Sainsbury's,"Dairy, eggs & chilled",Dairy & eggs,Cream,300ML,99p,,,33p / 100ml,6615221.0,Pasteurised soured cream,,https://assets.sainsburys-groceries.co.uk/gol/6615221/1/640x640.jpg,,,https://www.sainsburys.co.uk/gol-ui/product/sainsburys-soured-cream-300ml,,2024-08-20T14:06:46.517854-04:00
66-462-DAI,Lurpak Lighter Spreadable Blend of Slightly Salted Butter & Rapeseed Oil 400g,Lurpak,"Dairy, eggs & chilled",Dairy & eggs,"Butter, spreads & pastry",,£4.00,,,£10.00 / kg,8161400.0,Blended Spread 57% (32% milk fat & 25% rapeseed oil).,,https://assets.sainsburys-groceries.co.uk/gol/8161400/1/640x640.jpg,"Nutrient	per 100 g:
Energy	2121 kJ/ 516 kcal
Fat	57 g
of which saturates	22 g
Carbohydrate	0.4 g
of which sugars	0.4 g
Protein	0.3 g
Salt	0.91 g","Butter (40%) (Milk), Water, Rapeseed Oil, Salt",https://www.sainsburys.co.uk/gol-ui/product/lurpak-slightly-salted-spreadable-lighter-400g,,2024-08-20T14:07:00.078582-04:00
66-463-DAI,Yeo Valley Organic Kefir Natural Yogurt 350g,Yeo,"Dairy, eggs & chilled",Dairy & eggs,Yogurts,,£2.00,,,57p / 100g,7923023.0,Fermented Natural Yogurt with Live Kefir Cultures,,https://assets.sainsburys-groceries.co.uk/gol/7923023/1/640x640.jpg,"Nutrient	Per 100g		Per 100g
Energy	268kJ/ 64kcal
Fat	2.1g
of which saturates	1.4g
Carbohydrate	5.4g
of which sugars	5.4g
Protein	4.7g
Salt	0.12g
Calcium	180mg /22% NRV
Phosphorus	132mg /18% NRV",Organic Milk Fermented with Live Kefir Cultures,https://www.sainsburys.co.uk/gol-ui/product/yeo-valley-kefir-natural-organic-yogurt-350g,,2024-08-20T14:07:13.093139-04:00
66-464-DAI,"Wildlife Choobs Kids Strawberry, Raspberry & Apricot Yoghurt Tubes 6x37g",Wildlife,"Dairy, eggs & chilled",Dairy & eggs,Yogurts,,£1.20,6 for £1.20,,54p / 100g,3132234.0,Strawberry Flavour or Raspberry Flavour or Apricot Flavour yogurt,,https://assets.sainsburys-groceries.co.uk/gol/3132234/1/640x640.jpg,"Nutrient	Per 100g		Per 100g
Energy	385kJ / 91kcal
Fat	2.7g
Of which Saturates	1.8g
Carbohydrate	12.1g
Of which Sugars	10.9g
Fibre	<0.1g
Protein	3.7g
Salt	0.15g
Calcium	162mg (20% RI*)
Vitamin D	3.4µg (68% RI*)","Skimmed Milk, Sugar 7.2%, Cream (Milk), Skimmed Milk Powder, Modified Manioc and Maize Starch, Calcium Citrate, Natural Flavourings, Stabiliser: Guar Gum, Acid: Citric Acid, Preservative: Potassium Sorbate, Lactic Cultures (Milk), Vitamin D",https://www.sainsburys.co.uk/gol-ui/product/yoplait-wildlife-choobs-dessert-6x40g,6x37g,2024-08-20T14:07:26.711741-04:00
66-465-DAI,FAGE Total 5% Fat Natural Greek Recipe Strained Yoghurt 950g,FAGE,"Dairy, eggs & chilled",Dairy & eggs,Special offers,,£5.50,,£4.25,58p / 100g,7783540.0,"3g sugars, 9g protein, 93 kcal, per 100g",,https://assets.sainsburys-groceries.co.uk/gol/7783540/1/640x640.jpg,"Nutrient	per 100g		per 100g
Energy	389 kJ/ 93 kcal
Fat	5 g
of which saturates	3.6 g
Carbohydrate	3 g
of which sugars	3 g
Protein	9 g
Salt	0.1 g
Calcium	121 mg % NRV* 15%","Pasteurised Skimmed Milk, Cream (Milk), Live Active Yoghurt Cultures (L. Bulgaricus, S. Thermophilus L. Acidophilus, Bifidus, L. Casei)",https://www.sainsburys.co.uk/gol-ui/product/total-greek-natural-yogurt-1kg,,2024-08-20T14:07:34.578478-04:00
66-466-DAI,Sainsbury's Fat Free Greek Style Natural Yogurt 1kg,Sainsbury's,"Dairy, eggs & chilled",Dairy & eggs,Yogurts,,£1.95,,,20p / 100g,7906365.0,Fat free Greek style natural yogurt,,https://assets.sainsburys-groceries.co.uk/gol/7906365/1/640x640.jpg,,,https://www.sainsburys.co.uk/gol-ui/product/sainsburys-fat-free-greek-style-natural-yogurt-1kg,,2024-08-20T14:07:56.192393-04:00
66-467-DAI,Clarence Court Mabel Pearmans's Burford Browns Large Free Range Eggs x6,Clarence,"Dairy, eggs & chilled",Dairy & eggs,Eggs,,£3.45,,,58p / ea,7984249.0,6 Large Free Range Eggs,,https://assets.sainsburys-groceries.co.uk/gol/7984249/1/640x640.jpg,"Nutrient	per 100g
Energy	547kJ/ 131kcal
Fat	9.0g
of which saturates	2.5g
Carbohydrate	0.0g
of which sugars	0.0g
Fibre	0.0g
Protein	12.6g
Salt	0.39g",,https://www.sainsburys.co.uk/gol-ui/product/clarence-court-mabel-pearmanss-burford-browns-large-free-range-eggs-x6,,2024-08-20T14:08:17.738746-04:00
66-468-DAI,Sainsbury's Gouda Cheese Slices 250g,Sainsbury's,"Dairy, eggs & chilled",Dairy & eggs,Cheese,,£2.65,,,£10.60 / kg,6338182.0,Gouda full fat hard cheese,,https://assets.sainsburys-groceries.co.uk/gol/6338182/1/640x640.jpg,,,https://www.sainsburys.co.uk/gol-ui/product/sainsburys-gouda-slices-250g,,2024-08-20T14:08:40.399718-04:00
66-469-DAI,"Sainsbury's British Butter, Salted 500g",Sainsbury's,"Dairy, eggs & chilled",Dairy & eggs,"Butter, spreads & pastry",,£3.35,,,£6.70 / kg,7590750.0,Salted British butter,,https://assets.sainsburys-groceries.co.uk/gol/7590750/1/640x640.jpg,,,https://www.sainsburys.co.uk/gol-ui/product/sainsburys-english-salted-butter-500g,,2024-08-20T14:09:02.522345-04:00
66-470-DAI,Islos Greek Feta Cheese 150g,Islos,"Dairy, eggs & chilled",Dairy & eggs,Cheese,,£2.25,,,£15.00 / kg,8162870.0,Feta PDO Cheese. Full fat soft cheese made with pasteurised Greek sheep and goat's milk.,,https://assets.sainsburys-groceries.co.uk/gol/8162870/1/640x640.jpg,"Nutrient	per 100g	per 30g		per 100g	per 30g
Energy	1123 kJ/ 271kcal	337 kJ/ 81kcal
Fat	23g	6.9g
of which saturates	14g	4.2g
Carbohydrate	0g	0g
of which sugars	0g	0g
Protein	16g	4.8g
Salt	2.3g	0.69g
Calcium	240mg/30%*	72mg/9%",,https://www.sainsburys.co.uk/gol-ui/product/islos-greek-feta-150g,,2024-08-20T14:09:24.292915-04:00
66-471-DAI,Lurpak Spreadable Blend of Butter and Rapeseed Oil 750g,Lurpak,"Dairy, eggs & chilled",Dairy & eggs,"Butter, spreads & pastry",,£7.25,,£5.50,£9.67 / kg,7938491.0,Blended spread 75% (52% milk fat & 23% rapeseed oil).,,https://assets.sainsburys-groceries.co.uk/gol/7938491/1/640x640.jpg,"Nutrient	per 100 g:
Energy	2793 kJ/ 679 kcal
Fat	75 g
of which saturates	35 g
Carbohydrate	0.6 g
of which sugars	0.6 g
Protein	0.5 g
Salt	0.90 g","Butter (64%) (Milk), Rapeseed Oil, Water, Lactic Culture (Milk), Salt",https://www.sainsburys.co.uk/gol-ui/product/lurpak-spreadable-slightly-salted-750g,,2024-08-20T14:09:32.775658-04:00
66-472-DAI,Sainsbury's Unsweetened Soya Drink 1L,Sainsbury's,Drinks,Dairy & eggs,Dairy free,1L,85p,,,85p / ltr,6710016.0,"UHT unsweetened soya alternative to dairy milk with calcium and vitamins B2, B12 and D2",,https://assets.sainsburys-groceries.co.uk/gol/6710016/1/640x640.jpg,,,https://www.sainsburys.co.uk/gol-ui/product/sainsburys-long-life-soya-milk--unsweetened-1l,,2024-08-19T18:17:30.961545-04:00
66-473-DAI,Alpro Almond Milk No Sugars Chilled Dairy Alternative 1L,Alpro,"Dairy, eggs & chilled",Dairy & eggs,Dairy free,1L,£2.00,,,£2.00 / ltr,7603414.0,"Almond drink with added calcium, iodine and vitamins, flash pasteurised.",,https://assets.sainsburys-groceries.co.uk/gol/7603414/1/640x640.jpg,"Nutrient	per 100 ml		per 100 ml
Energy	61 kJ / 15 kcal
Fat	1.1 g
of which Saturates	0.1 g
Carbohydrate	0 g
of which Sugars	0 g
Fibre	0.3 g
Protein	0.4 g
Salt	0.14 g
D2	0.75 µg*
E	1.8 mg*
B12	0.38 µg*
Calcium	120 mg*
Iodine	22.5 µg*","Water, Almond (2.3%), Calcium (Calcium Carbonate), Sea Salt, Stabilisers (Guar Gum, Gellan Gum), Emulsifier (Lecithins), Natural Flavouring, Potassium Iodide, Vitamins B12, D2, E",https://www.sainsburys.co.uk/gol-ui/product/alpro-fresh-almond-unsweetened-1l,,2024-08-20T14:09:45.968332-04:00
66-474-DAI,Lurpak Slightly Salted Butter 200g,Lurpak,"Dairy, eggs & chilled",Dairy & eggs,"Butter, spreads & pastry",,£2.15,,£1.60,£10.75 / kg,8156817.0,Salted Butter.,,https://assets.sainsburys-groceries.co.uk/gol/8156817/1/640x640.jpg,"Nutrient	per 100 g:
Energy	3038 kJ/ 739 kcal
Fat	82 g
of which saturates	52 g
Carbohydrate	0.7 g
of which sugars	0.7 g
Protein	0.6 g
Salt	1.2 g","Butter (Milk), Lactic Culture (Milk), Salt, Minimum Fat content 80%",https://www.sainsburys.co.uk/gol-ui/product/lurpak-butter-slightly-salted-200g,,2024-08-20T14:09:54.178122-04:00
66-475-DAI,Strings & Things Cheestrings Cheese Snack x4 80g,Strings,"Dairy, eggs & chilled",Dairy & eggs,Cheese,,£1.75,,,£21.88 / kg,7566885.0,,,https://assets.sainsburys-groceries.co.uk/gol/7566885/1/640x640.jpg,,"Acidity Regulators (Citric Acid, Lactic Acid), Paprika, Vitamin B6, Vitamin D, Vitamin B12",https://www.sainsburys.co.uk/gol-ui/product/strings---things-cheestrings-cheese-snack-x4-80g-7566885-p,,2024-08-20T14:10:13.253621-04:00
66-476-DAI,Kerrygold Pure Irish Butter 250g,Kerrygold,"Dairy, eggs & chilled",Dairy & eggs,"Butter, spreads & pastry",,£2.60,,£2.30,£10.40 / kg,2177939.0,"Creamy, Pure Irish Butter",,https://assets.sainsburys-groceries.co.uk/gol/2177939/1/640x640.jpg,"Nutrient	Per 100g
Energy	3059kJ / 744kcal
Fat	80g
of which saturates	53g
Carbohydrate	0.6g
of which sugars	0.6g
Protein	0.6g
Salt	1.8g","Cream, Salt (1.8%), Fat 80% min",https://www.sainsburys.co.uk/gol-ui/product/kerrygold-pure-irish-butter-250g,,2024-08-20T14:10:21.497296-04:00
66-477-DAI,Sainsbury's Red Leicester Cheese 250g,Sainsbury's,"Dairy, eggs & chilled",Dairy & eggs,Cheese,,£2.80,,,£11.20 / kg,7299624.0,Red Leicester cheese,,https://assets.sainsburys-groceries.co.uk/gol/7299624/1/640x640.jpg,,,https://www.sainsburys.co.uk/gol-ui/product/sainsburys-red-leicester-250g,,2024-08-20T14:10:42.925332-04:00
66-478-DAI,FAGE Total 5% Fat Natural Greek Recipe Strained Yoghurt 450g,FAGE,"Dairy, eggs & chilled",Dairy & eggs,Yogurts,,£3.50,,,78p / 100g,2374130.0,"3g sugars, 9g protein, 93 kcal per 100g",,https://assets.sainsburys-groceries.co.uk/gol/2374130/1/640x640.jpg,"Nutrient	per 100g		per 100g
Energy	389 kJ/ 93 kcal
Fat	5.0 g
of which saturates	3.6 g
Carbohydrate	3.0 g
of which sugars	3.0 g
Protein	9.0 g
Salt	0.10 g
Calcium	121 mg
% NRV*	15%","Pasteurised Skimmed Milk, Cream (Milk), Live Active Yoghurt Cultures (L. Bulgaricus, S. Thermophilus, L. Acidophilus, Bifidus, L. Casei)",https://www.sainsburys.co.uk/gol-ui/product/total-cows-milk-greek-yogurt-500g,,2024-08-20T14:10:56.179128-04:00
66-479-DAI,Sainsbury's Mixed Red Fruit Yogurt 6x125g,Sainsbury's,"Dairy, eggs & chilled",Dairy & eggs,Yogurts,,£1.50,6 for £1.50,,20p / 100g,6499245.0,Low fat strawberry yogurt,,https://assets.sainsburys-groceries.co.uk/gol/6499245/1/640x640.jpg,,,https://www.sainsburys.co.uk/gol-ui/product/sainsburys-red-fruit-yogurts-6x125g,6x125g,2024-08-20T14:11:18.384469-04:00
66-480-DAI,Sainsbury's Sheet Puff Pastry x1 320g,Sainsbury's,"Dairy, eggs & chilled",Dairy & eggs,"Butter, spreads & pastry",,£1.15,,,£3.59 / kg,8145403.0,Puff pastry,,https://assets.sainsburys-groceries.co.uk/gol/8145403/1/640x640.jpg,,,https://www.sainsburys.co.uk/gol-ui/product/sainsburys-sheet-puff-pastry-x1-320g,,2024-08-20T14:11:39.872195-04:00
66-481-DAI,Sainsbury's Fresh Soured Cream 150ml,Sainsbury's,"Dairy, eggs & chilled",Dairy & eggs,Cream,150ML,80p,,,53p / 100ml,6615217.0,Pasteurised soured cream,,https://assets.sainsburys-groceries.co.uk/gol/6615217/1/640x640.jpg,,,https://www.sainsburys.co.uk/gol-ui/product/sainsburys-soured-cream-150ml,,2024-08-20T14:12:01.186164-04:00
66-482-DAI,Alpro Oat Milk No Sugars Chilled Dairy Alternative 1L,Alpro,"Dairy, eggs & chilled",Dairy & eggs,Dairy free,1L,£2.00,,,£2.00 / ltr,7938508.0,"Oat drink with added calcium and vitamins, flash pasteurised.",,https://assets.sainsburys-groceries.co.uk/gol/7938508/1/640x640.jpg,"Nutrient	per 100 ml		per 100 ml
Energy	167 kJ / 40 kcal
Fat	1.5 g
of which Saturates	0.2 g
Carbohydrate	5.6 g
of which Sugars	0 g
Fibre	1.2 g
Protein	0.2 g
Salt	0.09 g
- D2	0.75 µg*
- B12	0.38 µg*
- Riboflavin (B2)	0.21 mg*
- Calcium	120 mg*","Oat Base (97.1%) (Water, Oat (8.3%)), Chicory Root Fibre, Sunflower Oil, Calcium (Calcium Carbonate), Sea Salt, Stabiliser (Gellan Gum), Vitamins B2, B12, D2",https://www.sainsburys.co.uk/gol-ui/product/alpro-oat-unsweetened-drink-1l,,2024-08-20T14:12:15.000237-04:00
66-483-DAI,Sainsbury's White Soft Cheese 300g,Sainsbury's,"Dairy, eggs & chilled",Dairy & eggs,Cheese,,£1.65,,£1.50,£5.50 / kg,6596913.0,Full fat soft cheese,,https://assets.sainsburys-groceries.co.uk/gol/6596913/1/640x640.jpg,,,https://www.sainsburys.co.uk/gol-ui/product/sainsburys-soft-white-cheese-300g,,2024-08-20T14:12:30.623590-04:00
66-484-DAI,Flora Buttery Spread with Natural Ingredients 450g,Flora,"Dairy, eggs & chilled",Dairy & eggs,"Butter, spreads & pastry",,£2.50,,£1.25,£5.56 / kg,2605074.0,75% Vegetable Fat Spread,,https://assets.sainsburys-groceries.co.uk/gol/2605074/1/640x640.jpg,"Nutrient	Per 100g
Energy	2784kJ/ 677kcal
Fat	75g
of which saturates	28g
Carbohydrate	<0.5g
of which sugars	<0.5g
Protein	<0.5g
Salt	1.3g
Climate impact (kg C02-eq per 100g)	0.46","Vegetable Oils (Rapeseed, Sunflower, Linseed in Variable Proportions), Water, Coconut Fat, Emulsifier (Sunflower Lecithin), Faba Bean Preparation, Salt (1,3%), Natural Flavourings, Colour (Beta Carotene)",https://www.sainsburys.co.uk/gol-ui/product/flora-buttery-spread-450g,,2024-08-20T14:12:38.712992-04:00
66-485-DAI,Sainsbury's Fresh Grated Parmigiano Cheese 60g,Sainsbury's,"Dairy, eggs & chilled",Dairy & eggs,Cheese,,£1.45,,,£24.17 / kg,1359701.0,Grated Italian Parmigiano Reggiano DOP medium fat hard cheese,,https://assets.sainsburys-groceries.co.uk/gol/1359701/1/640x640.jpg,,,https://www.sainsburys.co.uk/gol-ui/product/sainsburys-fresh-grated-parmigiano-60g,,2024-08-20T14:12:59.903904-04:00
66-486-DAI,Müller Corner Strawberry Yogurt 136g,Müller,"Dairy, eggs & chilled",Dairy & eggs,Yogurts,,90p,,,66p / 100g,7553454.0,Creamy yogurt with strawberry compote,,https://assets.sainsburys-groceries.co.uk/gol/7553454/1/640x640.jpg,"Nutrient	(Per 100g)		(Per 100g)
Energy	440kJ (105kcal)
Fat	3.9g
of which saturates	2.5g
Carbohydrate	12.4g
of which sugars	11.9g
Protein	4.3g
Salt	0.17g
Calcium	132mg (22% of NRV per pot)","Yogurt (Milk), Strawberries (10%), Water, Sugar, Modified Maize Starch, Stabilisers: Pectins, Guar Gum, Flavourings, Acidity Regulator: Citric Acid",https://www.sainsburys.co.uk/gol-ui/product/muller-strawberry-corner-150g,,2024-08-20T14:13:13.236678-04:00
66-487-DAI,Petits Filous Kids Strawberry & Raspberry Yoghurt 4x85g,Petits,"Dairy, eggs & chilled",Dairy & eggs,Special offers,,£1.95,4 for £1.95,£1.25,57p / 100g,2809809.0,Fromage Frais,,https://assets.sainsburys-groceries.co.uk/gol/2809809/1/640x640.jpg,,"Fromage Frais (Pasteurised Semi-Skimmed Milk, Cream (Milk), Lactic (Cultures (Milk)), Sugar 6.8%, Water, Raspberry Puree from Concentrate 5%, Carrot Juice from Concentrate, Maize Starch, Lemon Juice from Concentrate, Natural Flavourings, Milk Mineral Concentrate, Vitamin D",https://www.sainsburys.co.uk/gol-ui/product/petits-filous-fromage-frais-4x100g,4x85g,2024-08-20T14:13:21.687379-04:00
66-488-DAI,Müller Corner Red Cherry Yogurt 136g,Müller,"Dairy, eggs & chilled",Dairy & eggs,Yogurts,,90p,,,66p / 100g,7553444.0,Creamy yogurt with red cherry compote.,,https://assets.sainsburys-groceries.co.uk/gol/7553444/1/640x640.jpg,"Nutrient	(Per 100g)		(Per 100g)
Energy	464kJ (110kcal)
Fat	3.9g
of which saturates	2.5g
Carbohydrate	13.8g
of which sugars	13.1g
Protein	4.3g
Salt	0.17g
Calcium	124mg (21% of NRV per pot)","Yogurt (Milk), Cherries (10%), Water, Sugar, Modified Maize Starch, Stabilisers: Pectins, Guar Gum, Flavourings, Acidity Regulator: Citric Acid",https://www.sainsburys.co.uk/gol-ui/product/muller-corner-red-cherry-yogurt-143g-7553444-p,,2024-08-20T14:13:35.056879-04:00
66-489-DAI,Sainsbury's British Single Cream 300ml,Sainsbury's,"Dairy, eggs & chilled",Dairy & eggs,Cream,300ML,99p,,,33p / 100ml,6615175.0,Pasteurised British single cream,,https://assets.sainsburys-groceries.co.uk/gol/6615175/1/640x640.jpg,,,https://www.sainsburys.co.uk/gol-ui/product/sainsburys-single-cream-300ml,,2024-08-20T14:13:56.050967-04:00
66-490-DAI,Yeo Valley Organic Fresh Whole Milk 2L,Yeo,Drinks,Dairy & eggs,Milk,2L,£2.50,,£2.25,£1.25 / ltr,6483740.0,"Standardised, Homogenised, Pasteurised, Organic Whole Milk",,https://assets.sainsburys-groceries.co.uk/gol/6483740/1/640x640.jpg,"Nutrient	Per 100ml		Per 100ml
Energy	273kJ/ 65kcal
Fat	3.7g
of which saturates	2.4g
Carbohydrate	4.7g
of which sugars	4.7g
Protein	3.5g
Salt	0.11g
Calcium (mg)	124 (15.5% RI†)",,https://www.sainsburys.co.uk/gol-ui/product/yeo-valley-organic-whole-milk-2l,,2024-08-19T18:18:59.607180-04:00
66-491-DAI,Yeo Valley Organic Greek Style Natural Yogurt 4x110g,Yeo,"Dairy, eggs & chilled",Dairy & eggs,Yogurts,,£2.50,4 for £2.50,,57p / 100g,7782511.0,4 Greek Style Natural Yogurts,,https://assets.sainsburys-groceries.co.uk/gol/7782511/1/640x640.jpg,"Nutrient	Per 100g		Per 100g
Energy	481kJ/ 115kcal
Fat	8.3g
of which saturates	5.5g
Carbohydrate	4.9g
of which sugars	4.9g
Protein	4.5g
Salt*	0.10g
Calcium	157mg†","This Yogurt contains only Milk's Naturally occurring Sugar (Lactose), Contains the following Live Cultures: Bifidobacterium, Lactobacillus Bulgaricus, Streptococcus Thermophilus",https://www.sainsburys.co.uk/gol-ui/product/yeo-valley-organic-greek-style-natural-yogurt-4x120g-7782511-p-44,4x110g,2024-08-20T14:14:10.187305-04:00
66-492-DAI,Alpro Almond Milk No Sugars Long Life Dairy Alternative 1L,Alpro,Drinks,Dairy & eggs,Dairy free,1L,£2.10,,£1.50,£2.10 / ltr,7595669.0,Almond drink with added calcium and vitamins.,,https://assets.sainsburys-groceries.co.uk/gol/7595669/1/640x640.jpg,"Nutrient	per 100 ml		per 100 ml
Energy	56 kJ / 13 kcal
Fat	1.1 g
of which Saturates	0.1 g
Carbohydrate	0 g
of which Sugars	0 g
Fibre	0.3 g
Protein	0.4 g
Salt	0.14 g
D2	0.75 µg*
E	1.8 mg*
B12	0.38 µg*
Riboflavin (B2)	0.21 mg*
Calcium	120 mg*","Water, Almond (2.3%), Calcium (Tri-Calcium Phosphate), Sea Salt, Stabilisers (Locust Bean Gum, Gellan Gum), Emulsifier (Lecithins), Vitamins B2, B12, E, D2",https://www.sainsburys.co.uk/gol-ui/product/alpro-almond-milk--unsweetened-uht-1l,,2024-08-19T18:18:43.427541-04:00
66-493-DAI,Sainsbury's British Double Cream 150ml,Sainsbury's,"Dairy, eggs & chilled",Dairy & eggs,Cream,150ML,80p,,,53p / 100ml,6615183.0,Pasteurised British double cream,,https://assets.sainsburys-groceries.co.uk/gol/6615183/1/640x640.jpg,,,https://www.sainsburys.co.uk/gol-ui/product/sainsburys-double-cream-150ml,,2024-08-20T14:14:31.358582-04:00
66-494-DAI,Arla Skyr Natural Icelandic Style Yogurt 450g,Arla,"Dairy, eggs & chilled",Dairy & eggs,Special offers,,£2.25,,£1.25,50p / 100g,7749467.0,Fat Free Icelandic Style Strained Yogurt,,https://assets.sainsburys-groceries.co.uk/gol/7749467/1/640x640.jpg,"Nutrient	Per 100g	Per 1/3 pot (150g)
Energy (kJ)	269	404
Energy (kcal)	63	95
Fat (g)	<0.5	<0.5
of which saturates (g)	<0.1	0.2
Carbohydrate (g)	4.0	6.0
of which sugars (g)	4.0	6.0
Fibre (g)	0.0	0.0
Protein (g)	10.6	15.9
Salt (g)	0.14	0.21",Skyr Yogurt from Skimmed Milk,https://www.sainsburys.co.uk/gol-ui/product/arla-skyr-natural-450g,,2024-08-20T14:14:40.146713-04:00
66-495-DAI,Stamford Street Co. Low Fat Natural Yogurt 500g,Stamford,"Dairy, eggs & chilled",Dairy & eggs,Yogurts,,35p,,,7p / 100g,6490954.0,Low fat natural yogurt,,https://assets.sainsburys-groceries.co.uk/gol/6490954/1/640x640.jpg,,,https://www.sainsburys.co.uk/gol-ui/product/sainsburys-low-fat-natural-yogurt--basics-500g,,2024-08-20T14:15:02.012808-04:00
66-496-DAI,Alpro Oat Milk No Sugars Long Life Dairy Alternative 1L,Alpro,Drinks,Dairy & eggs,Dairy free,1L,£2.30,,£1.50,£2.30 / ltr,7984785.0,Oat drink with added calcium and vitamins.,,https://assets.sainsburys-groceries.co.uk/gol/7984785/1/640x640.jpg,"Nutrient	per 100 ml		per 100 ml
Energy	169 kJ / 40 kcal
Fat	1.5 g
of which saturates	0.2 g
Carbohydrate	5.8 g
of which sugars	0 g
Fibre	1.2 g
Protein	0.2 g
Salt	0.11 g
D2	0.75 µg*
Riboflavin (B2)	0.21 mg*
Calcium	120 mg*","Oat Base [97.0%] [Water, Oat (8.3%]], Soluble Corn Fiber, Sunflower Oil, Calcium [Calcium Carbonate], Sea Salt, Stabiliser [Gellan Gum], Vitamins B2, B12, D2",https://www.sainsburys.co.uk/gol-ui/product/alpro-oat-unsweetened-1l,,2024-08-19T04:08:24.314949-04:00
66-497-DAI,Yeo Valley Organic Yogurt Greek Style With Honey 4x100g,Yeo,"Dairy, eggs & chilled",Dairy & eggs,Yogurts,,£2.50,4 for £2.50,,63p / 100g,7284661.0,4 Greek Style Yogurts with Honey,,https://assets.sainsburys-groceries.co.uk/gol/7284661/1/640x640.jpg,"Nutrient	Per 100g		Per 100g
Energy	591kJ/ 141kcal
Fat	7.8g
of which saturates	4.8g
Carbohydrate	13.7g
of which sugars	13.7g
Protein	4.1g
Salt*	0.13g
Calcium	133mg†","Organic Greek Style Yogurt (Milk), Organic Honey (6%), Organic Sugar (4.5%), Organic Tapioca Starch, Organic Concentrated Lemon Juice, Contains the Following Live Cultures: Bifidobacterium, Lactobacillus Bulgaricus, Streptococcus Thermophilus",https://www.sainsburys.co.uk/gol-ui/product/yeo-valley-organic-greek-style-yogurt---honey-4x100g,4x100g,2024-08-20T14:15:15.396301-04:00
66-498-DAI,Sainsbury's Mousse Chocolate 6x60g,Sainsbury's,"Dairy, eggs & chilled",Dairy & eggs,Yogurts,,99p,6 for 99p,,28p / 100g,312967.0,Chocolate mousse,,https://assets.sainsburys-groceries.co.uk/gol/312967/1/640x640.jpg,,,https://www.sainsburys.co.uk/gol-ui/product/sainsburys-chocolate-mousse-6x625g,6x60g,2024-08-20T14:15:37.005124-04:00
66-499-DAI,Rachel's Luscious Multipack Yogurt 4x110g,Rachel's,"Dairy, eggs & chilled",Dairy & eggs,Special offers,,£2.75,4 for £2.75,£1.75,63p / 100g,7744415.0,Organic Fruits Bio Live Yogurt,,https://assets.sainsburys-groceries.co.uk/gol/7744415/1/640x640.jpg,"Nutrient	Per 100g
Energy	427kJ/ 102kcal
Fat	4.1g
of which saturates	2.6g
Carbohydrate	12.7g
of which sugars	12.5g
Protein	3.4g
Salt	0.1g","Strawberry: Organic Yogurt (from Milk), Organic Sugar, Organic Strawberries 5.8%, Organic Cream (from Milk), Organic Rice Starch, Thickener: Pectin, Natural Strawberry Flavouring, Raspberry: Organic Yogurt (from Milk), Organic Sugar, Organic Raspberries 5%, Organic Cream (from Milk), Organic Rice Starch, Thickener: Pectin, Natural Raspberry Flavouring, Peach: Organic Yogurt (from Milk), Organic Sugar, Organic Peaches 5.5%, Organic Peach Juice from Concentrate, Organic Cream (from Milk), Organic Rice Starch, Natural Peach Flavouring, Thickener: Pectin, Cherry: Organic Yogurt (from Milk), Organic Sugar, Organic Cherries 5.6%, Organic Cream (from Milk), Organic Cherry Juice from Concentrate, Organic Rice Starch, Thickener: Pectin, Organic Natural Cherry Flavouring, These Bio-Live Yogurts contain Cultures Lactobacillus Acidophilus & Bifodabacterium",https://www.sainsburys.co.uk/gol-ui/product/rachels-luscious-multipack-yogurt-4x110g,4x110g,2024-08-20T14:15:46.206087-04:00
66-500-DAI,Mini Babybel Light Cheese Snacks 12x20g,Mini,"Dairy, eggs & chilled",Dairy & eggs,Cheese,,£3.55,12 for £3.55,£2.50,£14.79 / kg,6024964.0,Light Natural Reduced Fat Cheese,,https://assets.sainsburys-groceries.co.uk/gol/6024964/1/640x640.jpg,,,https://www.sainsburys.co.uk/gol-ui/product/babybel-light-240g-12-pack,12x20g,2024-08-20T14:16:02.471310-04:00
66-501-DAI,Oatly Oat Drink Whole Chilled 1L,Oatly,"Dairy, eggs & chilled",Dairy & eggs,Dairy free,1L,£2.10,,,£2.10 / ltr,7937933.0,"Oat drink, with added vitamins and minerals. 2.8% fat.",,https://assets.sainsburys-groceries.co.uk/gol/7937933/1/640x640.jpg,,"Water, Oats 10%, Rapeseed Oil, Acidity Regulator (Dipotassium Phosphate), Minerals (Calcium Carbonate, Potassium Iodide), Salt, Vitamins (D2, Riboflavin, B12)",https://www.sainsburys.co.uk/gol-ui/product/oatly-the-original-oat-drink-whole-1l,,2024-08-20T14:16:16.317743-04:00
66-502-DAI,Activia Cherry No Added Sugar Fat Free Yogurt 4x115g,Activia,"Dairy, eggs & chilled",Dairy & eggs,Yogurts,,£2.50,4 for £2.50,,54p / 100g,3605899.0,"Fat Free Yogurt with Cherry, Live Cultures and Sweeteners",100 g,https://assets.sainsburys-groceries.co.uk/gol/3605899/1/640x640.jpg,"Nutrient	Per 100g	Per serving (115g)	% RI* (115g)		Per 100g	Per serving (115g)	% RI* (115g)
Energy (kJ/kcal)	210/ 49	242/ 56	3
Fat (g)	0.1	0.1	0
of which saturates (g)	0.1	0.1	1
Carbohydrate (g)	7.3	8.4	3
of which sugars (g)	6.9	7.9	9
Protein (g)	4.7	5.4	11
Salt (g)	0.25	0.28	5
Calcium (mg)	169	194	24","Fat Free Yogurt (Milk), Cherry (9%), Modified Maize Starch, Acidity Regulator (Sodium Citrate), Stabilisers (Pectin, Carrageenan), Flavouring, Sweeteners (Acesulfame K, Sucralose), Colour (Anthocyanins), Cultures (Bifidobacterium lactis (Bifidus ActiRegularis), Streptococcus Thermophilus, Lactobacillus Bulgaricus, Lactococcus Lactis)",https://www.sainsburys.co.uk/gol-ui/product/activia-fat-free-yogurt-cherry-4x125g,4x115g,2024-08-20T14:16:30.046800-04:00
66-503-DAI,Sainsbury's Cheesy Slices x10 200g,Sainsbury's,"Dairy, eggs & chilled",Dairy & eggs,Cheese,,£1.40,,,£7.00 / kg,554183.0,"10 Processed slices made using a blend of cheese, palm oil, and milk proteins.",,https://assets.sainsburys-groceries.co.uk/gol/554183/1/640x640.jpg,,,https://www.sainsburys.co.uk/gol-ui/product/sainsburys-cheese-singles-x10-200g,,2024-08-20T14:16:51.152424-04:00
66-504-DAI,Stamford Street Co. Greek Style Salad Cheese 200g,Stamford,"Dairy, eggs & chilled",Dairy & eggs,Cheese,,89p,,,£4.45 / kg,6479588.0,Full fat white cheese,,https://assets.sainsburys-groceries.co.uk/gol/6479588/1/640x640.jpg,,,https://www.sainsburys.co.uk/gol-ui/product/sainsburys-greek-style-salad-cheese--basics-200g,,2024-08-20T14:17:12.637294-04:00
66-505-DAI,Sainsbury's British Whole Milk 568ml (1 pint),Sainsbury's,Drinks,Dairy & eggs,Milk,568ML,90p,,,£1.58 / ltr,181358.0,Pasteurised homogenised standardised whole milk,,https://assets.sainsburys-groceries.co.uk/gol/181358/1/640x640.jpg,,,https://www.sainsburys.co.uk/gol-ui/product/sainsburys-british-whole-milk-568ml-1-pint-,,2024-08-19T18:19:28.836828-04:00
66-506-DAI,"Sainsbury's British Whole Milk, SO Organic 1.13L (2 pint)",Sainsbury's,Drinks,Dairy & eggs,Milk,1.13L,£1.55,,,£1.36 / ltr,6336293.0,Organic pasteurised homogenised whole milk,,https://assets.sainsburys-groceries.co.uk/gol/6336293/1/640x640.jpg,,,https://www.sainsburys.co.uk/gol-ui/product/sainsburys-british-whole-milk-so-organic-113l-2-pint-,,2024-08-19T18:20:19.511868-04:00
66-507-DAI,Petits Filous Kids Strawberry & Apricot Yoghurt 4x85g,Petits,"Dairy, eggs & chilled",Dairy & eggs,Special offers,,£1.95,4 for £1.95,£1.25,57p / 100g,7556030.0,Naturally sourced ingredients + vitamin D,,https://assets.sainsburys-groceries.co.uk/gol/7556030/1/640x640.jpg,,"Fromage Frais (Pasteurised Semi-Skimmed Milk, Cream (Milk), Lactic Cultures (Milk)), Sugar 6.6%, Water, Apricot Puree from Concentrate 5%, Carrot Juice from Concentrate, Maize Starch, Pumpkin Juice from Concentrate, Lemon Juice from Concentrate, Natural Flavouring (Milk), Vitamin D",https://www.sainsburys.co.uk/gol-ui/product/petits-filous-strawberry--apricot-4x100g,4x85g,2024-08-20T14:17:21.019328-04:00
66-508-DAI,Sainsbury's British Filtered Whole Milk 2L,Sainsbury's,Drinks,Dairy & eggs,Milk,2L,£1.90,,,95p / ltr,7657808.0,Pasteurised standardised homogenised filtered whole milk,,https://assets.sainsburys-groceries.co.uk/gol/7657808/1/640x640.jpg,,,https://www.sainsburys.co.uk/gol-ui/product/sainsburys-british-filtered-whole-milk-2l,,2024-08-19T18:19:58.315894-04:00
66-509-DAI,Sainsbury's Unsweetened Almond Drink 1L,Sainsbury's,Drinks,Dairy & eggs,Dairy free,1L,99p,,,99p / ltr,7825041.0,"UHT unsweetened almond drink with added calcium and vitamins B2, B12 and D2",,https://assets.sainsburys-groceries.co.uk/gol/7825041/1/640x640.jpg,,,https://www.sainsburys.co.uk/gol-ui/product/sainsburys-almond-unsweetened-uht-milk-1l,,2024-08-19T18:20:41.120518-04:00
66-510-DAI,Sainsbury's Semi Skimmed Long Life Milk 6x1L,Sainsbury's,Drinks,Dairy & eggs,Milk,1L,£5.34,6 for £5.34,,89p / ltr,6646953.0,Ultra heat treated homogenised semi skimmed milk,,https://assets.sainsburys-groceries.co.uk/gol/6646953/1/640x640.jpg,,,https://www.sainsburys.co.uk/gol-ui/product/sainsburys-semi-skimmed-long-life-milk-6x1l,6x1L,2024-08-19T18:21:02.631246-04:00
66-511-DAI,Califia Farms Oat Drink Barista Blend 1L,Califia,Drinks,Dairy & eggs,Dairy free,1L,£2.10,,£1.50,£2.10 / ltr,8005278.0,UHT Oat Drink with Added Calcium,,https://assets.sainsburys-groceries.co.uk/gol/8005278/1/640x640.jpg,"Nutrient	Per 100 ml	Per portion 240 ml		Per 100 ml	Per portion 240 ml
Energy (kJ)	226	543
Energy (kcal)	54	130
Fat	2,9 g	7,0 g
of which saturates	0,2 g	0,5 g
Carbohydrate	5,8 g	13,9 g
** of which sugars	2,8 g	6,7 g
Fibre	0,8 g	1,9 g
Protein	0,8 g	1,9 g
Salt	0,12 g	0,29 g
Calcium	104 mg (13%)	250 mg (31%)","Oat Drink (Water, Oats (10%)), Rapeseed Oil, Acidity Regulator (Dipotassium Phosphate), Calcium Carbonate, Tricalcium Phosphate, Sea Salt",https://www.sainsburys.co.uk/gol-ui/product/califia-farms-oat-barista-blend-1l,,2024-08-19T18:19:37.106916-04:00
66-512-DAI,Clarence Court Mabel Pearmans's Burford Brown Medium Free Range Eggs x6,Clarence,"Dairy, eggs & chilled",Dairy & eggs,Eggs,,£3.20,,,53p / ea,8056425.0,6 Medium Free Range Eggs,,https://assets.sainsburys-groceries.co.uk/gol/8056425/1/640x640.jpg,"Nutrient	per 100g
Energy	547kJ/ 131kcal
Fat	9.0g
of which saturates	2.5g
Carbohydrate	0.0g
of which sugars	0.0g
Fibre	0.0g
Protein	12.6g
Salt	0.39g",,https://www.sainsburys.co.uk/gol-ui/product/clarence-court-mabel-pearmanss-burford-brown-medium-free-range-eggs-x6,,2024-08-20T14:17:42.797587-04:00
66-513-DAI,The Collective Suckies Strawberry Kids Yoghurt Pouch 90g,The,"Dairy, eggs & chilled",Snacks & rusks,All snacks & rusks,,95p,,65p,95p / 100g,7697791.0,Live Strawberry Yoghurt,,https://assets.sainsburys-groceries.co.uk/gol/7697791/1/640x640.jpg,"Nutrient	Per 100g	Per 90g Pouch		Per 100g	Per 90g Pouch
Energy	333kJ/ 79kcal	300kJ/ 71kcal
Fat	2.7g	2.4g
- Of which Saturates	1.9g	1.7g
Carbohydrate	10.1g	9.0g
- Of which Sugars	7.9g	7.1g
Protein*	3.8g	3.4g
Salt	0.09g	0.08g
Calcium (RI%)	138mg (17%)	124mg (15%)
Vitamin D (RI%)	0.83µg (16%)	0.75µg (15%)","Live Yoghurt** (Milk) (82%), Strawberry Puree (9%), Concentrated Apple Juice, Concentrated Grape Juice, Cornflour, Natural Flavourings, Concentrated Lemon Juice, Vitamin D, **Contains Cultures: L. Bulgaricus and S. Thermophilus",https://www.sainsburys.co.uk/gol-ui/product/the-collective-suckies-strawberry-100g,,2024-08-20T14:17:50.810461-04:00
66-514-DAI,Activia Peach No Added Sugar Fat Free Yogurt 4x115g,Activia,"Dairy, eggs & chilled",Dairy & eggs,Yogurts,,£2.50,4 for £2.50,,54p / 100g,3605370.0,"Fat Free Yogurt with Peach, Live Cultures and Sweeteners",100 g,https://assets.sainsburys-groceries.co.uk/gol/3605370/1/640x640.jpg,"Nutrient	Per 100g	Per serving (115g)	% RI* (115g)		Per 100g	Per serving (115g)	% RI* (115g)
Energy (kJ/kcal)	206/ 49	237/ 56	3
Fat (g)	0.1	0.1	0
of which saturates (g)	0.0	0.1	0
Carbohydrate (g)	7.2	8.3	3
of which sugars (g)	6.7	7.7	9
Protein (g)	4.7	5.4	11
Salt (g)	0.25	0.29	5
Calcium (mg)	170	196	24","Fat Free Yogurt (Milk), Peach (8%), Modified Maize Starch, Carrot and Pumpkin Concentrate, Natural Flavourings, Stabiliser (Pectin), Acidity Regulators (Lactic Acid, Sodium Citrate), Sweeteners (Sucralose, Acesulfame K), Cultures (Bifidobacterium Lactis (Bifidus ActiRegularis), Streptococcus Thermophilus, Lactobacillus Bulgaricus, Lactococcus Lactis)",https://www.sainsburys.co.uk/gol-ui/product/activia-fat-free-yogurt-peach-4x125g,4x115g,2024-08-20T14:18:05.201181-04:00
66-515-DAI,Cathedral City Mini Mature Cheddar Cheeses 6x20g,Cathedral,"Dairy, eggs & chilled",Dairy & eggs,Cheese,,£2.10,6 for £2.10,£1.65,£17.50 / kg,6338949.0,Cheddar cheese.,,https://assets.sainsburys-groceries.co.uk/gol/6338949/1/640x640.jpg,"Nutrient	per 100g	per 20g mini		per 100g	per 20g mini
Energy	1725kJ / 416kcal	345kJ / 83kcal
Fat	34.9g	7.0g
(of which saturates)	21.7g	4.3g
Carbohydrate	0.1g	0g
(of which sugars)	0.1g	0g
Protein	25.4g	5.1g
Salt	1.8g	0.4g
Calcium	739mg (92% RI)	148mg (18% RI)",,https://www.sainsburys.co.uk/gol-ui/product/cathedral-city-mature-minis-120g,6x20g,2024-08-20T14:18:21.876819-04:00
66-516-DAI,Stamford Street Co. Grated Mozzarella 500g,Stamford,"Dairy, eggs & chilled",Dairy & eggs,Cheese,,£2.99,,,£5.98 / kg,7984707.0,Grated medium fat mozzarella cheese,,https://assets.sainsburys-groceries.co.uk/gol/7984707/1/640x640.jpg,,,https://www.sainsburys.co.uk/gol-ui/product/mary-anns-dairy-grated-mozzerella-500g,,2024-08-20T14:18:43.518622-04:00
66-517-DAI,Activia Vanilla No Added Sugar Fat Free Yogurt 4x115g,Activia,"Dairy, eggs & chilled",Dairy & eggs,Yogurts,,£2.50,4 for £2.50,,54p / 100g,6822675.0,Fat Free Vanilla Yogurt with Live Cultures and Sweeteners,100 g,https://assets.sainsburys-groceries.co.uk/gol/6822675/1/640x640.jpg,"Nutrient	Per 100g	Per serving (115g)	% RI* (115g)		Per 100g	Per serving (115g)	% RI* (115g)
Energy (kJ/kcal)	201/ 47	231/ 54	3
Fat (g)	0.1	0.1	0
of which saturates (g)	0.1	0.1	1
Carbohydrate (g)	6.8	7.8	3
of which sugars (g)	6.4	7.4	8
Protein (g)	4.9	5.6	11
Salt (g)	0.25	0.29	5
Calcium (mg)	176	202	25","Fat Free Yogurt (Milk), Water, Modified Maize Starch, Concentrated Lemon Juice, Carrot Concentrate, Natural Vanilla Flavouring, Bourbon Vanilla Powder (0.03%), Sweeteners (Acesulfame K, Sucralose), Natural Flavouring, Acidity Regulator (Sodium Citrate), Cultures (Bifidobacterium Lactis (Bifidus ActiRegularis®), Streptococcus Thermophilus, Lactobacillus Bulgaricus, Lactococcus Lactis)",https://www.sainsburys.co.uk/gol-ui/product/activia-fat-free-vanilla-4x125g,4x115g,2024-08-20T14:18:57.783134-04:00
66-518-DAI,Galbani Mozzarella Cheese Maxi Bag 250g,Galbani,"Dairy, eggs & chilled",Dairy & eggs,Cheese,,£2.95,,£2.00,£11.80 / kg,6310792.0,Fresh soft cheese,,https://assets.sainsburys-groceries.co.uk/gol/6310792/1/640x640.jpg,,"Pasteurised Whole Milk, Salt, Vegetarian Coagulant, Acidity Regulator: Citric Acid",https://www.sainsburys.co.uk/gol-ui/product/galbani-mozzarella-maxi-bag-250g,,2024-08-20T14:19:05.797056-04:00
66-519-DAI,Strings & Things Cheestrings Cheese Snack x8 160g,Strings,"Dairy, eggs & chilled",Dairy & eggs,Cheese,,£2.49,,,£15.56 / kg,7567025.0,,,https://assets.sainsburys-groceries.co.uk/gol/7567025/1/640x640.jpg,,"Acidity Regulators (Citric Acid, Lactic Acid), Paprika, Vitamin B6, Vitamin D, Vitamin B12",https://www.sainsburys.co.uk/gol-ui/product/strings---things-cheestrings-twisted-x8-160g-7567025-p,,2024-08-20T14:19:24.074035-04:00
66-520-DAI,Yeo Valley Organic Little Yeos 4x85g,Yeo,"Dairy, eggs & chilled",Baby meals,All baby meals,,£2.15,4 for £2.15,,63p / 100g,6921042.0,Organic Yogurt Blended with a Smooth Fruit Purée,,https://assets.sainsburys-groceries.co.uk/gol/6921042/1/640x640.jpg,"Nutrient	Per 100g	Per 85g pot		Per 100g	Per 85g pot
Energy	390kJ/ 93kcal	332kJ/ 79kcal
Fat	4.4g	3.7g
of which saturates	2.9g	2.5g
Carbohydrate	9.2g	7.8g
of which sugars	8.1g	6.9g
Protein	4.3g	3.7g
Salt*	0.10g	0.08g
Calcium	157mg	133mg†","Peach: Organic Yogurt (Milk), Organic Peach Purée (5%), Organic Sugar (3.5%), Organic Maize Starch, Natural Flavouring, Lactase Enzyme, Organic Concentrated Lemon Juice, Apricot: Organic Yogurt (Milk), Organic Apricot Purée (5%), Organic Sugar (3.5%), Organic Maize Starch, Natural Flavouring, Lactase Enzyme, Organic Concentrated Lemon Juice, Strawberry: Organic Yogurt (Milk), Organic Strawberry Purée (5%), Organic Sugar (3.5%), Organic Maize Starch, Natural Flavouring, Lactase Enzyme, Organic Concentrated Lemon Juice, Raspberry: Organic Yogurt (Milk), Organic Raspberry Purée (5%), Organic Sugar (3.5%), Organic Maize Starch, Natural Flavouring, Lactase Enzyme, Organic Concentrated Lemon Juice, Contains the following Live Cultures: Bifidobacterium, Lactococcus Cremoris, Streptococcus Thermophilus",https://www.sainsburys.co.uk/gol-ui/product/yeo-valley-organic-kids-little-yeos-yogurt-4x90g,4x85g,2024-08-20T14:19:37.484707-04:00
66-521-DAI,Vitalite Dairy Free Spread 500g,Vitalite,"Dairy, eggs & chilled",Dairy & eggs,"Butter, spreads & pastry",,£2.00,,£1.70,£4.00 / kg,7284376.0,Plant Based Deliciousness,10 g,https://assets.sainsburys-groceries.co.uk/gol/7284376/1/640x640.jpg,"Nutrient	per 100g	per 10g serving		per 100g	per 10g serving
Energy	2072kJ/ 504kcal	207kJ/ 50kcal
Fat	56g	5.6g
of which saturates	11.8g	1.2g
of which mono-unsaturates	29.5g	3g
of which polyunsaturates	12.4g	1.2g
Carbohydrate	0g	0g
of which sugars	0g	0g
Protein	0g	0g
Salt	1.5g	0.2g
Vitamin E	9.4mg (78% RI)	0.9mg (8% RI)","Vegetable Oils in varying proportions (Rapeseed, Sustainable Palm, Sunflower), Water, Salt, Emulsifiers-E471, Lecithins, Preservative-Potassium Sorbate, Acid-Lactic Acid, Flavourings, Colours - Annatto Bixin, Curcumin",https://www.sainsburys.co.uk/gol-ui/product/vitalite-500g,,2024-08-20T14:19:45.793583-04:00
66-522-DAI,Muller Corner Vanilla Yogurt With Chocolate Digestive Biscuits 124g,Muller,"Dairy, eggs & chilled",Dairy & eggs,Yogurts,,90p,,,73p / 100g,7553428.0,Vanilla flavour yogurt with milk chocolate coated digestive biscuit balls (12%),,https://assets.sainsburys-groceries.co.uk/gol/7553428/1/640x640.jpg,"Nutrient	(Per 100g)		(Per 100g)
Energy	605kJ(144kcal)
Fat	4.6g
of which saturates	3.0g
Carbohydrate	20.0g
of which sugars	16.8g
Protein	4.9g
Salt	0.22g
Calcium	112mg (17% of NRV per pot)","Yogurt (Milk), Sugar, Water, Wheat Flour (Gluten) (with added Calcium, Iron, Niacin, Thiamin), Cocoa Butter, Milk Powder, Coconut Oil, Wholemeal Wheat Flour, Barley Flour, Barley Malt Extract, Modified Starch, Cocoa Mass, Whey Powder (Milk), Lactose (Milk), Flavourings, Glazing Agents: Acacia Gum, Shellac, Glucose Syrup, Molasses, Emulsifier: Soya Lecithin, Skimmed Milk Powder, Salt, Treade, Stabiliser: Pectins",https://www.sainsburys.co.uk/gol-ui/product/muller-corner-chocolate-digestive-135g,,2024-08-20T14:19:59.055570-04:00
66-523-DAI,Müller Corner Strawberry & Peach & Apricot Yogurts 6x136g,Müller,"Dairy, eggs & chilled",Dairy & eggs,Special offers,,£4.00,6 for £4.00,£2.50,49p / 100g,7553561.0,Creamy yogurt with strawberry compote on the side x 3 Creamy yogurt with peach & apricot compote on the side x 3,,https://assets.sainsburys-groceries.co.uk/gol/7553561/1/640x640.jpg,"Nutrient	Per 100g		Per 100g		Per 100g		Per 100g
Energy	440kJ (105kcal)
Fat	3.9g
of which saturates	2.5g
Carbohydrate	12.4g
of which sugars	12.0g
Protein	4.3g
Salt	0.17g
	(22% of NRV per pot)
Calcium	132mg
Energy	466kJ (111kcal)
Fat	3.9g
of which saturates	2.5g
Carbohydrate	13.9g
of which sugars	13.4g
Protein	4.3g
Salt	0.17g
	(21% of NRV per pot)
Calcium	125mg","Yogurt (Milk), Strawberries (11%), Water, Sugar, Modified Maize Starch, Stabilisers: Pectins, Guar Gum, Flavourings, Acidity Regulator: Citric Acid",https://www.sainsburys.co.uk/gol-ui/product/muller-fruit-corners-6x150g,6x136g,2024-08-20T14:20:07.771737-04:00
66-524-DAI,Sainsbury's Natural Yogurt 500g,Sainsbury's,"Dairy, eggs & chilled",Dairy & eggs,Yogurts,,90p,,,18p / 100g,7665214.0,Whole milk natural yogurt,,https://assets.sainsburys-groceries.co.uk/gol/7665214/1/640x640.jpg,,,https://www.sainsburys.co.uk/gol-ui/product/sainsburys-natural-yogurt-500g,,2024-08-20T14:20:29.223411-04:00
66-525-DAI,Boursin Garlic & Herb Soft French Cream Cheese 150g,Boursin,"Dairy, eggs & chilled",Dairy & eggs,Cheese,,£2.75,,,£18.33 / kg,3034071.0,Full Fat Soft Cheese with Garlic and Herbs.,,https://assets.sainsburys-groceries.co.uk/gol/3034071/1/640x640.jpg,"Nutrient	p. 100 g
Energy value	1635 kJ - 396 kcal
Fat	39 g
of which saturates	26 g
Carbohydrate	3 g
of which sugars	2.5 g
Protein	8.5 g
Salt	1.2 g","Pasteurised Milk and Cream, Lactic Ferments, Garlic and Herbs 1.9%, Salt, Pepper, Preservative (Potassium Sorbate)",https://www.sainsburys.co.uk/gol-ui/product/boursin-garlic---herb-150g,,2024-08-20T14:20:42.978954-04:00
66-526-DAI,Munch Bunch Double Up Fromage Frais Strawberry & Vanilla 4x85g,Munch,"Dairy, eggs & chilled",Dairy & eggs,Yogurts,,£2.00,4 for £2.00,,59p / 100g,7505190.0,Layered Fromage Frais with Strawberry Puree and Vanilla Flavour,,https://assets.sainsburys-groceries.co.uk/gol/7505190/1/640x640.jpg,,"Fromage Frais (Milk), Cream (Milk), Sugar, Water, Strawberry Puree 2.5%, Modified Starch, Milk Mineral Concentrate, Flavourings, Thickeners: Guar Gum, Locust Bean Gum, Xanthan Gum, Acidity Regulators: Citric Acid, Sodium Citrate, Caramelised Sugar Syrup, Vitamin D, Colour: Carmine",https://www.sainsburys.co.uk/gol-ui/product/munch-bunch-double-up-vanilla-4x85g,4x85g,2024-08-20T14:20:56.595312-04:00
66-527-DAI,Country Life British Salted Butter 250g,Country,"Dairy, eggs & chilled",Dairy & eggs,"Butter, spreads & pastry",,£2.50,,£2.00,£10.00 / kg,2242583.0,"Salted butter, minimum 80% butterfat",,https://assets.sainsburys-groceries.co.uk/gol/2242583/1/640x640.jpg,"Nutrient	Per 100g:
Energy	3031kJ / 737kcal
Fat	81.7g
of which saturates	54.0g
Carbohydrate	0g
of which sugars	0g
Protein	0.5g
Salt	1.8g","Butter, Salt (1.8%)",https://www.sainsburys.co.uk/gol-ui/product/country-life-english-butter--salted-250g,,2024-08-20T14:21:04.629721-04:00
66-528-DAI,Muller Corner Banana Yogurt with Chocolate Flakes 124g,Muller,"Dairy, eggs & chilled",Dairy & eggs,Yogurts,,90p,,,73p / 100g,7553395.0,Banana yogurt with milk chocolate coated cornflakes (8%),,https://assets.sainsburys-groceries.co.uk/gol/7553395/1/640x640.jpg,"Nutrient	(Per 100g)		(Per 100g)
Energy	559kJ (133kcal)
Fat	4.0g
of which saturates	2.5g
Carbohydrate	18.5g
of which sugars	15.9g
Protein	5.0g
Salt	0.22g
Calcium	100mg (15% of NRV per pot)","Yogurt (Milk), Sugar, Banana Purée (4%), Maize Flour, Milk Powder, Cocoa Butter, Cocoa Mass, Modified Starch, Flavourings, Glucose Syrup, Glazing Agent: Acacia Gum, Lactose (Milk), Coconut Oil, Emulsifier: Soya Lecithin, Sweet Whey Powder (Milk), Barley Malt (Gluten), Stabiliser: Pectins, Salt, Acidity Regulator: Citric Acid, Colour: Carotenes",https://www.sainsburys.co.uk/gol-ui/product/muller-corner-banana-chocolate-flake-135g,,2024-08-20T14:21:17.812726-04:00
66-529-DAI,Muller Corner Peach & Apricot Yogurt 136g,Muller,"Dairy, eggs & chilled",Dairy & eggs,Yogurts,,90p,,,66p / 100g,7553557.0,Creamy yogurt with peach & apricot compote,,https://assets.sainsburys-groceries.co.uk/gol/7553557/1/640x640.jpg,"Nutrient	(Per 100g)		(Per 100g)
Energy	466kJ (111kcal)
Fat	3.9g
of which saturates	2.5g
Carbohydrate	13.9g
of which sugars	13.4g
Protein	4.3g
Salt	0.17g
Calcium	125mg (21% of NRV per pot)","Yogurt (Milk), Peach (8%), Sugar, Water, Apricot (3%), Stabilisers: Pectins, Guar Gum, Modified Maize Starch, Acidity Regulator: Citric Acid, Flavourings",https://www.sainsburys.co.uk/gol-ui/product/muller-peach---apricot-corner-150g,,2024-08-20T14:21:31.645983-04:00
66-530-DAI,Flora Buttery Spread with Natural Ingredients 1kg,Flora,"Dairy, eggs & chilled",Dairy & eggs,"Butter, spreads & pastry",,£4.60,,,£4.60 / kg,7903624.0,75% Vegetable Fat Spread,,https://assets.sainsburys-groceries.co.uk/gol/7903624/1/640x640.jpg,"Nutrient	Per 100g
Energy	2784kJ/ 677kcal
Fat	75g
of which saturates	28g
Carbohydrate	<0.5g
of which sugars	<0.5g
Protein	<0.5g
Salt	1.3g
Climate impact (kg CO2-eq per 100g)	0.46","Vegetable Oils (Rapeseed, Sunflower, Linseed in Variable Proportions), Water, Coconut Fat, Emulsifier (Sunflower Lecithin), Faba Bean Preparation, Salt (1,3%), Natural Flavourings, Colour (Beta Carotene)",https://www.sainsburys.co.uk/gol-ui/product/flora-spread-buttery-1kg,,2024-08-20T14:21:45.473875-04:00
66-531-DAI,Yeo Valley Organic Natural Creamy Bio Live Yogurt 950g,Yeo,"Dairy, eggs & chilled",Dairy & eggs,Yogurts,,£3.60,,,38p / 100g,7637882.0,Natural Yogurt,,https://assets.sainsburys-groceries.co.uk/gol/7637882/1/640x640.jpg,"Nutrient	Per 100g		Per 100g
Energy	298kJ/ 72kcal
Fat	3.8g
of which saturates	2.5g
Carbohydrate	4.9g
of which sugars	4.9g
Protein	4.2g
Salt*	0.12g
Calcium	166mg†","This Yogurt contains only Milk's Naturally occurring Sugar (Lactose), Contains the following Live Cultures: Bifidobacterium, Lactobacillus Acidophilus, Streptococcus Thermophilus",https://www.sainsburys.co.uk/gol-ui/product/yeo-valley-natural-yogurt-1kg,,2024-08-20T14:21:58.739702-04:00
66-532-DAI,Sainsbury's Emmental Cheese Slices 250g,Sainsbury's,"Dairy, eggs & chilled",Dairy & eggs,Cheese,,£2.65,,,£10.60 / kg,7281043.0,10 Full fat Emmental cheese slices,,https://assets.sainsburys-groceries.co.uk/gol/7281043/1/640x640.jpg,,,https://www.sainsburys.co.uk/gol-ui/product/sainsburys-emmental-slices-250g,,2024-08-20T14:22:22.906978-04:00
66-533-DAI,Alpro Plain No Sugars Soya Dairy Free Yoghurt Alternative 500g,Alpro,"Dairy, eggs & chilled",Dairy & eggs,Dairy free,,£2.10,,,42p / 100g,7881758.0,Fermented soya product with added calcium and vitamins.,,https://assets.sainsburys-groceries.co.uk/gol/7881758/1/640x640.jpg,"Nutrient	per 100 g		per 100 g
Energy	179 kJ / 43 kcal
Fat	2.3 g
of which Saturates	0.4 g
Carbohydrate	0 g
of which Sugars	0 g
Fibre	0.9 g
Protein	4.0 g
Salt	0.24 g
- D2	0.75 µg*
- B12	0.38 µg*
- Calcium	120 mg*","Soya Base (98.3%) [Water, Hulled Soya Beans [10.7%]], Calcium [Tri-Calciumcitrate], Acidity Regulators [Sodium Citrates, Citric Acid], Stabiliser [Pectins], Natural Flavouring, Sea Salt, Anti-Oxidants [Tocopherol-Rich Extract, Fatty Acid Esters of Ascorbic Acid], Vitamins B12, D2, Live Cultures (S. Thermophilus, L. Bulgaricus)",https://www.sainsburys.co.uk/gol-ui/product/alpro-plain-unsweetened-yogurt-500g,,2024-08-20T14:22:36.584729-04:00
66-534-DAI,Sainsbury's Stilton Blue Cheese 220g,Sainsbury's,"Dairy, eggs & chilled",Dairy & eggs,Cheese,,£2.50,,,£11.36 / kg,7756946.0,Blue Stilton® cheese,,https://assets.sainsburys-groceries.co.uk/gol/7756946/1/640x640.jpg,,,https://www.sainsburys.co.uk/gol-ui/product/sainsburys-blue-stilton-220g,,2024-08-20T14:22:57.985433-04:00
66-535-DAI,Sainsbury's Semi Skimmed British Milk 1L,Sainsbury's,Drinks,Dairy & eggs,Milk,1L,89p,,,89p / ltr,8019434.0,Ultra heat treated homogenised semi skimmed Milk,,https://assets.sainsburys-groceries.co.uk/gol/8019434/1/640x640.jpg,,,https://www.sainsburys.co.uk/gol-ui/product/sainsburys-semi-skimmed-british-milk-1l,,2024-08-19T18:21:24.272521-04:00
66-536-DAI,Sainsbury's Fat Free Natural Yogurt 500g,Sainsbury's,"Dairy, eggs & chilled",Dairy & eggs,Yogurts,,90p,,,18p / 100g,6696401.0,Fat free natural yogurt,,https://assets.sainsburys-groceries.co.uk/gol/6696401/1/640x640.jpg,,,https://www.sainsburys.co.uk/gol-ui/product/sainsburys-natural-yogurt--be-good-to-yourself-500g,,2024-08-20T14:23:19.046375-04:00
66-537-DAI,Oykos Strawberry Luxury Greek Style Yogurt 4x110g,Oykos,"Dairy, eggs & chilled",Dairy & eggs,Yogurts,,£2.00,4 for £2.00,,45p / 100g,7562172.0,Creamy yogurt with a fruit layer,100 g,https://assets.sainsburys-groceries.co.uk/gol/7562172/1/640x640.jpg,"Nutrient	per 100g	per serving (110g)	%RI* (110g)
Energy kJ	605	666	-
kcal	145	160	8
Fat (g)	8.2	9.1g	13
of which saturates (g)	5.3g	5.9g	29
Carbohydrate (g)	14.8g	16.3g	6
of which sugars (g)	14.2g	15.6g	17
Fibre (g)	0.3g	0.3g	-
Protein (g)	2.7g	2.9g	6
Salt (g)	0.13g	0.13g	2","Yogurt (Milk), Strawberry (12%), Sugar (10.5%), Modified Maize Starch, Stabilisers (Pectin, Xanthan Gum), Acidity Regulators (Citric Acid, Sodium Citrate), Colour (Cochineal), Flavouring",https://www.sainsburys.co.uk/gol-ui/product/danone-oykos-strawberry-yogurt-4x110g,4x110g,2024-08-20T14:23:32.138355-04:00
66-538-DAI,Flora Lighter Spread with Natural Ingredients 450g,Flora,"Dairy, eggs & chilled",Dairy & eggs,"Butter, spreads & pastry",,£2.50,,£1.25,£5.56 / kg,2289977.0,28% Vegetable Fat Spread,,https://assets.sainsburys-groceries.co.uk/gol/2289977/1/640x640.jpg,"Nutrient	Per 100g		Per 100g		Per 100g
Energy	1036kJ/ 252kcal
Fat	28g
of which saturates	5.7g
of which mono-unsaturates	15g
of which polyunsaturates	7.4g
Carbohydrate	<0.5g
of which sugars	<0.5g
Protein	<0.5g
Salt	1.2g
Vitamin A	(16% DRI*) 125µg
Omega 3 / alpha-linolenic acid	2.0g
Climate impact (kg CO2-eq per 100g)	0.25","Water, Vegetable Oils (Rapeseed, Sunflower, Linseed), Coconut Fat, Salt 1.2%, Emulsifier (Mono-and Diglycerides of Fatty Acids), Vinegar, Natural Flavourings, Vitamin A",https://www.sainsburys.co.uk/gol-ui/product/flora-light-spread-450g,,2024-08-20T14:23:41.016598-04:00
66-539-DAI,"Onken Mango, Papaya & Passionfruit Biopot Yogurt 450g",Onken,"Dairy, eggs & chilled",Dairy & eggs,Special offers,,£1.95,,£1.25,43p / 100g,7223396.0,"Mango, Papaya, Passion Fruit Yogurt",,https://assets.sainsburys-groceries.co.uk/gol/7223396/1/640x640.jpg,"Nutrient	Per 100g		Per 100g
Energy	404kJ/ 96kcal
Fat	2.7g
of which saturates	1.7g
Carbohydrate	13g
of which sugars	13g
Fibre	0.2g
Protein	3.8g
Salt	0.19g
Calcium	125mg (16% NRV**)","Yogurt (Milk), Sugar, Mango (3.9%), Papaya (3%), Passion Fruit Juice (1.6%), Modified Tapioca Starch, Mango Puree (0.5%), Modified Corn Starch, Thickeners (Pectins, Guar Gum), Flavouring, Turmeric Extract, Contains live cultures: Lactobacillus Johnsonii, Streptococcus Thermophilus and Bifidobacterium",https://www.sainsburys.co.uk/gol-ui/product/onken-mango-yogurt-450g,,2024-08-20T14:23:48.676787-04:00
66-540-DAI,Benecol Raspberry No Added Sugar Yogurt Drink 6x67.5g,Benecol,Drinks,Dairy & eggs,"Butter, spreads & pastry",,£4.30,6 for £4.30,,£1.06 / 100g,7505165.0,Raspberry flavoured yogurt drink with added plant stanols and sweetener.,67.5 g,https://assets.sainsburys-groceries.co.uk/gol/7505165/1/640x640.jpg,"Nutrient	Per 100g	Per 67.5g serving		Per 100g	Per 67.5g serving
Energy	202kJ/ 48kcal	137kJ/ 33kcal
Fat	2.0g	1.4g
of which saturates	0.2g	0.1g
Carbohydrate	4.6g	3.1g
of which sugars	4.5g	3.0g
Protein	2.9g	1.9g
Salt	0.09g	0.06g
Plant stanols	3.0g	2.0g
Vitamin B1	0.51mg (46%RI)	0.33mg (31%RI)","Yogurt (85%) (Skimmed Milk, Yogurt Cultures), Plant Stanol Ester (Plant Stanols 3%), Water, Raspberry (3%), Apple Puree, Lemon Juice, Stabiliser (Pectin), Colour (Beetroot Juice), Flavouring, Sweetener (Sucralose), Vitamin B1*, *Vitamin B1 contributes to the normal function of the heart",https://www.sainsburys.co.uk/gol-ui/product/benecol-raspberry-6x675g,6x67.5g,2024-08-19T19:46:35.569627-04:00
66-541-DAI,Activia Fibre Walnut & Oat Breakfast Gut Health Yoghurt 4x115g,Activia,"Dairy, eggs & chilled",Dairy & eggs,Special offers,,£2.75,4 for £2.75,£2.00,60p / 100g,8166172.0,Yogurt with Oats and Walnut,100 g,https://assets.sainsburys-groceries.co.uk/gol/8166172/1/640x640.jpg,"Nutrient	Per 100g	Per serving (115g)	% RI* (115g)		Per 100g	Per serving (115g)	% RI* (115g)
Energy (kJ/kcal)	463/ 111	532/ 128	6
Fat (g)	3.8	4.4	6
of which saturates (g)	2.0	2.3	12
Carbohydrate (g)	14	16	6
of which sugars (g)	13	15	16
Fibre (g)	2.0	2.3	-
Protein (g)	3.8	4.4	9
Salt (g)	0.13	0.15	2
Calcium (mg)	140	161	20","Yogurt (Milk), Water, Sugar, Dietary Fibre (Oligofructose) (2.9%), Oat (1.5%), Concentrated Lemon Juice, Walnut (1%), Natural Flavourings, Modified Tapioca Starch, Thickener (Pectin), Colour (Caramel), Milk Minerals Concentrate, Cultures (Lactobacillus Bulgaricus, Streptococcus Thermophilus, Lactococcus Lactis, Bifidobacterium Lactis (Bifidus ActiRegularis®))",https://www.sainsburys.co.uk/gol-ui/product/activia-walnut-oats-x4-460g-,4x115g,2024-08-20T14:23:56.566914-04:00
66-542-DAI,Dairy Pride Semi-Skimmed Longer Lasting UHT Milk 1 Litre,Dairy,Drinks,Dairy & eggs,Milk,1L,69p,,,69p / ltr,7980717.0,Ultra Heat Treated Homogenised Semi Skimmed Milk,200 ml,https://assets.sainsburys-groceries.co.uk/gol/7980717/1/640x640.jpg,"Nutrient	per 100ml	per 200ml	% adult RI* per 200ml serving		per 100ml	per 200ml	% adult RI* per 200ml serving
Energy	194kJ/ 46kcal	388kJ/ 92kcal	5%
Fat	1.6g	3.2g	5%
of which saturates	1g	2g	10%
Carbohydrate	4.6g	9.2g	4%
of which sugars	4.6g	9.2g	10%
Protein	3.5g	7g	14%
Salt	0.11g	0.22g	4%
Calcium	124mg	247mg	31%",Semi Skimmed Milk,https://www.sainsburys.co.uk/gol-ui/product/dairy-pride-semi-skimmed-longer-lasting-uht-milk-1-litre,,2024-08-19T18:21:36.966368-04:00
66-543-DAI,Müller Corner Strawberry Yogurt With White Chocolate Shortcake Balls 124g,Müller,"Dairy, eggs & chilled",Dairy & eggs,Yogurts,,90p,,,73p / 100g,7553438.0,Strawberry flavour yogurt with white chocolate coated shortcake biscuit balls (11%),,https://assets.sainsburys-groceries.co.uk/gol/7553438/1/640x640.jpg,"Nutrient	Per 100g		Per 100g
Energy	595kJ(141kcal)
Fat	4.5g
of which saturates	2.7g
Carbohydrate	19.6g
of which sugars	16.6g
Protein	4.9g
Salt	0.22g
Calcium	106mg (16% of NRV per pot)","Yogurt (Milk), Sugar, Water, Wheat Flour (Gluten) (with added Calcium, Iron, Niacin, Thiamin), Cocoa Butter, Milk Powder, Coconut Oil, Sunflower Oil, Wheat Starch, Flavourings, Glazing Agents: Acacia Gum, Shellac, Glucose Syrup, Whey Powder (Milk), Emulsifier: Soya Lecithin, Salt, Stabiliser: Pectins, Colour: Carmines, Acidity Regulator: Citric Acid",https://www.sainsburys.co.uk/gol-ui/product/muller-strawberry-shortcake-corner-135g,,2024-08-20T14:24:09.879603-04:00
66-544-DAI,Attis Greek Feta Cheese 200g,Attis,"Dairy, eggs & chilled",Dairy & eggs,Cheese,,£2.70,,,£13.50 / kg,3493533.0,Totally Greek,,https://assets.sainsburys-groceries.co.uk/gol/3493533/1/640x640.jpg,"Nutrient	per 100g
Energy kJ	1143
Energy kcal	276
Fat	23.0g
Of Which Saturates	17.0g
Carbohydrate	0.7g
Of Which Sugars	0.7g
Protein	16.5g
Salt	2.25g",Feta Cheese (Sheep and Goat's Milk),https://www.sainsburys.co.uk/gol-ui/product/attis-greek-feta-200g,,2024-08-20T14:24:23.220722-04:00
66-545-DAI,Oykos Peach Luxury Greek Style Yogurt 4x110g,Oykos,"Dairy, eggs & chilled",Dairy & eggs,Yogurts,,£2.00,4 for £2.00,,45p / 100g,7562203.0,Creamy yogurt with a fruit layer.,100 g,https://assets.sainsburys-groceries.co.uk/gol/7562203/1/640x640.jpg,"Nutrient	per 100g	per serving (110g)	%RI* per 110g
Energy kJ	575	633	-
Energy kcal	138	152	8
Fat (g)	8.2	9.0	13
of which saturates (g)	5.1	5.9	29
Carbohydrate (g)	13.0	14.0	5
of which sugars (g)	13.0	14.0	15
Fibre (g)	0.2	0.2	-
Protein (g)	2.7	3.0	6
Salt (g)	0.10	0.11	2","Yogurt (Milk), Peach (11%), Sugar (8%), Modified Maize Starch, Carrot Concentrate, Natural Flavouring, Acidity Regulators (Citric Acid, Sodium Citrate), Thickener (Carrageenan)",https://www.sainsburys.co.uk/gol-ui/product/danone-oykos-peach-yogurt-4x110g,4x110g,2024-08-20T14:24:36.792322-04:00
66-546-DAI,Müller Light Greek Style Luscious Lemon Yogurt 4x115g,Müller,"Dairy, eggs & chilled",Dairy & eggs,Special offers,,£2.50,4 for £2.50,£1.00,54p / 100g,7580289.0,Lemon Greek Style Fat Free Yogurt with Sweetener and Added Vitamins B6 & D X4,,https://assets.sainsburys-groceries.co.uk/gol/7580289/1/640x640.jpg,"Nutrient	per 100g	( % of NRV per pot)		per 100g	( % of NRV per pot)
Energy	254kJ (61kcal)	-
Fat	<0.5g	-
of which saturates	0.1g	-
Carbohydrate	7.6g	-
of which sugars	6.9g	-
Protein	6.3g	-
Salt	0.25g	-
Vitamin B6	0.61mg	50%
Vitamin D	2.18µg	50%
Calcium	183mg	26%","Yogurt (Milk), Water, Lemon Juice from Concentrate (2.5%), Modified Maize Starch, Lemon Cells (1%), Stabiliser: Pectins, Sweetener: Aspartame, Colour: Curcumin, Flavourings, Vitamin B6, Vitamin D",https://www.sainsburys.co.uk/gol-ui/product/m%C3%BCller-light-lemon-greek-style-yogurt-4x120g,4x115g,2024-08-20T14:24:44.838099-04:00
66-547-DAI,Chavroux La Buche Goats Cheese 150g,Chavroux,"Dairy, eggs & chilled",Dairy & eggs,Cheese,,£2.65,,£2.05,£17.67 / kg,6597946.0,Soft Ripened Cheese made from Pasteurised Goats' Milk,,https://assets.sainsburys-groceries.co.uk/gol/6597946/1/640x640.jpg,"Nutrient	per 100g:
Energy in KJ	1393
Energy in Kcal	336
Fat g	28.0
of which saturated g	20.0
Carbohydrates g	1.0
of which sugar g	<0.5
Protein g	20.0
Salt g	1.50","Goats' Milk and Cream, Salt, Starter Cultures, Rennet",https://www.sainsburys.co.uk/gol-ui/product/coeur-de-lion-la-buche-goats-cheese-150g,,2024-08-20T14:24:52.567606-04:00
66-548-DAI,Swedish Glace Vanilla Dairy Free Vegan Ice Cream Tub Dessert 750ml,Swedish,"Dairy, eggs & chilled",Dairy & eggs,Dairy free,750ML,£3.00,,,40p / 100ml,2486123.0,Vanilla soy ice cream.,,https://assets.sainsburys-groceries.co.uk/gol/2486123/1/640x640.jpg,"Nutrient	Per 100g Unprepared	Per 100ml Unprepared
Energy (kJ)	733 kJ	389 kJ
Energy (kcal)	174 kcal	92 kcal
Fat (g)	5.8 g	3.1 g
of which saturates (g)	4.9 g	2.6 g
Carbohydrate (g)	29 g	15 g
of which sugars (g)	22 g	12 g
Protein (g)	1 g	0.54 g
Salt (g)	0.21 g	0.11 g","Water, sugar, glucose syrup, glucose-fructose syrup, coconut fat, dextrose, SOY powder (2%), stabilisers (locust bean gum, guar gum, carrageenan), flavouring, emulsifier (mono- and diglycerides of fatty acids), salt, exhausted vanilla bean pieces, colour (carotenes). Gluten free",https://www.sainsburys.co.uk/gol-ui/product/swedish-glace-non-dairy-vanilla-750ml,,2024-08-20T14:25:05.301723-04:00
66-549-DAI,Arla Strawberry Protein Yogurt 200g,Arla,"Dairy, eggs & chilled",Dairy & eggs,Special offers,,£1.10,,,55p / 100g,7756832.0,Strawberry Flavoured Strained Yogurt with Sweetener.,,https://assets.sainsburys-groceries.co.uk/gol/7756832/1/640x640.jpg,"Nutrient	Per 100 g
Energy	305 kJ/ 72 kcal
Fat	0.2 g
of which saturates	0.1 g
Carbohydrate	6.6 g
of which sugars	6.3 g
Protein	10 g
Salt	0.12 g","Lactose Free Skyr (Yogurt (Milk)), Grape Juice Concentrate, Strawberries 2%, Waxy Maize Starch, Carrot Concentrate, Natural Flavouring, Gelling Agent (Pectin), Steviol Glycosides from Stevia, Lemon Juice Concentrate, Lactase Enzymes",https://www.sainsburys.co.uk/gol-ui/product/arla-protein-strawberry-yogurt-200g,,2024-08-20T14:25:18.547884-04:00
66-550-DAI,Port Salut French Cheese 185g,Port,"Dairy, eggs & chilled",Dairy & eggs,Cheese,,£2.95,,,£15.95 / kg,6392509.0,French cheese,,https://assets.sainsburys-groceries.co.uk/gol/6392509/1/640x640.jpg,"Nutrient	Per 100g
Energy value	327kcal - 1360kJ
Fat	27g
of which saturates	18g
Carbohydrate	traces
of which sugars	traces
Protein	21g
Salt	1.6g","Salt, Lactic Ferments, Vegetarian Rennet, Colour: Annatto, Preservative: Natamycin, Inedible Rind, Pasteurised Milk, Milk Protein",https://www.sainsburys.co.uk/gol-ui/product/port-salut-185g,,2024-08-20T14:25:31.279248-04:00
66-551-DAI,President Brie Cheese 200g,President,"Dairy, eggs & chilled",Dairy & eggs,Cheese,,£2.85,,,£14.25 / kg,7640853.0,Full fat soft cheese made from pasteurised cow's milk.,,https://assets.sainsburys-groceries.co.uk/gol/7640853/1/640x640.jpg,"Nutrient	per 100g
Energy	1436 kJ/ 347 kcal
Fat	31g
of which saturates	22g
Carbohydrate	<0.5g
of which sugars	<0.5g
Protein	17g
Salt	1,2g",,https://www.sainsburys.co.uk/gol-ui/product/president-brie-200g,,2024-08-20T14:25:53.040537-04:00
66-552-DAI,Ski Smooth Strawberry & Raspberry Yogurt 4x120g,Ski,"Dairy, eggs & chilled",Dairy & eggs,Yogurts,,£1.45,4 for £1.45,,30p / 100g,6565524.0,Low fat yogurt with fruit puree,,https://assets.sainsburys-groceries.co.uk/gol/6565524/1/640x640.jpg,,"Strawberry: Low Fat Yogurt (Milk), Sugar, Strawberry Puree from Concentrate (2.5%), Rice Starch, Natural Flavourings, Concentrated Lemon Juice, Red Beetroot Juice Concentrate, Natural Flavouring. Thickener (Guar Gum), Raspberry: Low Fat Yogurt (Milk), Sugar, Raspberry Puree from Concentrate (2.5%), Rice Starch, Red Beetroot Juice Concentrate, Concentrated Lemon Juice, Natural Flavouring, Thickener (Guar Gum)",https://www.sainsburys.co.uk/gol-ui/product/ski-smooth-strawberry---raspberry-4x120g,4x120g,2024-08-20T14:26:06.135066-04:00
66-553-DAI,Saint Agur Blue Cheese 150g,Saint,"Dairy, eggs & chilled",Dairy & eggs,Cheese,,£2.95,,,£19.67 / kg,3704684.0,Blue Veined Full Fat Soft Cheese,,https://assets.sainsburys-groceries.co.uk/gol/3704684/1/640x640.jpg,,,https://www.sainsburys.co.uk/gol-ui/product/saint-agur-cheese-150g,,2024-08-20T14:26:27.738718-04:00
66-554-DAI,Lindahls Kvarg Raspberry Protein Yogurt 150g,Lindahls,"Dairy, eggs & chilled",Dairy & eggs,Special offers,,£1.25,,,83p / 100g,7945473.0,Fat Free Quark with Sweeteners and Raspberry Flavour.,,https://assets.sainsburys-groceries.co.uk/gol/7945473/1/640x640.jpg,,"Quark (from Milk) 93%, Water, Modified Maize Starch, Natural Flavouring, Colour (Black Carrot Juice Concentrate), Sweeteners (Acesulfame K, Aspartame), Acidity Regulator (Citric Acid)",https://www.sainsburys.co.uk/gol-ui/product/lindahls-kvarg-raspberry-150g,,2024-08-20T14:26:41.822724-04:00
66-555-DAI,Sainsbury's Chilli Halloumi Sticks 200g,Sainsbury's,"Dairy, eggs & chilled",Dairy & eggs,Cheese,,£3.00,,,£15.00 / kg,8181508.0,Halloumi cheese with chilli.,,https://assets.sainsburys-groceries.co.uk/gol/8181508/1/640x640.jpg,,,https://www.sainsburys.co.uk/gol-ui/product/sainsburys-chilli-halloumi-sticks-200g,,2024-08-20T14:27:03.184949-04:00
66-556-DAI,Yakult Original 8x65ml,Yakult,"Dairy, eggs & chilled",Dairy & eggs,Yogurts,65ML,£3.75,8 for £3.75,,72p / 100ml,8149913.0,Fermented skimmed milk drink with L. Casei Shirota bacteria. With vanilla and lemon flavours.,,https://assets.sainsburys-groceries.co.uk/gol/8149913/1/640x640.jpg,"Nutrient	per 100 ml	per bottle 65 ml
Energy	280 kJ / 66 kcal	182 kJ / 43 kcal
Fat	0 g	0 g
of which saturates	0 g	0 g
Carbohydrate	15.4 g	10.0 g
of which sugars	13.6 g	8.8 g
Protein	1.3 g	0.8 g
Salt	0.04 g	0.03 g","Water, Skimmed Milk (Reconstituted), Glucose-Fructose Syrup, Sugar, Maltodextrin, Flavourings, Contains L. Casei Shirota Bacteria",https://www.sainsburys.co.uk/gol-ui/product/yakult-original-8x65ml,8x65ml,2024-08-20T14:27:15.876648-04:00
66-557-DAI,Sainsbury's Butterlicious Spread 500g,Sainsbury's,"Dairy, eggs & chilled",Dairy & eggs,"Butter, spreads & pastry",,£1.25,,,£2.50 / kg,1034752.0,Vegetable fat spread (45%) with buttermilk,,https://assets.sainsburys-groceries.co.uk/gol/1034752/1/640x640.jpg,,,https://www.sainsburys.co.uk/gol-ui/product/sainsburys-butterlicious-spread-500g,,2024-08-20T14:27:38.205095-04:00
66-558-DAI,Sainsbury's Edam Cheese Slices 250g,Sainsbury's,"Dairy, eggs & chilled",Dairy & eggs,Cheese,,£2.65,,,£10.60 / kg,6338089.0,Edam medium fat hard cheese,,https://assets.sainsburys-groceries.co.uk/gol/6338089/1/640x640.jpg,,,https://www.sainsburys.co.uk/gol-ui/product/sainsburys-edam-slices-250g,,2024-08-20T14:27:59.369001-04:00
66-559-DAI,Alpro Greek Style Plain Dairy Free Yoghurt Alternative 400g,Alpro,"Dairy, eggs & chilled",Dairy & eggs,Dairy free,,£2.10,,,53p / 100g,8082367.0,Fermented soya product with added calcium and vitamins.,,https://assets.sainsburys-groceries.co.uk/gol/8082367/1/640x640.jpg,"Nutrient	per 100 g		per 100 g
Energy	283 kJ / 68 kcal
Fat	3.3 g
Saturates	0.6 g
Carbohydrate	2.6 g
Sugars	2.5 g
Fibre	1.5 g
Protein	5.8 g
Salt	0.36 g
D	0.75 µg*
B12	0.38 µg*
Calcium	120 mg*","Soya Base (Water, Hulled Soya Beans (15.7%)), Sugar, Stabiliser (Pectins), Calcium (Tri-Calciumcitrate), Acidity Regulators (Sodium Citrates, Citric Acid), Natural Flavouring, Sea Salt, Antioxidants (Tocopherol-Rich Extract, Fatty Acid Esters of Ascorbic Acid), Vitamins (B12, D2), Yogurt Cultures (S. Thermophilus, L. Bulgaricus)",https://www.sainsburys.co.uk/gol-ui/product/alpro-greek-style-plain-yoghurt-alternative-400g,,2024-08-20T14:28:12.794285-04:00
66-560-DAI,Clover Light Spread Alternative to Butter 500g,Clover,"Dairy, eggs & chilled",Dairy & eggs,"Butter, spreads & pastry",,£2.45,,,£4.90 / kg,6837270.0,49% fat spread with buttermilk,10 g,https://assets.sainsburys-groceries.co.uk/gol/6837270/1/640x640.jpg,"Nutrient	per 100g	per 10g serving
Energy	1878kJ / 456kcal	188kJ / 46kcal
Fat	49.2g	4.9g
of which saturates	17.6g	1.8g
Carbohydrate	2.0g	0.2g
of which sugars	2.0g	0.2g
Protein	1.3g	0.1g
Salt	1.4g	0.1g","Buttermilk (40%), Sustainable Palm Oil, Rapeseed Oil, Water, Acid (Lactic Acid), Natural Flavouring, Natural Colour (Carotenes)",https://www.sainsburys.co.uk/gol-ui/product/clover-light-spread-500g,,2024-08-20T14:28:25.901208-04:00
66-561-DAI,Dairy Pride UHT Skimmed Milk 1L,Dairy,Drinks,Dairy & eggs,Milk,1L,69p,,,69p / ltr,7889884.0,Ultra Heat Treated Skimmed Milk,200 ml,https://assets.sainsburys-groceries.co.uk/gol/7889884/1/640x640.jpg,"Nutrient	per 100ml	per 200ml serving	% adult RI* per 200ml serving		per 100ml	per 200ml serving	% adult RI* per 200ml serving
Energy	140kJ/ 33kcal	280kJ/ 66kcal	3%
Fat	0.1g	0.2g	0%
of which saturates	0g	0g	0%
Carbohydrate	4.5g	9g	3%
of which sugars	4.5g	9g	10%
Protein	3.5g	7g	14%
Salt	0.11g	0.22g	4%
Calcium	126mg	252mg	32%",Skimmed Milk,https://www.sainsburys.co.uk/gol-ui/product/dairy-pride-uht-skimmed-milk-1l,,2024-08-19T18:21:49.830173-04:00
66-562-DAI,Biotiful Gut Health Kefir Milk Drink Original 1L,Biotiful,Drinks,Dairy & eggs,Milk,1L,£3.50,,£3.00,35p / 100ml,8034954.0,Fermented milk traditionally known as kefir,,https://assets.sainsburys-groceries.co.uk/gol/8034954/1/640x640.jpg,"Nutrient	Per 100ml	% of reference intake per 100ml	1 serving (250ml)		Per 100ml	% of reference intake per 100ml	1 serving (250ml)
Energy kcal (kJ)	59 (245)	-	148 (612)
Fat (g)	2.9	-	7.3
of which saturates (g)	2.1	-	5.3
Carbohydrates (g)	4.6	-	12
of which sugars*** (g)	2.8	-	7.0
Protein (g)	3.5	-	8.8
Salt (g)	0.10	-	0.25
Riboflavin B2 (mg)	0.14	10%	-
Vitamin B12 (µg)	0.22	9%	-
Calcium (mg)	111	14%	-
Phosphorus (mg)	78	11%	-","Pasteurised Cow's Milk Fermented with Live Kefir Cultures†, †Includes: Bifidobacterium, Lactobacillus Acidophilus, Lactobacillus Casei, Lactobacillus Rhamnosus",https://www.sainsburys.co.uk/gol-ui/product/biotiful-kefir-original-1l,,2024-08-19T18:22:19.245104-04:00
66-563-DAI,Sainsbury's Mascarpone Cheese 250g,Sainsbury's,"Dairy, eggs & chilled",Dairy & eggs,Cheese,,£1.80,,,£7.20 / kg,1305098.0,Mascarpone soft cheese,,https://assets.sainsburys-groceries.co.uk/gol/1305098/1/640x640.jpg,,,https://www.sainsburys.co.uk/gol-ui/product/sainsburys-mascarpone-250g,,2024-08-20T14:28:47.331814-04:00
66-564-DAI,Jus-Rol Puff Pastry Ready Rolled Sheet 320g,Jus-Rol,"Dairy, eggs & chilled",Dairy & eggs,"Butter, spreads & pastry",,£1.75,,,£5.47 / kg,7530553.0,Chilled uncooked puff pastry dough sheet.,,https://assets.sainsburys-groceries.co.uk/gol/7530553/1/640x640.jpg,"Nutrient	(uncooked) Per 100g	(uncooked) Per portion (50 g)	%* (50 g)
Energy	1617 kJ	808 kJ	10%
Energy	388 kcal	194 kcal	10%
Fat	23.7 g	11.9 g	17%
of which saturates	12.6 g	6.3 g	32%
Carbohydrate	34.4 g	17.2 g	7%
of which sugars	0.6 g	0.3 g	<1%
Fibre	1.1 g	0.6 g	-
Protein	5.3 g	2.7 g	5%
Salt	0.68 g	0.34 g	6%","Wheat Flour, Margarine (Vegetable Oils and Fats (Palm, Rapeseed), Water, Emulsifier (Mono- and Diglycerides of Fatty Acids), Salt, Acidity Regulator (Citric Acid), Colour (Beta-Carotene)), Water, Alcohol, Salt, Lemon Juice Concentrate, Deactivated Yeast, Natural Flavouring",https://www.sainsburys.co.uk/gol-ui/product/jus-rol-puff-pastry-sheets-320g,,2024-08-20T14:29:00.442235-04:00
66-565-DAI,Sainsbury's British Skimmed Milk 568ml (1 pint),Sainsbury's,Drinks,Dairy & eggs,Milk,568ML,90p,,,£1.58 / ltr,181655.0,Pasteurised skimmed milk,,https://assets.sainsburys-groceries.co.uk/gol/181655/1/640x640.jpg,,,https://www.sainsburys.co.uk/gol-ui/product/sainsburys-british-skimmed-milk-568ml-1-pint-,,2024-08-19T18:22:11.244017-04:00
66-566-DAI,Sainsbury's Ricotta Cheese 250g,Sainsbury's,"Dairy, eggs & chilled",Dairy & eggs,Cheese,,£1.40,,,£5.60 / kg,1304916.0,Full fat soft whey cheese,,https://assets.sainsburys-groceries.co.uk/gol/1304916/1/640x640.jpg,,,https://www.sainsburys.co.uk/gol-ui/product/sainsburys-ricotta-cheese-250g,,2024-08-20T14:29:21.837420-04:00
66-567-DAI,Oatly Oat Drink Barista Edition Chilled 1L,Oatly,Drinks,Dairy & eggs,Dairy free,1L,£2.20,,£1.70,£2.20 / ltr,8117458.0,Foamable oat drink with added vitamins and minerals.,,https://assets.sainsburys-groceries.co.uk/gol/8117458/1/640x640.jpg,,"Water, Oats 10%, Rapeseed Oil, Acidity Regulator (Dipotassium Phosphate), Minerals (Calcium Carbonate, Potassium Iodide), Salt, Vitamins (D2, Riboflavin, B12)",https://www.sainsburys.co.uk/gol-ui/product/oatly-barista-edition-original-oat-drink-1l,,2024-08-19T18:22:48.712159-04:00
66-568-DAI,Sainsbury's Greek Style Natural Yogurt 200g,Sainsbury's,"Dairy, eggs & chilled",Dairy & eggs,Yogurts,,80p,,,40p / 100g,7611882.0,Greek style natural yogurt,,https://assets.sainsburys-groceries.co.uk/gol/7611882/1/640x640.jpg,,,https://www.sainsburys.co.uk/gol-ui/product/sainsburys-greek-style-natural-yogurt-200g,,2024-08-20T14:29:43.026684-04:00
66-569-DAI,"Sainsbury's West Country Madagascan Vanilla Yogurt, Taste the Difference 150g",Sainsbury's,"Dairy, eggs & chilled",Dairy & eggs,Special offers,,95p,,80p,63p / 100g,6001204.0,Vanilla yogurt,,https://assets.sainsburys-groceries.co.uk/gol/6001204/1/640x640.jpg,,,https://www.sainsburys.co.uk/gol-ui/product/sainsburys-madagascan-vanilla-west-country-yogurt--taste-the-difference-150g,,2024-08-20T14:29:58.955669-04:00
66-570-DAI,Sainsbury's Light Soft Cheese 250g,Sainsbury's,"Dairy, eggs & chilled",Dairy & eggs,Cheese,,£1.55,,£1.40,£6.20 / kg,7522736.0,Medium fat soft cheese,,https://assets.sainsburys-groceries.co.uk/gol/7522736/1/640x640.jpg,,,https://www.sainsburys.co.uk/gol-ui/product/sainsburys-light-soft-cheese-250g,,2024-08-20T14:30:15.374459-04:00
66-571-DAI,Anchor Lighter Spreadable Blend of Butter & Rapeseed Oil Spread 400g,Anchor,"Dairy, eggs & chilled",Dairy & eggs,"Butter, spreads & pastry",,£3.60,,£2.75,£9.00 / kg,8161445.0,"Blended spread 55% (28% milk fat, 27% rapeseed oil)",10 g,https://assets.sainsburys-groceries.co.uk/gol/8161445/1/640x640.jpg,"Nutrient	Per 100g	Per 10g Serving
Energy	2050kJ/ 499kcal	205kJ/ 50kcal
Fat	55g	5.5g
of which saturates	20g	2.0g
Carbohydrate	<0.5g	<0.5g
of which sugars	<0.5g	<0.5g
Protein	<0.5g	<0.5g
Salt	1.1g	0.11g","Anchor Butter (34%) (Milk), Water, Rapeseed Oil (27%), Buttermilk, Salt (1.1%), Colour (Beta Carotene)",https://www.sainsburys.co.uk/gol-ui/product/anchor-lighter-spreadable-blend-of-butter-and-rapeseed-oil-400g,,2024-08-20T14:30:23.911007-04:00
66-572-DAI,Müller Corner Mixed Red Fruits Yogurts 6x136g,Müller,"Dairy, eggs & chilled",Dairy & eggs,Special offers,,£4.00,6 for £4.00,£2.50,49p / 100g,7677815.0,Creamy yogurt with red cherry compote on the side x 3 Creamy yogurt with blackberry & raspberry compote on the side x 3,,https://assets.sainsburys-groceries.co.uk/gol/7677815/1/640x640.jpg,"Nutrient	Per 100g		Per 100g		Per 100g		Per 100g
Energy	464kJ (110kcal)
Fat	3.9g
of which saturates	2.5g
Carbohydrate	13.8g
of which sugars	13.1g
Protein	4.3g
Salt	0.17g
Calcium	124mg
Energy	469kJ (111kcal)
Fat	3.9g
of which saturates	2.5g
Carbohydrate	14.1g
of which sugars	13.4g
Protein	4.3g
Salt	0.17g
Calcium	127mg","Yogurt (Milk), Cherries (10%), Water, Sugar, Modified Maize Starch, Stabilisers: Pectins, Guar Gum, Flavourings, Acidity Regulator: Citric Acid",https://www.sainsburys.co.uk/gol-ui/product/muller-corner-mixed-red-fruits-yogurts-6-x-143g,6x136g,2024-08-20T14:30:32.235242-04:00
66-573-DAI,Sainsbury's Grana Padano Cheese 200g,Sainsbury's,"Dairy, eggs & chilled",Dairy & eggs,Cheese,,£3.00,,,£15.00 / kg,7280943.0,Grana Padano cheese D.O.P. made with unpasteurised milk,,https://assets.sainsburys-groceries.co.uk/gol/7280943/1/640x640.jpg,,,https://www.sainsburys.co.uk/gol-ui/product/sainsburys-grana-padano-cheese-200g,,2024-08-20T14:30:53.716977-04:00
66-574-DAI,Cravendale Filtered Fresh Whole Milk Fresher for Longer 1L,Cravendale,Drinks,Dairy & eggs,Milk,1L,£1.50,,,£1.50 / ltr,7078903.0,"Pasteurised, homogenised, standardised, whole, fresh filtered milk",,https://assets.sainsburys-groceries.co.uk/gol/7078903/1/640x640.jpg,"Nutrient	per 100ml		per 100ml
Energy	271kJ/ 65kcal
Fat	3.6g
of which saturates	2.3g
Carbohydrate	4.7g
of which sugars	4.7g
Protein	3.4g
Salt	0.1g
Phosphorous	99mg (14% RI†)
Riboflavin (Vit B2)	0.24mg (17% RI†)
Vitamin B12	0.9µg (36% RI†)
Potassium	162mg (8% RI†)
Calcium	124 mg (15% RI†)
Iodine	32µg (21% RI†)",,https://www.sainsburys.co.uk/gol-ui/product/cravendale-purefilter-whole-milk-1l,,2024-08-19T18:22:40.943000-04:00
66-575-DAI,Sainsbury's Mixed Yellow Fruit Yogurt 6x125g,Sainsbury's,"Dairy, eggs & chilled",Dairy & eggs,Yogurts,,£1.50,6 for £1.50,,20p / 100g,6499247.0,"Low fat fruit yogurts (2 peach, 2 apricot, 2 mango & passion fruit)",,https://assets.sainsburys-groceries.co.uk/gol/6499247/1/640x640.jpg,,,https://www.sainsburys.co.uk/gol-ui/product/sainsburys-mixed-yellow-fruit-yogurt-6x125g,6x125g,2024-08-20T14:31:14.983649-04:00
66-576-DAI,The Collective Suckies Peach + Apricot Kids Yoghurt Pouch 90g,The,"Dairy, eggs & chilled",Snacks & rusks,All snacks & rusks,,95p,,65p,£1.06 / 100g,7697894.0,Live Peach and Apricot Yoghurt,,https://assets.sainsburys-groceries.co.uk/gol/7697894/1/640x640.jpg,"Nutrient	Per 100g	Per 90g Pouch		Per 100g	Per 90g Pouch
Energy	309kJ/ 73kcal	278kJ/ 66kcal
Fat	2.5g	2.2g
- Of which Saturates	1.7g	1.5g
Carbohydrate	8.9g	8.0g
- Of which Sugars	7.5g	6.8g
Protein*	3.9g	3.5g
Salt	0.09g	0.08g
Calcium (RI%)	137mg (17%)	123mg (15%)
Vitamin D (RI%)	0.83µg (16%)	0.75µg (15%)","Live Yoghurt** (Milk) (82%), Concentrated Apple Juice, Peach Puree (4.5%), Apricot Puree (4.5%), Cornflour, Natural Flavourings, Vitamin D, **Contains Cultures: L. Bulgaricus and S. Thermophilus",https://www.sainsburys.co.uk/gol-ui/product/the-collective-suckies-peach---apricot-100g,,2024-08-20T14:31:24.248779-04:00
66-577-DAI,Clover Spread Alternative to Butter 1kg,Clover,"Dairy, eggs & chilled",Dairy & eggs,"Butter, spreads & pastry",,£4.00,,£3.00,£4.00 / kg,2252865.0,64% fat spread with buttermilk,,https://assets.sainsburys-groceries.co.uk/gol/2252865/1/640x640.jpg,"Nutrient	Per 100g
Energy	2414kJ / 587kcal
Fat	64.5g
of which saturates	22.2g
of which mono-unsaturates	28g
of which polyunsaturates	11.7g
Carbohydrate	1g
of which sugars	1g
Protein	0.7g
Salt	1.5g","Vegetable Oils in varying proportions (Sustainable Palm, Rapeseed), Buttermilk (20%), Water, Salt, Natural Flavouring, Colour (Carotenes)",https://www.sainsburys.co.uk/gol-ui/product/clover-spread-1kg,,2024-08-20T14:31:32.934491-04:00
66-578-DAI,ProActiv Buttery Taste Spread 450g,ProActiv,"Dairy, eggs & chilled",Dairy & eggs,"Butter, spreads & pastry",,£4.50,,£3.50,£10.00 / kg,7283799.0,59% vegetable fat spread with added plant sterols.,,https://assets.sainsburys-groceries.co.uk/gol/7283799/1/640x640.jpg,"Nutrient	Per 100g		Per 100g		Per 100g
Energy	2182kJ / 530kcal
Fat	59 g
of which saturated fatty acids	12 g
mono-unsaturated fatty acids	32 g
polyunsaturated fatty acids	15 g
Carbohydrate	< 0.5 g
of which sugars	< 0.5 g
Protein	< 0.5 g
Salt	0.80 g
Vitamin A	800 µg (100%*)
Vitamin D	7.5 µg (150%*)
Vitamin E	8.7 mg (73%*)
Omega 6 / linoleic acid	11 g
Omega 3 / alpha-linolenic acid	3.1 g
Climate impact (kg CO₂-eq per 100g)	0.41","Vegetable Oils (Rapeseed, Coconut, Sunflower), Water, Plant Sterol Esters 9% (Equivalent to 5.4% Plant Sterols), Salt (0.8%), Emulsifier (Lecithin), Natural Flavourings, Vitamin A and D",https://www.sainsburys.co.uk/gol-ui/product/flora-pro-activ-buttery-450g,,2024-08-20T14:31:40.834423-04:00
66-579-DAI,"Sainsbury's Barber's Mature Cruncher Cheese, Taste the Difference 350g",Sainsbury's,"Dairy, eggs & chilled",Dairy & eggs,Cheese,,£3.80,,,£10.86 / kg,7906340.0,Mature Cheddar cheese,,https://assets.sainsburys-groceries.co.uk/gol/7906340/1/640x640.jpg,,,https://www.sainsburys.co.uk/gol-ui/product/sainsburys-barbers-mature-cruncher-cheese-taste-the-difference-350g,,2024-08-20T14:32:02.886678-04:00
66-580-DAI,Leerdammer Light Dutch Cheese Slices x8 160g,Leerdammer,"Dairy, eggs & chilled",Dairy & eggs,Cheese,,£2.35,,,£14.69 / kg,7567509.0,"Sliced reduced fat cheese, 30% FIDM.",,https://assets.sainsburys-groceries.co.uk/gol/7567509/1/640x640.jpg,"Nutrient	per 100 g	per slice (20 g)		per 100 g	per slice (20 g)
Energy	1094 kJ / 262 kcal	219 kJ / 52 kcal
Fat	16 g	3.2 g
- of which saturates	11 g	2.1 g
Carbohydrate	<0.1 g	<0.1 g
- of which sugars	<0.1 g	<0.1 g
Protein	30 g	5.9 g
Salt	1.5 g	0.30 g
Calcium	950 mg (119%RI**)	190 mg (24%RI**)","Milk, Salt, Cultures (Milk), Vegetarian Coagulant",https://www.sainsburys.co.uk/gol-ui/product/leerdammer-lightlife-slices-160g,,2024-08-20T14:32:16.033103-04:00
66-581-DAI,Muller Corner Bliss Lemon Greek Style Yogurt 4x105g,Muller,"Dairy, eggs & chilled",Dairy & eggs,Yogurts,,£3.00,4 for £3.00,,68p / 100g,7716920.0,Whipped Greek style yogurt with cream and a smooth lemon sauce on the side x 4,,https://assets.sainsburys-groceries.co.uk/gol/7716920/1/640x640.jpg,"Nutrient	Per 100g
Energy	684kJ (163kcal)
Fat	6.0g
of which saturates	3.4g
Carbohydrate	22.4g
of which sugars	21.4g
Protein	4.1g
Salt	0.14g","Yogurt (Milk), Sugar, Water, Whipping Cream (Milk) (14%), Lemon Juice from Concentrate (2%), Modified Maize Starch, Gelatine, Emulsifier: E472b, Acidity Regulator: Citric Acid, Stabiliser: Pectins, Flavourings, Colours: Carotenes, Curcumin, Plain Caramel",https://www.sainsburys.co.uk/gol-ui/product/m%C3%BCller-corner-bliss-lemon-greek-style-yogurt-4x110g,4x105g,2024-08-20T14:32:29.134673-04:00
66-582-DAI,Müller Rice Vanilla Custard Low Fat Pudding Dessert 170g,Müller,"Dairy, eggs & chilled",Dairy & eggs,Yogurts,,90p,,,53p / 100g,7232894.0,Creamy dairy rice with vanilla custard sauce (14%),,https://assets.sainsburys-groceries.co.uk/gol/7232894/1/640x640.jpg,"Nutrient	per 100g		per 100g
Energy	438kJ (104kcal)
Fat	2.0g
of which saturates	1.2g
Carbohydrate	18.2g
of which sugars	12.5g
Protein	3.2g
Salt	0.2g
Calcium	72mg (15% of NRV per pot)","ButterMilk, Water, Sugar, Rice (7%), Skimmed Milk, Skimmed Milk from Concentrate, Cream (Milk) (4%), Modified Maize Starch, Stabilisers: Guar Gum, Carob Bean Gum, Salt, Natural Vanilla Flavouring, Flavourings, Colours: Plain Caramel, Carotenes, Colouring Foods: Safflower, Paprika, Apple and Tomato Concentrates, Coconut Oil",https://www.sainsburys.co.uk/gol-ui/product/muller-rice-vanilla-190g,,2024-08-20T14:32:42.155782-04:00
66-583-DAI,Stamford Street Co. Red Leicester 600g,Stamford,"Dairy, eggs & chilled",Dairy & eggs,Cheese,,£3.74,,,£6.23 / kg,7646896.0,Red Leicester cheese,,https://assets.sainsburys-groceries.co.uk/gol/7646896/1/640x640.jpg,,,https://www.sainsburys.co.uk/gol-ui/product/mary-anns-dairy-red-leicester-600g,,2024-08-20T14:33:03.508061-04:00
66-584-DAI,Sainsbury's Cholesterol Lowering Drink Strawberry 6x100g,Sainsbury's,Drinks,Dairy & eggs,Yogurts,,£3.00,6 for £3.00,,50p / 100g,7794895.0,"6 Low Fat strawberry yogurt drinks with added plant sterols, thiamin (B1), and sweetener.",,https://assets.sainsburys-groceries.co.uk/gol/7794895/1/640x640.jpg,,,https://www.sainsburys.co.uk/gol-ui/product/sainsburys-cholesterol-lowering-drink-sbry6x100g,6x100g,2024-08-19T19:48:40.821352-04:00
66-585-DAI,Sainsbury's Lighter Cypriot Cheese 225g,Sainsbury's,"Dairy, eggs & chilled",Dairy & eggs,Cheese,,£2.15,,,£9.56 / kg,7280609.0,Reduced fat Cypriot cheese,,https://assets.sainsburys-groceries.co.uk/gol/7280609/1/640x640.jpg,,,https://www.sainsburys.co.uk/gol-ui/product/sainsburys-light-cypriot-halloumi-225g,,2024-08-20T14:33:24.926217-04:00
66-586-DAI,Sainsbury's Skimmed Long Life Milk 6x1L,Sainsbury's,Drinks,Dairy & eggs,Milk,1L,£5.34,6 for £5.34,,89p / ltr,6647081.0,,,https://assets.sainsburys-groceries.co.uk/gol/6647081/1/640x640.jpg,,,https://www.sainsburys.co.uk/gol-ui/product/sainsburys-skimmed-long-life-milk-6x1l,6x1L,2024-08-19T18:23:15.244300-04:00
66-587-DAI,Sainsbury's British Single Cream 150ml,Sainsbury's,"Dairy, eggs & chilled",Dairy & eggs,Cream,150ML,70p,,,47p / 100ml,6615172.0,Pasteurised British single cream,,https://assets.sainsburys-groceries.co.uk/gol/6615172/1/640x640.jpg,,,https://www.sainsburys.co.uk/gol-ui/product/sainsburys-single-cream-150ml,,2024-08-20T14:33:46.457346-04:00
66-588-DAI,Anchor Spreadable Blend of Butter & Rapeseed Oil Spread 750g,Anchor,"Dairy, eggs & chilled",Dairy & eggs,"Butter, spreads & pastry",,£6.00,,,£8.00 / kg,7974295.0,A Blend of Anchor Butter & Rapeseed Oil with Salt.,10 g,https://assets.sainsburys-groceries.co.uk/gol/7974295/1/640x640.jpg,"Nutrient	Per 100g	Per 10g Serving
Energy	2748kJ/ 668kcal	275kJ/ 67kcal
Fat	74g	7.4g
of which saturates	29g	2.9g
Carbohydrate	<0.5g	<0.5g
of which sugars	<0.5g	<0.5g
Protein	<0.5g	<0.5g
Salt	1.1g	0.11g","Anchor Butter (50%) (Milk), Rapeseed Oil (33%), Water, Salt (1.1%), Colour (Beta Carotene), Blended Spread 74% (41% Milk Fat, 33% Rapeseed Oil)",https://www.sainsburys.co.uk/gol-ui/product/anchor-westbury-wiltshire-spreadable-750g,,2024-08-20T14:33:59.665181-04:00
66-589-DAI,Plenish Organic Almond Dairy Alternative Long Life Drink 1L,Plenish,"Dairy, eggs & chilled",Dairy & eggs,Dairy free,1L,£2.25,,,£2.25 / ltr,7852285.0,"Organic almond drink, UHT.",,https://assets.sainsburys-groceries.co.uk/gol/7852285/1/640x640.jpg,"Nutrient	Per 100ml
Energy	121kJ/ 29kcal
Fat	2.5g
monounsaturates	1.8g
polyunsaturates	0.5g
Carbohydrate	0.4g
of which sugars	0g
Fibre	0.5g
Protein	1g
Salt	0.1g","Spring Water, Organic Almonds 5%, Sea Salt",https://www.sainsburys.co.uk/gol-ui/product/plenish-organic-6-almond-dairy-free-drink-1l,,2024-08-20T14:34:12.934972-04:00
66-590-DAI,Benecol Original No Added Sugar Yogurt Drink 6x67.5g,Benecol,Drinks,Dairy & eggs,"Butter, spreads & pastry",,£4.30,6 for £4.30,,£1.06 / 100g,6305696.0,Yogurt drink with added plant stanols and sweetener.,67.5 g,https://assets.sainsburys-groceries.co.uk/gol/6305696/1/640x640.jpg,"Nutrient	Per 100g	Per 67.5g serving		Per 100g	Per 67.5g serving
Energy	198kJ/ 47kcal	134kJ/ 32kcal
Fat	2.0g	1.4g
of which saturates	0.2g	0.1g
Carbohydrate	4.3g	2.9g
of which sugars	4.1g	2.7g
Protein	2.8g	1.9g
Salt	0.09g	0.06g
Plant Stanols	3.0g	2.0g
Vitamin B1	0.51g (46%RI)	0.33g (31%RI)","Yogurt (85%) (Skimmed Milk, Yogurt Cultures), Water, Plant Stanol Ester (Plant Stanols 3%), Lemon Juice, Stabiliser (Pectin), Sweetener (Sucralose), Vitamin B1*, *Vitamin B1 contributes to the normal function of the heart",https://www.sainsburys.co.uk/gol-ui/product/benecol-light-yogurt-drink-6x675g,6x67.5g,2024-08-19T19:48:53.822912-04:00
66-591-DAI,Sainsbury's Chocolate Milkshake 1L,Sainsbury's,Drinks,Dairy & eggs,Milk,1L,89p,,,9p / 100ml,6290865.0,High temperature pasteurised chocolate flavoured British 1% fat milk drink,,https://assets.sainsburys-groceries.co.uk/gol/6290865/1/640x640.jpg,,,https://www.sainsburys.co.uk/gol-ui/product/sainsburys-fresh-chocolate-flavoured-milk-1l,,2024-08-19T18:23:36.635631-04:00
66-592-DAI,The Collective Suckies Raspberry Kids Yoghurt Pouch 90g,The,"Dairy, eggs & chilled",Snacks & rusks,All snacks & rusks,,95p,,65p,£1.06 / 100g,8000090.0,Live Raspberry Yoghurt,,https://assets.sainsburys-groceries.co.uk/gol/8000090/1/640x640.jpg,"Nutrient	Per 100g	Per 90g Pouch		Per 100g	Per 90g Pouch
Energy	329kJ/ 78kcal	296kJ/ 70kcal
Fat	2.8g	2.5g
of which Saturates	1.9g	1.7g
Carbohydrate	9.6g	8.7g
of which Sugars	7.6g	6.9g
Protein*	3.8g	3.4g
Salt	0.10g	0.09g
Calcium (RI%)	131mg (5%)	118mg (14%)
Vitamin D (RI%)	0.83µg (16%)	0.75µg (15%)","Live Yoghurt** (Milk) (84%), Raspberry Puree (8%), Concentrated Apple Juice, Concentrated Grape Juice, Cornflour, Natural Flavourings, Concentrated Lemon Juice, Vitamin D, **Contains Cultures: L. Bulgaricus and S. Thermophilus",https://www.sainsburys.co.uk/gol-ui/product/the-collective-kids-raspberry-suckies-yoghurt-100g,,2024-08-20T14:34:20.940811-04:00
66-593-DAI,Alpro Oat Milk Long Life Dairy Alternative 1L,Alpro,Drinks,Dairy & eggs,Dairy free,1L,£2.10,,£1.50,£2.10 / ltr,7679541.0,Oat drink with added calcium and vitamins.,,https://assets.sainsburys-groceries.co.uk/gol/7679541/1/640x640.jpg,"Nutrient	per 100ml		per 100ml
Energy	185 kJ / 44 kcal
Fat	1.4 g
of which Saturates	0.2 g
Carbohydrate	6.5 g
of which Sugars	2.6 g
Fibre	1.9 g
Protein	0.4 g
Salt	0.10 g
- D2	0.75 µg*
- Riboflavin [B2]	0.21 mg*
- Calcium	120 mg*","Oat Base [96.6%] [Water, Oat [9.8%]], Soluble Corn Fibre, Sunflower Oil, Calcium [Tri-Calcium Phosphate), Sea Salt, Stabi- Liser (Gellan Gum), Vitamins B2, B12, D2",https://www.sainsburys.co.uk/gol-ui/product/alpro-long-life-soya-milk-alternative--oat-1l,,2024-08-19T18:23:45.339732-04:00
66-594-DAI,Lindahls Kvarg Vanilla Protein Yogurt 150g,Lindahls,"Dairy, eggs & chilled",Dairy & eggs,Special offers,,£1.25,,,83p / 100g,7945461.0,Fat Free Quark with Sweeteners and Natural Vanilla Flavour.,,https://assets.sainsburys-groceries.co.uk/gol/7945461/1/640x640.jpg,,"Quark (from Milk) 93%, Water, Modified Maize Starch, Natural Vanilla Flavouring, Colour (Carotenes), Sweeteners (Acesulfame K, Aspartame), Acidity Regulator (Citric Acid)",https://www.sainsburys.co.uk/gol-ui/product/lindahls-kvarg-vanilla-150g,,2024-08-20T14:34:33.977083-04:00
66-595-DAI,"Sainsbury's Mozzarella Di Bufala Campana DOP, Taste the Difference 290g",Sainsbury's,"Dairy, eggs & chilled",Dairy & eggs,Cheese,,£2.35,,£1.56,£18.80 / kg,1274189.0,Mozzarella di Bufala Campana DOP,,https://assets.sainsburys-groceries.co.uk/gol/1274189/1/640x640.jpg,,,https://www.sainsburys.co.uk/gol-ui/product/sainsburys-buffalo-mozzarella--taste-the-difference-125g,,2024-08-20T14:34:51.058620-04:00
66-596-DAI,Oatly Organic Oat Drink Long Life 1L,Oatly,Drinks,Dairy & eggs,Dairy free,1L,£2.15,,£1.50,£2.15 / ltr,6338528.0,Organic oat drink.,,https://assets.sainsburys-groceries.co.uk/gol/6338528/1/640x640.jpg,,"Water, Oats* 10%, Sea Salt, *Organic Ingredient",https://www.sainsburys.co.uk/gol-ui/product/oatly-long-life-oat-milk-altermative-1l,,2024-08-19T18:24:07.199485-04:00
66-597-DAI,Sainsbury's Olive Spread 500g,Sainsbury's,"Dairy, eggs & chilled",Dairy & eggs,"Butter, spreads & pastry",,£1.40,,,£2.80 / kg,487641.0,Reduced Fat Spread (42%) made with Olive Oil (10%),,https://assets.sainsburys-groceries.co.uk/gol/487641/1/640x640.jpg,,,https://www.sainsburys.co.uk/gol-ui/product/sainsburys-olive-spread-500g,,2024-08-20T14:35:13.562729-04:00
66-598-DAI,The Collective Suckies Banana Kids Yoghurt Pouch 90g,The,"Dairy, eggs & chilled",Snacks & rusks,All snacks & rusks,,95p,,65p,£1.06 / 100g,7851266.0,Live Banana Yoghurt,,https://assets.sainsburys-groceries.co.uk/gol/7851266/1/640x640.jpg,"Nutrient	Per 100g	Per 90g Pouch		Per 100g	Per 90g Pouch
Energy	325kJ/ 78kcal	293kJ/ 70kcal
Fat	2.7g	2.4g
- Of which Saturates	1.9g	1.7g
Carbohydrate	9.6g	8.6g
- Of which Sugars	8.0g	7.2g
Protein*	3.7g	3.4g
Salt	0.09g	0.08g
Calcium (RI%)	132mg (15%)	119mg (14%)
Vitamin D (RI%)	0.83µg (16%)	0.75µg (15%)","Live Yoghurt** (Milk) (82%), Banana Puree (8%), Concentrated Apple Juice, Cornflour, Concentrated Grape Juice, Concentrated Lemon Juice, Natural Flavourings, Vitamin D, **Contains Cultures: L. Bulgaricus and S. Thermophilus",https://www.sainsburys.co.uk/gol-ui/product/the-collective-fresh-whole-milk-yogurt---fruit-banana-suckies-for-kids-100g,,2024-08-20T14:35:22.368230-04:00
66-599-DAI,Flora Original Spread with Natural Ingredients 450g,Flora,"Dairy, eggs & chilled",Dairy & eggs,"Butter, spreads & pastry",,£2.50,,£1.25,£5.56 / kg,2516837.0,70% Vegetable Fat Spread,,https://assets.sainsburys-groceries.co.uk/gol/2516837/1/640x640.jpg,"Nutrient	Per 100g		Per 100g
Energy	2599kJ/ 632kcal
Fat	70g
of which saturates	21g
of which mono-unsaturates	30g
of which polyunsaturates	18g
Carbohydrates	0.5g
of which sugars	0.5g
Protein	<0.5g
Salt	1.3g
Climate impact	0.39
Vitamin A	(15% DRI*) 120µg","Plant Oils (Rapeseed, Sunflower, Linseed), Water, Coconut Fat, Salt (1.3%), Plant Based Emulsifier (Lecithin), Faba Bean preparation, Natural Flavourings, Vitamin A",https://www.sainsburys.co.uk/gol-ui/product/flora-original-spread-450g,,2024-08-20T14:35:30.228327-04:00
66-600-DAI,Sainsbury's Greek Style Honey Yogurt 450g,Sainsbury's,"Dairy, eggs & chilled",Dairy & eggs,Yogurts,,£1.60,,,36p / 100g,1068290.0,Greek style yogurt with honey,,https://assets.sainsburys-groceries.co.uk/gol/1068290/1/640x640.jpg,,,https://www.sainsburys.co.uk/gol-ui/product/sainsburys-natural-greek-style-yogurt-with-honey-450g,,2024-08-20T14:35:51.591760-04:00
66-601-DAI,Rolo Milk Chocolate & Toffee Dessert 2 x65g,Rolo,"Dairy, eggs & chilled",Dairy & eggs,Special offers,,£1.85,,£1.00,£1.42 / 100g,7502986.0,Layered milk chocolate toffee dessert,,https://assets.sainsburys-groceries.co.uk/gol/7502986/1/640x640.jpg,,"Skimmed Milk 46%, Cream (from Milk), Sugar, Milk Chocolate 12% (Sugar, Whole Milk Powder, Cocoa Butter, Cocoa Mass, Whey Powder (from Milk), Emulsifiers: Lecithins, Flavouring), Toffee Syrup 7.9% (Glucose Syrup, Sweetened Condensed Milk (Milk, Sugar), Coconut Fat, Emulsifiers: Lecithins, Flavouring, Salt), Modified Starch, Skimmed Milk Powder, Gelatine, Cocoa Powder, Caramel (Glucose Syrup, Water, Sugar), Reduced Fat Cocoa Powder, Salt, Stabilisers: Carrageenan, Xanthan Gum, Emulsifier: Mono- and Diglycerides of Fatty Acids, Dextrose",https://www.sainsburys.co.uk/gol-ui/product/rolo-dessert-twin-pack-2x70g,,2024-08-20T14:35:59.844816-04:00
66-602-DAI,"Sainsbury's Cypriot Halloumi, Taste the Difference 250g",Sainsbury's,"Dairy, eggs & chilled",Dairy & eggs,Cheese,,£4.00,,£2.66,£16.00 / kg,7907704.0,Halloumi cheese,,https://assets.sainsburys-groceries.co.uk/gol/7907704/1/640x640.jpg,,,https://www.sainsburys.co.uk/gol-ui/product/sainsburys-cypriot-halloumi-taste-the-difference-250g,,2024-08-20T14:36:17.814559-04:00
66-603-DAI,Arla Lactofree Semi Skimmed Milk Drink 2L,Arla,Drinks,Dairy & eggs,Dairy free,2L,£2.75,,,£1.38 / ltr,8085808.0,Lactose Free Pasteurised Homogenised Semi Skimmed Filtered Milk Drink,,https://assets.sainsburys-groceries.co.uk/gol/8085808/1/640x640.jpg,"Nutrient	Per 100ml	Per 200ml		Per 100ml	Per 200ml
Energy	160kJ / 38kcal	320kJ / 76kcal
Fat	1.5g	3.1g
of which saturates	1.0g	1.9g
Carbohydrate	2.6g	5.3g
of which sugars	2.6g	5.2g
Protein	3.4g	6.9g
Salt	0.07g	0.14g
Vitamin B12	0.44µg (17.6% RI+)	0.88µg (35.2% RI+)
Calcium	112mg (14% RI+)	224mg (28% RI+)","Semi Skimmed Milk, Lactase Enzyme",https://www.sainsburys.co.uk/gol-ui/product/arla-lacto-free-semi-skimmed-milk-drink-2l,,2024-08-19T18:23:59.508065-04:00
66-604-DAI,Anchor Original Real Cream Spray 250g,Anchor,Drinks,Dairy & eggs,Cream,,£2.25,,,90p / 100g,2003726.0,Sweetened Stabilised UHT Cream,,https://assets.sainsburys-groceries.co.uk/gol/2003726/1/640x640.jpg,,"Cream (95%) (Milk), Sugar (4%), Emulsifier (Mono- and Diglycerides of Fatty Acids), Stabiliser (Carrageenan), Propellant Gas (Nitrous Oxide)",https://www.sainsburys.co.uk/gol-ui/product/anchor-aerosol-cream-250g,,2024-08-19T21:54:34.691491-04:00
66-605-DAI,Graham's Gold Jersey Full Cream Milk 1L,Graham's,Drinks,Dairy & eggs,Milk,1L,£1.60,,,£1.60 / ltr,7275651.0,Pasteurised Homogenised Jersey Full Cream Milk,,https://assets.sainsburys-groceries.co.uk/gol/7275651/1/640x640.jpg,"Nutrient	Per 100ml
Energy	337kJ/ 81kcal
Fat	5g
(of which saturates	3.4g)
Carbohydrate	4.7g
(of which sugars	4.7g)
Protein	3.7g
Salt	0.2g",,https://www.sainsburys.co.uk/gol-ui/product/grahams-gold-jersey-full-cream-milk-1l,,2024-08-19T18:24:28.142692-04:00
66-606-DAI,Müller Corner Chocolate Digestive & Strawberry Shortcake Yogurts 6x124g,Müller,"Dairy, eggs & chilled",Dairy & eggs,Special offers,,£4.00,6 for £4.00,£2.50,54p / 100g,7553579.0,Vanilla flavour yogurt with milk chocolate coated digestive biscuit balls (12%) on the side x 3 Strawberry flavour yogurt with white chocolate coated shortcake biscuit balls (11%) on the side x 3,,https://assets.sainsburys-groceries.co.uk/gol/7553579/1/640x640.jpg,"Nutrient	Per 100g		Per 100g		Per 100g		Per 100g
Energy	595kJ (141kcal)
Fat	4.5g
of which saturates	2.7g
Carbohydrate	19.6g
of which sugars	16.6g
Protein	4.9g
Salt	0.23g
Calcium	106mg
Energy	605kJ (144kcal)
Fat	4.6g
of which saturates	3.0g
Carbohydrate	20.0g
of which sugars	16.8g
Protein	4.9g
Salt	0.22g
Calcium	112mg","Yogurt (Milk), Sugar, Water, Wheat Flour (Gluten) (with added Calcium, Iron, Niacin, Thiamin), Cocoa Butter, Milk Powder, Modified Starch, Coconut Oil, Sunflower Oil, Wheat Starch, Flavourings, Glazing Agents: Acacia Gum, Shellac, Glucose Syrup, Whey Powder (Milk), Emulsifier: Soya Lecithin, Salt, Stabiliser: Pectins, Colour: Carmines, Acidity Regulator: Citric Acid",https://www.sainsburys.co.uk/gol-ui/product/muller-corner-chocolate-digestive-and-strawberry-shortcake-yogurts-6x130g-7553579-p,6x124g,2024-08-20T14:36:26.690683-04:00
66-607-DAI,"Sainsbury's British Butter Slightly Salted, SO Organic 250g",Sainsbury's,"Dairy, eggs & chilled",Dairy & eggs,"Butter, spreads & pastry",,£3.00,,,£12.00 / kg,1357318.0,Slightly salted organic butter,,https://assets.sainsburys-groceries.co.uk/gol/1357318/1/640x640.jpg,,,https://www.sainsburys.co.uk/gol-ui/product/sainsburys-slightly-salted-british-butter--so-organic-250g,,2024-08-20T14:36:48.903702-04:00
66-608-DAI,Aero Milk Chocolate Mousse 4x59g,Aero,"Dairy, eggs & chilled",Dairy & eggs,Special offers,,£1.85,4 for £1.85,£1.25,78p / 100g,8144567.0,Milk Chocolate Mousse,,https://assets.sainsburys-groceries.co.uk/gol/8144567/1/640x640.jpg,,"Skimmed Milk, Sugar, Milk Chocolate 6.0% [Sugar, Cocoa Butter¹, Skimmed Milk Powder, Cocoa Mass¹, Whey Powder (Milk), Milk Fat, Natural Vanilla Flavouring, Emulsifiers: Lecithins (contains Soya)], Cream (Milk), Fat Reduced Cocoa Powders¹, Caramel (Sugar, Water, Glucose Syrup), Skimmed Milk Powder, Gelatine, Emulsifier: Lactic Acid Esters of Mono- and Diglycerides, Gelling Agent: Sodium Alginate, ¹Rainforest Alliance Certified",https://www.sainsburys.co.uk/gol-ui/product/aero-milk-chocolate-mousse-4x59g-8144567-p-44,4x59g,2024-08-20T14:36:57.138430-04:00
66-609-DAI,Galbani Italian Mozzarella Cheese 125g,Galbani,"Dairy, eggs & chilled",Dairy & eggs,Cheese,,£1.90,,,£15.20 / kg,3704417.0,Fresh soft cheese made with Italian milk.,,https://assets.sainsburys-groceries.co.uk/gol/3704417/1/640x640.jpg,,"Pasteurised Milk, Salt, Vegetarian Coagulant, Acidity Regulator: Citric Acid",https://www.sainsburys.co.uk/gol-ui/product/galbani%C2%A0italian%C2%A0mozzarella%C2%A0cheese%C2%A0225g,,2024-08-20T14:37:10.813480-04:00
66-610-DAI,Lurpak Unsalted Butter 200g,Lurpak,"Dairy, eggs & chilled",Dairy & eggs,"Butter, spreads & pastry",,£2.15,,£1.60,£10.75 / kg,8156815.0,Unsalted Butter.,,https://assets.sainsburys-groceries.co.uk/gol/8156815/1/640x640.jpg,"Nutrient	per 100 g:
Energy	3071 kJ / 747 kcal
Fat	82 g
of which saturates	53 g
Carbohydrate	0.7 g
of which sugars	0.7 g
Protein	0.6 g
Salt	<0.01 g","Butter (Milk), Lactic Culture (Milk), Minimum Fat content 82%",https://www.sainsburys.co.uk/gol-ui/product/lurpak-butter-unsalted-200g,,2024-08-20T14:37:19.823556-04:00
66-611-DAI,Kerrygold Pure Irish Butter Tub 250g,Kerrygold,"Dairy, eggs & chilled",Dairy & eggs,"Butter, spreads & pastry",,£2.65,,,£10.60 / kg,7544726.0,Milk from Irish Grass-Fed Cows,,https://assets.sainsburys-groceries.co.uk/gol/7544726/1/640x640.jpg,"Nutrient	per 100 g
Energy	3059 kJ/ 744 kcal
Fat	80.0 g
of which saturates	53.0 g
Carbohydrate	0.6 g
of which sugars	0.6 g
Protein	0.6 g
Salt	1.8 g","Cream, Salt (1.8%), Fat 80% min",https://www.sainsburys.co.uk/gol-ui/product/kerrygold-softer-butter-250g,,2024-08-20T14:37:34.083822-04:00
66-612-DAI,Yeo Valley Organic Raspberry Yogurt 450g,Yeo,"Dairy, eggs & chilled",Dairy & eggs,Yogurts,,£2.25,,,50p / 100g,7085033.0,Raspberry Yogurt,,https://assets.sainsburys-groceries.co.uk/gol/7085033/1/640x640.jpg,"Nutrient	Per 100g		Per 100g
Energy	417kJ/ 99kcal
Fat	4.0g
of which saturates	2.8g
Carbohydrate	11.1g
of which sugars	11.1g
Protein	4.7g
Salt*	0.18g
Calcium	167mg†","Organic Whole Milk Yogurt, Organic Raspberries (5%), Organic Sugar (4.9%), Organic Maize Starch, Natural Flavouring, Organic Concentrated Elderberry Juice, Organic Concentrated Lemon Juice, Contains the following Live Cultures: Bifidobacterium, Lactobacillus Acidophilus, Streptococcus Thermophilus",https://www.sainsburys.co.uk/gol-ui/product/yeo-valley-raspberry-yogurt-450g,,2024-08-20T14:37:47.642727-04:00
66-613-DAI,Onken Natural Set Yogurt 450g,Onken,"Dairy, eggs & chilled",Dairy & eggs,Special offers,,£1.95,,£1.25,43p / 100g,2803036.0,Natural Set Yogurt with Vitamin D,,https://assets.sainsburys-groceries.co.uk/gol/2803036/1/640x640.jpg,"Nutrient	Per 100g		Per 100g
Energy	266kJ/ 64kcal
Fat	3.5g
of which saturates	2.2g
Carbohydrate	4.7g
of which sugars	4.7g
Protein	3.3g
Salt	0.14g
Vitamins / Minerals	%†
Vitamin D	1.05µg (21%)
Calcium	120mg (15%)","Yogurt (Milk), Vitamin D, Contains live cultures: Lactobacillus Bulgaricus, Streptococcus Thermophilus and Bifidobacterium",https://www.sainsburys.co.uk/gol-ui/product/onken-natural-yogurt-500g,,2024-08-20T14:37:56.220398-04:00
66-614-DAI,Arla Raspberry Protein Yogurt 200g,Arla,"Dairy, eggs & chilled",Dairy & eggs,Special offers,,£1.10,,,55p / 100g,8144553.0,Raspberry Flavoured Strained Yogurt with Sweetener.,,https://assets.sainsburys-groceries.co.uk/gol/8144553/1/640x640.jpg,"Nutrient	Per 100 g
Energy	302 kJ/ 71 kcal
Fat	0.2 g
of which saturates	0.1 g
Carbohydrate	6.4 g
of which sugars	6 g
Protein	10 g
Salt	0.11 g","Lactose Free Skyr (Yogurt (Milk)), Grape Juice Concentrate, Raspberry Puree from Concentrate 1.8%, Waxy Maize Starch, Natural Flavouring, Black Carrot Juice Concentrate, Steviol Glycosides from Stevia, Lactase Enzymes",https://www.sainsburys.co.uk/gol-ui/product/arla-protein-raspberry-yogurt-200g,,2024-08-20T14:38:09.727130-04:00
66-615-DAI,Alpro Soya Milk No Sugars Chilled Dairy Alternative 1L,Alpro,Drinks,Dairy & eggs,Dairy free,1L,£2.00,,,£2.00 / ltr,7223524.0,"Soya drink with added calcium and vitamins, flash pasteurised.",,https://assets.sainsburys-groceries.co.uk/gol/7223524/1/640x640.jpg,"Nutrient	per 100 ml		per 100 ml
Energy	138 kJ / 33 kcal
Fat	1.8 g
of which Saturates	0.3 g
Carbohydrate	0 g
of which Sugars	0 g
Fibre	0.6 g
Protein	3.3 g
Salt	0.09 g
D2	0.75 µg*
B12	0.38 µg*
Riboflavin (B2)	0.21 mg*
Calcium	120 mg*","Soya Base (98.9%) (Water, Hulled Soya Beans (8.7%)), Acidity Regulators (Potassium Phosphates), Calcium (Calcium Carbonate), Flavourings, Sea Salt, Stabiliser (Gellan Gum), Vitamins B2, B12, D2",https://www.sainsburys.co.uk/gol-ui/product/alpro-unsweetened-chilled-milk-alternative-1l,,2024-08-19T18:24:41.352730-04:00
66-616-DAI,Sainsbury's Barrel Aged Feta 200g,Sainsbury's,"Dairy, eggs & chilled",Dairy & eggs,Cheese,,£3.55,,£2.34,£17.75 / kg,6800530.0,Barrel aged feta P.D.O.,,https://assets.sainsburys-groceries.co.uk/gol/6800530/1/640x640.jpg,,,https://www.sainsburys.co.uk/gol-ui/product/sainsburys-barrel-aged-feta--taste-the-difference-200g,,2024-08-20T14:38:25.873083-04:00
66-617-DAI,Sainsbury's Everyday Lactose Free Skimmed Dairy Drink 1L,Sainsbury's,Drinks,Dairy & eggs,Dairy free,1L,£1.35,,,£1.35 / ltr,7945515.0,High temperature pasteurised lactose free skimmed dairy drink,,https://assets.sainsburys-groceries.co.uk/gol/7945515/1/640x640.jpg,,,https://www.sainsburys.co.uk/gol-ui/product/sainsburys-everyday-lactose-free-skimmed-dairy-drink-1l,,2024-08-19T18:25:15.758130-04:00
66-618-DAI,"Sainsbury's Mature Cheddar Cheese, SO Organic 270g",Sainsbury's,"Dairy, eggs & chilled",Dairy & eggs,Cheese,,£3.20,,,£11.85 / kg,6970086.0,Organic Mature Cheddar,,https://assets.sainsburys-groceries.co.uk/gol/6970086/1/640x640.jpg,,,https://www.sainsburys.co.uk/gol-ui/product/sainsburys-mature-cheddar--so-organic-270g,,2024-08-20T14:38:47.990457-04:00
66-619-DAI,Sainsbury's Mediterranean Halloumi Sticks 200g,Sainsbury's,"Dairy, eggs & chilled",Dairy & eggs,Cheese,,£3.00,,,£15.00 / kg,8181510.0,"Halloumi cheese with chilli, oregano, thyme, black pepper and marjoram.",,https://assets.sainsburys-groceries.co.uk/gol/8181510/1/640x640.jpg,,,https://www.sainsburys.co.uk/gol-ui/product/sainsburys-mediterranean-halloumi-sticks-200g,,2024-08-20T14:39:09.865353-04:00
66-620-DAI,Oykos Blueberry Luxury greek Style Yogurt 4x110g,Oykos,"Dairy, eggs & chilled",Dairy & eggs,Yogurts,,£2.00,4 for £2.00,,45p / 100g,7851168.0,Creamy yogurt with a fruit layer,100 g,https://assets.sainsburys-groceries.co.uk/gol/7851168/1/640x640.jpg,"Nutrient	per 100g	per serving (110g)	%RI* (110g)
Energy kJ	577	635	8
Energy kcal	138	152	8
Fat (g)	8.5	9.4	13
of which saturates (g)	5.5	6.1	30
Carbohydrate (g)	12.5	13.7	5
of which sugars (g)	12.1	13.3	15
Fibre (g)	0.4	0.4	-
Protein (g)	2.7	3.0	6
Salt (g)	0.14	0.15	3","Yogurt (Milk), Blueberry (12%), Sugar (8%), Modified Maize Starch, Fruit and Vegetable Juice Concentrate, Acidity Regulators (Sodium Citrate, Citric Acid), Natural Flavour, Stabiliser (Locust Bean Gum)",https://www.sainsburys.co.uk/gol-ui/product/oykos-greek-style-blueberry-yogurt-4x110g,4x110g,2024-08-20T14:39:23.225524-04:00
66-621-DAI,Dairylea Dunkers Jumbo Cheese Snack 6x41g,Dairylea,"Dairy, eggs & chilled",Dairy & eggs,Cheese,,£3.30,6 for £3.30,£2.50,£13.41 / kg,8025206.0,Cheese dip (7 % fat) with added calcium and corn & potato snack (29 %).,,https://assets.sainsburys-groceries.co.uk/gol/8025206/1/640x640.jpg,,"Dairylea Cheese Dip: Skimmed Milk (Water, Skimmed Milk Powder), Cheese, Concentrated Whey (from Milk), Inulin, Milk Protein, Milk Fat, Emulsifying Salt (Polyphosphates), Modified Starch, Calcium Phosphate, Acidity Regulator (Lactic Acid), Corn and Potato Snack: Corn Flour, Potato Granules, Palm Oil, Flavourings, Sugar, Salt, Onion Powder, Emulsifier (Mono- and Diglycerides of Fatty Acids), Yeast Extract, Garlic Powder, Parsley, Acid (Citric Acid), Rosemary, Horseradish",https://www.sainsburys.co.uk/gol-ui/product/dairylea-dunkers-jumbo-6x45g,6x41g,2024-08-20T14:39:30.888751-04:00
66-622-DAI,Sainsbury's Grated Mozzarella Cheese 500g,Sainsbury's,"Dairy, eggs & chilled",Dairy & eggs,Cheese,,£4.45,,,£8.90 / kg,6032649.0,Grated medium fat mozzarella cheese,,https://assets.sainsburys-groceries.co.uk/gol/6032649/1/640x640.jpg,,,https://www.sainsburys.co.uk/gol-ui/product/sainsburys-grated-mozzarella-500g,,2024-08-20T14:39:54.859614-04:00
66-623-DAI,"Sainsbury's Extra Mature Farmhouse Cheddar, Taste the Difference 350g",Sainsbury's,"Dairy, eggs & chilled",Dairy & eggs,Cheese,,£3.80,,£2.50,£10.86 / kg,7977946.0,West Country Farmhouse Cheddar,,https://assets.sainsburys-groceries.co.uk/gol/7977946/1/640x640.jpg,,,https://www.sainsburys.co.uk/gol-ui/product/sainsburys-extra-mature-farmhouse-cheddar-taste-the-difference-350g,,2024-08-20T14:40:11.906888-04:00
66-624-DAI,Dairylea Cheese Triangles x8 125g,Dairylea,"Dairy, eggs & chilled",Dairy & eggs,Cheese,,£1.75,,,£14.00 / kg,7709113.0,Cheese spread with added calcium.,,https://assets.sainsburys-groceries.co.uk/gol/7709113/1/640x640.jpg,,"Skimmed Milk (Water, Skimmed Milk Powder), Cheese, Milk Fat, Whey Powder (from Milk), Inulin, Milk Protein, Skimmed Milk Powder, Emulsifying Salts (Triphosphate, Polyphosphates), Calcium Phosphate, Acidity Regulator (Citric Acid)",https://www.sainsburys.co.uk/gol-ui/product/dairylea-triangles-x8-125g,,2024-08-20T14:40:24.879876-04:00
66-625-DAI,Activia Raspberry No Added Sugar Fat Free Yogurt 4x115g,Activia,"Dairy, eggs & chilled",Dairy & eggs,Yogurts,,£2.50,4 for £2.50,,54p / 100g,7556111.0,"Fat Free Yogurt with Raspberry, Live Cultures and Sweeteners",100 g,https://assets.sainsburys-groceries.co.uk/gol/7556111/1/640x640.jpg,"Nutrient	Per 100g	Per serving (115g)	% RI* (115g)		Per 100g	Per serving (115g)	% RI* (115g)
Energy (kJ/kcal)	209/ 49	240/ 56	3
Fat (g)	0.1	0.1	0
of which saturates (g)	0.1	0.1	1
Carbohydrate (g)	7.0	8.1	3
of which sugars (g)	6.6	7.6	8
Protein (g)	4.8	5.5	11
Salt (g)	0.25	0.29	5
Calcium (mg)	175	201	25","Fat Free Yogurt (Milk), Raspberry (7%), Modified Maize Starch, Carrot Concentrate, Flavouring, Stabiliser (Pectin), Acidity Regulators (Sodium Citrate, Citric Acid), Sweeteners (Acesulfame K, Sucralose), Cultures (Bifidobacterium Lactis (Bifidus Actiregularis), Streptococcus Thermophilus, Lactobacillus Bulgaricus, Lactococcus Lactis)",https://www.sainsburys.co.uk/gol-ui/product/activia-no-added-sugar-0-fat-raspberry-yogurt-4x120g,4x115g,2024-08-20T14:40:38.785788-04:00
66-626-DAI,Müller Rice Strawberry Low Fat Pudding Dessert 170g,Müller,"Dairy, eggs & chilled",Dairy & eggs,Yogurts,,90p,,,53p / 100g,7232901.0,Creamy dairy rice with strawberry.,,https://assets.sainsburys-groceries.co.uk/gol/7232901/1/640x640.jpg,"Nutrient	per 100g		per 100g
Energy	422kJ (100kcal)
Fat	1.8g
of which saturates	1.1g
Carbohydrate	17.9g
of which sugars	12.0g
Protein	3.0g
Salt	0.2g
Calcium	72mg (15% of NRV per pot)","Buttermilk, Water, Sugar, Rice (7%), Skimmed Milk from Concentrate, Strawberries (5%), Cream (Milk) (4%), Skimmed Milk, Modified Maize Starch, Stabiliser: Guar Gum, Salt, Flavourings, Colouring Food: Beetroot Juice Concentrate, Acidity Regulators: Citric Acid, Sodium Citrates, Colour: Carmines",https://www.sainsburys.co.uk/gol-ui/product/muller-rice-strawberry-190g,,2024-08-20T14:40:52.654273-04:00
66-627-DAI,Benecol Peach & Apricot No Added Sugar Yogurt Drink 6x67.5g,Benecol,Drinks,Dairy & eggs,Yogurts,,£4.30,6 for £4.30,,£1.06 / 100g,6399472.0,Peach & Apricot flavoured yogurt drink with added plant stanols and sweetener.,67.5 g,https://assets.sainsburys-groceries.co.uk/gol/6399472/1/640x640.jpg,"Nutrient	Per 100g	Per 67.5g serving		Per 100g	Per 67.5g serving
Energy	205kJ/ 49kcal	139kJ/ 33kcal
Fat	2.0g	1.4g
of which saturates	0.2g	0.1g
Carbohydrate	4.8g	3.2g
of which sugars	4.7g	3.2g
Protein	2.9g	1.9g
Salt	0.09g	0.06g
Plant stanols	3.0g	2.0g
Vitamin B1	0.51mg (46%RI)	0.33mg (31%RI)","Yogurt (85%) (Skimmed Milk, Yogurt Cultures), Plant Stanol Ester (Plant Stanols 3%), Peach Pulp (2%), Apricot Pulp (2%), Apple Puree, Lemon Juice, Stabiliser (Pectin), Flavourings, Colour (Beta Carotene), Sweetener (Sucralose), Vitamin B1*, *Vitamin B1 contributes to the normal function of the heart",https://www.sainsburys.co.uk/gol-ui/product/benecol-yogurt-drink-peach---apricot-6x675g,6x67.5g,2024-08-19T19:50:42.388844-04:00
66-628-DAI,Sainsbury's Ready Rolled Shortcrust Pastry 320g,Sainsbury's,"Dairy, eggs & chilled",Dairy & eggs,"Butter, spreads & pastry",,£1.15,,,£3.59 / kg,8145870.0,Shortcrust pastry,,https://assets.sainsburys-groceries.co.uk/gol/8145870/1/640x640.jpg,,,https://www.sainsburys.co.uk/gol-ui/product/sainsburys-ready-rolled-shortcrust-pastry-320g,,2024-08-20T14:41:14.356388-04:00
66-629-DAI,Sainsbury's Sweetened Soya Drink 1L,Sainsbury's,Drinks,Dairy & eggs,Dairy free,1L,99p,,,99p / ltr,6710040.0,"UHT sweetened soya alternative to dairy milk with added calcium and vitamins B2, B12 and D2",,https://assets.sainsburys-groceries.co.uk/gol/6710040/1/640x640.jpg,,,https://www.sainsburys.co.uk/gol-ui/product/sainsburys-long-life-sweetened-soya-milk--alternative-to-dairy-milk-1l,,2024-08-19T18:26:11.670207-04:00
66-630-DAI,Lurpak Unsalted Spreadable Blend of Butter & Rapeseed Oil 400g,Lurpak,"Dairy, eggs & chilled",Dairy & eggs,"Butter, spreads & pastry",,£4.00,,,£10.00 / kg,8161447.0,Blended Spread 75% (52% milk fat & 23% rapeseed oil).,,https://assets.sainsburys-groceries.co.uk/gol/8161447/1/640x640.jpg,"Nutrient	per 100 g:
Energy	2793 kJ/ 679 kcal
Fat	75 g
of which saturates	35 g
Carbohydrate	0.6 g
of which sugars	0.6 g
Protein	0.5 g
Salt	<0.01 g","Butter (64%) (Milk), Rapeseed Oil, Water, Lactic Culture (Milk)",https://www.sainsburys.co.uk/gol-ui/product/lurpak-unsalted-spreadable-400g,,2024-08-20T14:41:27.523890-04:00
66-631-DAI,Philadelphia Light Soft Cheese 280g,Philadelphia,"Dairy, eggs & chilled",Dairy & eggs,Cheese,,£3.25,,,£11.61 / kg,8115490.0,Medium fat soft cheese.,,https://assets.sainsburys-groceries.co.uk/gol/8115490/1/640x640.jpg,,"Medium Fat Soft Cheese, Salt, Stabilisers (Guar Gum, Carrageenan), Acid (Citric Acid)",https://www.sainsburys.co.uk/gol-ui/product/philadelphia-light-soft-cheese-280g,,2024-08-20T14:41:40.678578-04:00
66-632-DAI,Sainsbury's Whole British Milk 1L,Sainsbury's,Drinks,Dairy & eggs,Milk,1L,89p,,,89p / ltr,8019429.0,Ultra heat treated standardised homogenised whole milk,,https://assets.sainsburys-groceries.co.uk/gol/8019429/1/640x640.jpg,,,https://www.sainsburys.co.uk/gol-ui/product/sainsburys-whole-british-milk-1l,,2024-08-19T18:26:46.896419-04:00
66-633-DAI,"Sainsbury's Spanish Manchego Cheese, Taste the Difference 170g",Sainsbury's,"Dairy, eggs & chilled",Dairy & eggs,Cheese,,£4.30,,,£25.29 / kg,7571526.0,Full fat hard cheese made with pasteurised sheep's milk,,https://assets.sainsburys-groceries.co.uk/gol/7571526/1/640x640.jpg,,,https://www.sainsburys.co.uk/gol-ui/product/sainsburys-spanish-manchego--taste-the-difference-170g,,2024-08-20T14:42:02.232840-04:00
66-634-DAI,Müller Light Fat Free Smooth Toffee Yogurt 160g,Müller,"Dairy, eggs & chilled",Dairy & eggs,Special offers,,90p,,50p,56p / 100g,7510047.0,Smooth toffee flavour fat free yogurt with sweeteners and added vitamins B6 & D,,https://assets.sainsburys-groceries.co.uk/gol/7510047/1/640x640.jpg,"Nutrient	(Per 100g)		(Per 100g)
Energy	230kJ (54kcal)
Fat	<0.5g
of which saturates	0.1g
Carbohydrate	7.2g
of which sugars	6.4g
Fibre	5.4g
Protein	0.29g
Vitamin B6	0.5mg (57% of NRV Per Pot)
Vitamin D	1.79µg (57% of NRV Per Pot)
Calcium	161mg (32% of NRV Per Pot)","Yogurt (Milk), Water, Modified Maize Starch, Colour: Plain Caramel, Stabilisers: Pectins, Flavourings, Salt, Sweeteners: Aspartame, Acesulfame K, Acidity Regulator: Citric Acid, Vitamin B6, Vitamin D",https://www.sainsburys.co.uk/gol-ui/product/mullerlight-toffee-175g,,2024-08-20T14:42:10.309538-04:00
66-635-DAI,Apetina Paneer Cheese 225g,Apetina,"Dairy, eggs & chilled",Dairy & eggs,Cheese,,£2.00,,£1.75,£8.89 / kg,7710191.0,Soft unripened Indian Style cheese.,,https://assets.sainsburys-groceries.co.uk/gol/7710191/1/640x640.jpg,"Nutrient	per: 100 g
Energy	730 kJ/ 174 kcal
Fat	8.0 g
of which saturates	5.1 g
Carbohydrate	3.2 g
of which sugars	3.2 g
Protein	22 g
Salt	0.10 g","Milk, Milk Protein, Acidity Regulator (Citric Acid)",https://www.sainsburys.co.uk/gol-ui/product/savera-paneer-225g,,2024-08-20T14:42:17.957406-04:00
66-636-DAI,Jarlsberg Cheese Slices 160g,Jarlsberg,"Dairy, eggs & chilled",Dairy & eggs,Cheese,,£2.45,,,£15.31 / kg,2566245.0,Medium Fat Hard Cheese,,https://assets.sainsburys-groceries.co.uk/gol/2566245/1/640x640.jpg,"Nutrient	Per 100g:
Energy kJ	1458 kJ
Energy kcal	351 kcal
Fat	27g
of which Saturates	17g
Carbohydrates	0g
of which Sugars	0g
Protein	27g
Salt	1.2g",Jarlsberg® Cheese (from Milk),https://www.sainsburys.co.uk/gol-ui/product/norwegian-jarlsberg-slices-160g,,2024-08-20T14:42:31.149365-04:00
66-637-DAI,Biotiful Gut Health Kefir Milk Drink Original 500ml,Biotiful,Drinks,Dairy & eggs,Milk,500ML,£2.60,,,52p / 100ml,7851183.0,Fermented milk traditionally known as kefir,,https://assets.sainsburys-groceries.co.uk/gol/7851183/1/640x640.jpg,"Nutrient	Per 100ml	1 serving (250ml)		Per 100ml	1 serving (250ml)
Energy, kcal (kJ)	59 (245)	148 (612)
Fat (g)	2.9	7.3
of which saturates (g)	2.1	5.3
Carbohydrates (g)	4.6	12
of which sugars*** (g)	2.8	7.0
Protein (g)	3.5	8.8
Salt (g)	0.10	0.25
Vitamins and Minerals	% of reference intake per 100ml	Per 100ml
Riboflavin B2 (mg)	10%	0.14
Vitamin B12 (µg)	9%	0.22
Calcium (mg)	14%	111
Phosphorus (mg)	11%	78","Pasteurised Cow's Milk Fermented with Live Kefir Cultures†, † Includes: Bifidobacterium, Lactobacillus Acidophilus, Lactobacillus Casei, Lactobacillus Rhamnosus",https://www.sainsburys.co.uk/gol-ui/product/bio-tiful-kefir-milk-drink-500ml,,2024-08-19T18:26:25.391034-04:00
66-638-DAI,Seriously Spreadable Vintage Cheese 125g,Seriously,"Dairy, eggs & chilled",Dairy & eggs,Cheese,,£1.95,,,£15.60 / kg,7833957.0,Cheddar Cheese Spread.,,https://assets.sainsburys-groceries.co.uk/gol/7833957/1/640x640.jpg,"Nutrient	(per 100g)
Energy:	1021 kJ / 246 kcal
Fat:	20g
(of which saturates	14g)
Carbohydrate:	3.0g
(of which sugars	2.0g)
Protein:	13g
Salt:	1.9g
Calcium:	450mg (56% RI*)","Vintage Cheddar Cheese (Milk) (51%), Water, Skimmed Milk Powder, Butter (Milk), Emulsifying Salts (E331, E452, E450), Thickener (Pectin), Preservative (Potassium Sorbate)",https://www.sainsburys.co.uk/gol-ui/product/seriously-strong-vintage-cheese-spread-125g,,2024-08-20T14:42:44.452227-04:00
66-639-DAI,"Sainsbury's Raspberry Yogurt, Taste the Difference 150g",Sainsbury's,"Dairy, eggs & chilled",Dairy & eggs,Special offers,,95p,,80p,63p / 100g,6020110.0,Raspberry yogurt,,https://assets.sainsburys-groceries.co.uk/gol/6020110/1/640x640.jpg,,,https://www.sainsburys.co.uk/gol-ui/product/sainsburys-glen-ample-raspberry-west-country-yogurt--taste-the-difference-150g,,2024-08-20T14:43:01.187084-04:00
66-640-DAI,Sainsbury's Wensleydale Cheese with Cranberries 200g,Sainsbury's,"Dairy, eggs & chilled",Dairy & eggs,Cheese,,£2.65,,£2.25,£13.25 / kg,1132724.0,Wensleydale cheese with sweetened dried cranberries.,,https://assets.sainsburys-groceries.co.uk/gol/1132724/1/640x640.jpg,,,https://www.sainsburys.co.uk/gol-ui/product/sainsburys-wensleydale-with-cranberries-200g,,2024-08-20T14:43:18.171808-04:00
66-641-DAI,Benecol Buttery Spread 500g,Benecol,"Dairy, eggs & chilled",Dairy & eggs,"Butter, spreads & pastry",,£4.50,,,£9.00 / kg,7485240.0,Fat spread 59% 500g. With added plant stanols.,10 g,https://assets.sainsburys-groceries.co.uk/gol/7485240/1/640x640.jpg,"Nutrient	Per 100g	Per 10g serving		Per 100g	Per 10g serving		Per 100g	Per 10g serving
Energy	2206kJ/ 537 kcal	221kJ/ 54kcal
Fat of which	59g	5.9g
saturated	11g	1.1g
monounsaturated	34g	3.4g
polyunsaturated	15g	1.5g
Carbohydrates	0.8g	0g
of which sugars	0.8g	0g
Protein	<0.5g	0g
Salt	1.0g	0.10g
Vitamin A	900µg (113% RI)	90µg (11% RI)
Vitamin D3	7.5µg (150% RI)	0.75µg (15% RI)
Vitamin E	8.3mg (69% RI)	0.83mg (7% RI)
Omega-3	3.7g	0.4g
Plant Stanols	6.6g	0.7g","Rapeseed Oil, Water, Plant Stanol Ester (Plant Stanols 6.6g/100g), Responsibly sourced Palm Oil, Buttermilk Powder, Salt (1%), Emulsifiers (Mono and Diglycerides of Fatty Acids, Sunflower Lecithin), Natural Flavourings, Acidity Regulator (Citric Acid), Colour (Carotenes), Vitamin A, Vitamin D3",https://www.sainsburys.co.uk/gol-ui/product/benecol-buttery-spread-500g,,2024-08-20T14:43:32.561550-04:00
66-642-DAI,"Sainsbury's West Country Spanish Honey & Ginger Yogurt, Taste the Difference 150g",Sainsbury's,"Dairy, eggs & chilled",Dairy & eggs,Special offers,,95p,,80p,63p / 100g,7341467.0,Honey and ginger yogurt with crystallised ginger pieces,,https://assets.sainsburys-groceries.co.uk/gol/7341467/1/640x640.jpg,,,https://www.sainsburys.co.uk/gol-ui/product/sainsburys-lavender-honey---ginger-west-country-yogurt--taste-the-difference-150g,,2024-08-20T14:43:49.000682-04:00
66-643-DAI,Yeo Valley Organic Salted Butter 200g,Yeo,"Dairy, eggs & chilled",Dairy & eggs,"Butter, spreads & pastry",,£2.85,,£2.00,£14.25 / kg,8161462.0,Salted Butter,,https://assets.sainsburys-groceries.co.uk/gol/8161462/1/640x640.jpg,"Nutrient	Per 100g
Energy	3062kJ/ 745kcal
Fat	82g
of which saturates	52g
Carbohydrate	0.6g
of which sugars	0.6g
Protein	0.6g
Salt*	1.5g","Organic Unsalted Butter (Milk), Salt* (1.5%), Minimum Fat content 80%, *Non-organic ingredient",https://www.sainsburys.co.uk/gol-ui/product/yeo-valley-organic-salted-butter-200g,,2024-08-20T14:43:57.492331-04:00
66-644-DAI,Activia Prune Fusions Yogurt 4x120g,Activia,"Dairy, eggs & chilled",Dairy & eggs,Special offers,,£2.75,4 for £2.75,£2.00,57p / 100g,3260524.0,Yogurt with Prune Fruit Layer and Live Cultures,100 g,https://assets.sainsburys-groceries.co.uk/gol/3260524/1/640x640.jpg,"Nutrient	Per 100g	Per serving (120g)	% RI* (120g)		Per 100g	Per serving (120g)	% RI* (120g)
Energy (kJ/kcal)	414/ 99	497/ 119	6
Fat (g)	3.4	4.1	6
of which saturates (g)	2.4	2.9	14
Carbohydrate (g)	13	15	6
of which sugars (g)	12	14	16
Protein (g)	3.4	4.1	8
Salt (g)	0.12	0.15	2
Calcium (mg)	121 (15% RI*)	145	18","Yogurt with Sugar (80%) [Yogurt (Milk), Sugar], Prune Layer (20%) [Prune (10%), Sugar, Glucose-Fructose Syrup, Oligofructose, Modified Maize Starch, Acidity Regulator (Citric Acid), Stabiliser (Pectin), Flavouring], Cultures [Bifidobacterium Lactis (Bifidus ActiRegularis), Streptococcus Thermophilus, Lactobacillus Bulgaricus, Lactococcus Lactis]",https://www.sainsburys.co.uk/gol-ui/product/activia-bio-yogurt-prunes-fruit-layer-4x125g,4x120g,2024-08-20T14:44:06.342963-04:00
66-645-DAI,Sainsbury's Everyday Lactose Free Whole Dairy Drink 1l,Sainsbury's,Drinks,Dairy & eggs,Dairy free,1L,£1.35,,,£1.35 / ltr,8034208.0,High temperature pasteurised lactose free whole dairy drink,,https://assets.sainsburys-groceries.co.uk/gol/8034208/1/640x640.jpg,,,https://www.sainsburys.co.uk/gol-ui/product/sainsburys-whole-lactose-free-milk-1l,,2024-08-19T18:27:29.289053-04:00
66-646-DAI,Lindahls Kvarg Stracciatella with Chocolate Pieces Protein Yogurt 150g,Lindahls,"Dairy, eggs & chilled",Dairy & eggs,Special offers,,£1.25,,,83p / 100g,7999353.0,"Quark with Sweeteners, Chocolate Pieces and Vanilla Flavour.",,https://assets.sainsburys-groceries.co.uk/gol/7999353/1/640x640.jpg,,"Quark (from Milk) (93%), Water, Chocolate Pieces (0,5%) (Cocoa Butter, Cocoa Powder, Fat Reduced Cocoa Powder, Butter (from Milk), Sugar), Modified Maize Starch, Natural Vanilla Flavouring Lemon Juice Concentrate, Thickener: Pectin, Sweeteners (Aspartame, Acesulfame K), Acidity Regulator (Citric Acid, Calcium Citrate), Preservative: Potassium Sorbate",https://www.sainsburys.co.uk/gol-ui/product/lindahls-kvarg-stracciatella,,2024-08-20T14:44:19.790128-04:00
66-647-DAI,Attis Greek Feta 2x75g,Attis,"Dairy, eggs & chilled",Dairy & eggs,Cheese,,£2.35,2 for £2.35,,£15.67 / kg,8025046.0,Greek Feta Cheese,,https://assets.sainsburys-groceries.co.uk/gol/8025046/1/640x640.jpg,"Nutrient	per 100g
Energy kJ	1143
Energy kcal	276
Fat	23.0g
saturates	17.0g
Carbohydrate	0.7g
Sugars	0.7g
Proteins	16.5g
Salt	2.25g",Feta Cheese (Sheep and Goats' Milk),https://www.sainsburys.co.uk/gol-ui/product/attis-greek-feta-2x75g,2x75g,2024-08-20T14:44:33.388672-04:00
66-648-DAI,Müller Light Greek Style Coconut With A Hint Of Vanilla Yogurt 4x115g,Müller,"Dairy, eggs & chilled",Dairy & eggs,Special offers,,£2.50,4 for £2.50,£1.00,52p / 100g,7555645.0,Smooth Coconut and Vanilla Greek Style Fat Free Yogurt with Sweetener and Added Vitamins B6 & D X4,,https://assets.sainsburys-groceries.co.uk/gol/7555645/1/640x640.jpg,"Nutrient	per 100g		per 100g
Energy	265kJ (63kcal)
Fat	<0.5g
of which saturates	0.4g
Carbohydrate	7.6g
of which sugars	6.9g
Protein	6.3g
Salt	0.25g
Vitamin B6	0.61mg (50% of NRV per pot)
Vitamin D	2.18µg (50% of NRV per pot)
Calcium	183mg (26% of NRV per pot)","Yogurt (Milk), Water, Modified Maize Starch, Coconut Milk Powder (0.5%) (Coconut Milk, Maltodextrin, Sodium Caseinate (Milk)), Stabiliser: Pectins, Flavourings, Sweetener: Aspartame, Spent Ground Vanilla, Acidity Regulator: Citric Acid, Vitamin B6, Vitamin D",https://www.sainsburys.co.uk/gol-ui/product/m%C3%BCller-light-coconut-greek-style-yogurt-4x120g,4x115g,2024-08-20T14:44:41.268523-04:00
66-649-DAI,Sainsbury's Lactose Free Greek Style Yogurt 450g,Sainsbury's,"Dairy, eggs & chilled",Dairy & eggs,Dairy free,,£1.65,,,37p / 100g,7997262.0,Lactose Free Greek Style Natural Yogurt,,https://assets.sainsburys-groceries.co.uk/gol/7997262/1/640x640.jpg,,,https://www.sainsburys.co.uk/gol-ui/product/sainsburys-lactose-free-greek-style-natural-450g,,2024-08-20T14:45:02.599941-04:00
66-650-DAI,Rachel's Organic Greek Style Ginger Yogurt 450g,Rachel's,"Dairy, eggs & chilled",Dairy & eggs,Special offers,,£2.65,,£1.75,59p / 100g,7415962.0,Rachel's Organic Greek Style Ginger Naturally Bio-Live Yogurt 450g,,https://assets.sainsburys-groceries.co.uk/gol/7415962/1/640x640.jpg,"Nutrient	Per 100g
Energy	515kJ/ 123kcal
Fat	6.9g
of which saturates	4.3g
Carbohydrate	12.3g
of which sugars	12.1g
Protein	3.0g
Salt	0.1g","Organic Yogurt (from Milk), Organic Cream (from Milk), Organic Sugar, Organic Candied Ginger 3% (Ginger, Sugar), Organic Rice Starch, Thickener: Pectin",https://www.sainsburys.co.uk/gol-ui/product/rachels-organic-greek-style-ginger-yogurt-450g,,2024-08-20T14:45:11.475252-04:00
66-651-DAI,Wildlife Choobs Kids Strawberry Yoghurt Tubes 6x37g,Wildlife,"Dairy, eggs & chilled",Dairy & eggs,Yogurts,,£1.20,6 for £1.20,,54p / 100g,7099634.0,Strawberry Flavour yogurt,74 g,https://assets.sainsburys-groceries.co.uk/gol/7099634/1/640x640.jpg,"Nutrient	Per 100g	Per 74g serving (2 tubes)		Per 100g	Per 74g serving (2 tubes)
Energy	384kJ / 91kcal	284kJ / 67kcal
Fat	2.7g	2.0g
Of which Saturates	1.8g	1.3g
Carbohydrate	12.1g	9.0g
Of which Sugars	10.9g	8.1g
Fibre	<0.1g	<0.1g
Protein	3.7g	2.7g
Salt	0.15g	0.11g
Calcium	162mg (20% RI*)	120mg (15% RI*)
Vitamin D	3.4µg (68% RI*)	2.5µg (50% RI*)","Skimmed Milk, Sugar 7.2%, Cream (Milk), Skimmed Milk Powder, Modified Manioc and Maize Starch, Calcium Citrate, Natural Flavourings, Stabiliser: Guar Gum, Natural Flavouring, Acid: Citric Acid, Preservative: Potassium Sorbate, Lactic Cultures (Milk), Vitamin D",https://www.sainsburys.co.uk/gol-ui/product/yoplait-wildlife-choobs-strawberry-6x40g,6x37g,2024-08-20T14:45:24.778199-04:00
66-652-DAI,Yeo Valley Organic Fruity Favourites 4x110g,Yeo,"Dairy, eggs & chilled",Dairy & eggs,Special offers,,£2.50,4 for £2.50,£1.50,57p / 100g,7284682.0,Organic British Milk,,https://assets.sainsburys-groceries.co.uk/gol/7284682/1/640x640.jpg,"Nutrient	Per 100g		Per 100g
Energy	434kJ/ 103kcal
Fat	4.2g
of which saturates	2.5g
Carbohydrate	11.1g
of which sugars	11.1g
Protein	5.3g
Salt*	0.15g
Calcium	152mg†","Strawberry Yogurt: Organic Whole Milk Yogurt, Organic Strawberries (5%), Organic Sugar (4.9%), Organic Maize Starch, Natural Flavouring, Organic Concentrated Elderberry Juice, Organic Concentrated Lemon Juice, Raspberry Yogurt: Organic Whole Milk Yogurt, Organic Raspberries (5%), Organic Sugar (4.9%), Organic Maize Starch, Natural Flavouring, Organic Concentrated Elderberry Juice, Organic Concentrated Lemon Juice, Peach & Apricot Yogurt: Organic Whole Milk Yogurt, Organic Sugar (4.9%), Organic Peach (1.5%), Organic Apricot (1.5%), Organic Peach Purée (0.6%), Organic Apricot Purée (0.6%), Organic Maize Starch, Natural Flavourings, Organic Concentrated Lemon Juice, Blackcurrant Yogurt: Organic Whole Milk Yogurt, Organic Blackcurrant (5%), Organic Sugar (5%), Organic Maize Starch, Natural Flavouring, Organic Concentrated Lemon Juice, Contains the following Live Cultures: Bifidobacterium, Lactobacillus Acidophilus, Streptococcus Thermophilus",https://www.sainsburys.co.uk/gol-ui/product/yeo-valley-organic-fruity-favourites-yogurts-4x120g,4x110g,2024-08-20T14:45:34.046961-04:00
66-653-DAI,Sainsbury's Strawberry Milkshake 1L,Sainsbury's,Drinks,Dairy & eggs,Milk,1L,89p,,,9p / 100ml,6290851.0,High temperature pasteurised strawberry flavoured British 1% fat milk drink.,,https://assets.sainsburys-groceries.co.uk/gol/6290851/1/640x640.jpg,,,https://www.sainsburys.co.uk/gol-ui/product/sainsburys-fresh-strawberry-flavoured-milk-1l,,2024-08-19T18:27:08.193460-04:00
66-654-DAI,Castello Creamy Blue Cheese 150g,Castello,"Dairy, eggs & chilled",Dairy & eggs,Cheese,,£2.80,,£2.00,£18.67 / kg,6877549.0,Blue mould full fat soft cheese,,https://assets.sainsburys-groceries.co.uk/gol/6877549/1/640x640.jpg,"Nutrient	per 100 g:
Energy	1779 kJ / 431 kcal
Fat	42 g
of which saturates	27 g
Carbohydrate	<0.5 g
of which sugars	<0.5 g
Protein	13 g
Salt	1.6 g",,https://www.sainsburys.co.uk/gol-ui/product/castello-blue-150g,,2024-08-20T14:45:50.143144-04:00
66-655-DAI,Cadbury Dairy Milk Layers of Joy Chocolate Trifle 2x90,Cadbury,"Dairy, eggs & chilled",Dairy & eggs,Special offers,,£1.75,2 for £1.75,£1.50,97p / 100g,7261714.0,"2 x Individual Trifles with Layers of Cadbury Milk Chocolate Dessert, Cadbury Milk Chocolate Mousse and a Chocolate Chip Cookie, Topped with Stabilised Cream.",,https://assets.sainsburys-groceries.co.uk/gol/7261714/1/640x640.jpg,"Nutrient	Per 100g	Per 90g pot	%* Per pot
Energy kJ	1065	960	-
Energy kcal	260	235	12%
Fat g	15.3	13.8	20%
of which saturates g	10.0	9.0	45%
Carbohydrate g	22.5	20.2	8%
of which sugars g	18.7	16.8	19%
Fibre g	0.7	0.6	-
Protein g	4.8	4.3	9%
Salt g	0.25	0.23	4%","Water, Cream, Concentrated Skimmed Milk, Chocolate Chip Cookie (10%) (Wheat Flour (with added Calcium, Iron, Niacin and Thiamin), Sugar, Vegetable Margarine (Vegetable Oils (Palm, Rapeseed), Salt, Emulsifier (E475), Colours (Curcumin, Annatto)), Rice Flour, Dried Glucose Syrup, Treacle, Chocolate Chips (Sugar, Cocoa Mass, Cocoa Butter, Emulsifier (Soya Lecithin), Flavouring), Cocoa Powder), Sugar, Milk Chocolate (8%) (Milk, Sugar, Cocoa Butter, Cocoa Mass, Vegetable Fats (Palm, Shea), Emulsifier (E442), Flavourings), Fat Reduced Cocoa Powder, Dried Buttermilk, Palm Oil, Dextrose, Pork Gelatine, Modified Maize Starch, Emulsifiers (E472b, E471), Maltodextrin, Stabilisers (Pectin, E450, E412, E401, E410, E415), Dried Whey (from Milk), Dried Glucose Syrup, Salt, Acidity Regulator (Sodium Citrates)",https://www.sainsburys.co.uk/gol-ui/product/cadbury-trifle-twin-pack,,2024-08-20T14:45:58.279264-04:00
66-656-DAI,Arla Big Filtered Milk Vitamin Enriched Whole Milk for Kids 1+ 2L,Arla,Drinks,Baby milk & drinks,All baby milk & drinks,2L,£2.50,,,£1.25 / ltr,7752346.0,"Fresh whole milk enriched with Iron, Vitamin A and Vitamin D, Homogenised, pasteurised, standardised and filtered.",,https://assets.sainsburys-groceries.co.uk/gol/7752346/1/640x640.jpg,"Nutrient	Per 100ml		Per 100ml
Energy	273kJ/ 65kcal
Fat	3.6g
of which saturates	2.3g
Carbohydrate	4.7g
of which sugars	4.7g
Protein	3.4g
Salt	0.1g
Vitamin A	78.0µg (9% RI*)
Vitamin D	2.2µg (44% RI*)
Calcium	122mg (15% RI*)
Iron	1.2mg (8% RI*)","Whole Milk, Iron, Vitamin A, Vitamin D",https://www.sainsburys.co.uk/gol-ui/product/arla-big-milk-2l,,2024-08-19T18:28:03.901999-04:00
66-657-DAI,Sainsbury's Greek Style Low Fat Natural Yogurt 500g,Sainsbury's,"Dairy, eggs & chilled",Dairy & eggs,Yogurts,,£1.10,,,22p / 100g,6325939.0,Low fat Greek style natural yogurt,,https://assets.sainsburys-groceries.co.uk/gol/6325939/1/640x640.jpg,,,https://www.sainsburys.co.uk/gol-ui/product/sainsburys-natural-greek-style-yogurt--be-good-to-yourself-500g,,2024-08-20T14:46:20.093978-04:00
66-658-DAI,Oykos Salted Caramel Luxury Greek Style Yogurt 4x110g,Oykos,"Dairy, eggs & chilled",Dairy & eggs,Yogurts,,£2.00,4 for £2.00,,45p / 100g,8080459.0,Creamy yogurt with a salted caramel layer,100 g,https://assets.sainsburys-groceries.co.uk/gol/8080459/1/640x640.jpg,"Nutrient	Per 100g	Per serving (110g)	%RI* 110g
Energy kJ	640	704	-
kcal	153	168	8
Fat (g)	8.6	9.5	14
of which saturates (g)	5.6	6.2	31
Carbohydrate (g)	16	18	7
of which sugars (g)	16	17	19
Fibre (g)	0.1	0.1	-
Protein (g)	2.6	2.9	6
Salt (g)	0.22	0.24	4","Yogurt (Milk), Sugar, Water, Toffee (2.7%) (Glucose-Fructose Syrup, Sugar, Sweetened Condensed Milk, Water), Caramel (0.7%) (Sugar, Water), Modified Maize Starch, Butter (Milk), Salt, Thickener (Carrageenan), Flavour, Emulsifier (Monoglyceride of Fatty Acids), Colour (Caramel), Acidity Regulator (Lactic Acid)",https://www.sainsburys.co.uk/gol-ui/product/oykos-salted-caramel-greek-style-yogurt-4x110g,4x110g,2024-08-20T14:46:33.913104-04:00
66-659-DAI,Purely Organic Free Range Eggs x10 540g,Purely,"Dairy, eggs & chilled",Dairy & eggs,Eggs,,£5.05,,,51p / ea,8008511.0,Organic,,https://assets.sainsburys-groceries.co.uk/gol/8008511/1/640x640.jpg,"Nutrient	Per 100g
Energy	547kJ/ 131kcal
Fat	9.0g
of which saturates	2.5g
Carbohydrate	<0.5g
of which sugars	<0.5g
Protein	12.6g
Salt	0.4g",,https://www.sainsburys.co.uk/gol-ui/product/purely-orangic-mixed-weight-eggs-x10,,2024-08-20T14:46:55.662564-04:00
66-660-DAI,Sainsbury's British Extra Thick Double Fresh Cream 300ml,Sainsbury's,"Dairy, eggs & chilled",Dairy & eggs,Cream,300ML,£1.50,,,50p / 100ml,6615203.0,Pasteurised British extra thick double cream,,https://assets.sainsburys-groceries.co.uk/gol/6615203/1/640x640.jpg,,,https://www.sainsburys.co.uk/gol-ui/product/sainsburys-extra-thick-double-cream-300ml,,2024-08-20T14:47:17.421163-04:00
66-661-DAI,Yeo Valley Organic Natural Yogurt 150g,Yeo,"Dairy, eggs & chilled",Dairy & eggs,Yogurts,,85p,,,57p / 100g,6027546.0,Natural Yogurt,,https://assets.sainsburys-groceries.co.uk/gol/6027546/1/640x640.jpg,"Nutrient	Per 100g		Per 100g
Energy	298kJ / 72kcal
Fat	3.8g
of which saturates	2.5g
Carbohydrate	4.9g
of which sugars	4.9g
Protein	4.2g
Salt*	0.12g
Calcium	166mg†","No added ingredients, Contains the Following Live Cultures: Bifidobacterium, Lactobacillus Acidophilus, Streptococcus Thermophilus",https://www.sainsburys.co.uk/gol-ui/product/yeo-valley-organic-natural-yogurt-150g,,2024-08-20T14:47:32.313715-04:00
66-662-DAI,Sainsbury's Somerset Brie Cheese 160g,Sainsbury's,"Dairy, eggs & chilled",Dairy & eggs,Cheese,,£2.25,,,£14.06 / kg,7079990.0,Somerset Brie,,https://assets.sainsburys-groceries.co.uk/gol/7079990/1/640x640.jpg,,,https://www.sainsburys.co.uk/gol-ui/product/sainsburys-somerset-brie-160g,,2024-08-20T14:47:53.875440-04:00
66-663-DAI,Sainsbury's Abergavenny Goats Cheese 125g,Sainsbury's,"Dairy, eggs & chilled",Dairy & eggs,Cheese,,£2.40,,,£19.20 / kg,6289037.0,Full fat soft goats' milk cheese,,https://assets.sainsburys-groceries.co.uk/gol/6289037/1/640x640.jpg,,,https://www.sainsburys.co.uk/gol-ui/product/sainsburys-abergavenny-goats-cheese-125g,,2024-08-20T14:48:15.165141-04:00
66-664-DAI,Yeo Valley Organic Greek Style Natural Yogurt 950g,Yeo,"Dairy, eggs & chilled",Dairy & eggs,Yogurts,,£3.85,,,41p / 100g,8145056.0,Greek Style Natural Yogurt,,https://assets.sainsburys-groceries.co.uk/gol/8145056/1/640x640.jpg,"Nutrient	Per 100g		Per 100g
Energy	511kJ/ 123kcal
Fat	9.4g
of which saturates	6.1g
Carbohydrate	4.7g
of which sugars	4.7g
Protein	4.3g
Salt*	0.11g
Calcium	152mg†","Contains the following Live Cultures: Bifidobacterium, Lactobacillus Bulgaricus, Streptococcus Thermophilus",https://www.sainsburys.co.uk/gol-ui/product/yeo-valley-organic-greek-style-natural-yogurt-950g,,2024-08-20T14:48:28.358925-04:00
66-665-DAI,Yeo Valley Organic Free Range Whole Milk 1L,Yeo,Drinks,Dairy & eggs,Milk,1L,£1.60,,,£1.60 / ltr,6770697.0,"Pasteurised, Homogenised, Organic Whole Milk",,https://assets.sainsburys-groceries.co.uk/gol/6770697/1/640x640.jpg,"Nutrient	Per 100ml		Per 100ml
Energy	283kJ/ 66kcal
Fat	3.5g
of which saturates	2.6g
Carbohydrate	4.7g
of which sugars	4.7g
Protein	3.3g
Salt	0.10g
Calcium (mg)	122 (15.3% RI†)",,https://www.sainsburys.co.uk/gol-ui/product/yeo-valley-organic-whole-milk-1l,,2024-08-19T18:27:50.727557-04:00
66-666-DAI,"Light & Free Rasberry Greek Style 0% Added Sugar, Fat Free Yogurt 4x115g",Light,"Dairy, eggs & chilled",Dairy & eggs,Special offers,,£2.50,4 for £2.50,£1.50,54p / 100g,7803340.0,Fat free yogurt with fruit and sweeteners,,https://assets.sainsburys-groceries.co.uk/gol/7803340/1/640x640.jpg,,"Yogurt (Milk), Raspberry (10%), Oligofructose (Fibre), Starches (Potato, Tapioca), Modified Maize Starch, Stabilisers (Pectin, Guar Gum), Acidity Regulators (Sodium Citrate, Lactic Acid, Calcium Citrate), Flavourings, Grape Concentrate, Sweeteners (Acesulfame K, Sucralose), Vitamin D",https://www.sainsburys.co.uk/gol-ui/product/danone-light---free-raspberry-4x115g,4x115g,2024-08-20T14:48:36.287494-04:00
66-667-DAI,Yakult Balance 8x65ml,Yakult,"Dairy, eggs & chilled",Dairy & eggs,Yogurts,65ML,£3.75,8 for £3.75,,72p / 100ml,8149915.0,Fermented skimmed milk drink with L. casei Shirota bacteria and vitamins D & E. With sugars and sweeteners. With a refreshing lemon flavour.,,https://assets.sainsburys-groceries.co.uk/gol/8149915/1/640x640.jpg,"Nutrient	per 100 ml	per bottle 65 ml		per 100 ml	per bottle 65 ml
Energy	171 kJ / 41 kcal	111 kJ / 27 kcal
Fat	0 g	0 g
of which saturates	0 g	0 g
Carbohydrate	13.5 g	8.8 g
of which sugars	4.4 g	2.9 g
Protein	1.3 g	0.8 g
Salt	0.04 g	0.03 g
Vitamin D	1.15 µg (23%****)	0.75 µg (15%****)
Vitamin E	2.77 mg (23%****)	1.80 µg (15%****)","Water, Skimmed Milk (Reconstituted), Sweetener: Maltitol Syrup, Glucose-Fructose Syrup, Thickener: Polydextrose, Flavourings, Sweetener: Steviol Glycosides from Stevia, Vitamin E, Vitamin D, Contains L. Casei Shirota Bacteria",https://www.sainsburys.co.uk/gol-ui/product/yakult-light-8x65ml,8x65ml,2024-08-20T14:48:50.808312-04:00
66-668-DAI,Philadelphia Original Soft Cheese Mini Tubs 140g,Philadelphia,"Dairy, eggs & chilled",Dairy & eggs,Cheese,,£1.95,,£1.25,£13.93 / kg,7774214.0,Full fat soft cheese.,,https://assets.sainsburys-groceries.co.uk/gol/7774214/1/640x640.jpg,"Nutrient	Per 100 g:	Per Portion (35 g):
Energy	933 kJ / 226 kcal	327 kJ / 79 kcal
Fat	21 g	7.2 g
of which Saturates	14 g	4.8 g
Carbohydrate	4.3 g	1.5 g
of which Sugars	4.3 g	1.5 g
Fibre	0.2 g	< 0.1 g
Protein	5.4 g	1.9 g
Salt	0.75 g	0.26 g","Full Fat Soft Cheese, Salt, Stabiliser (Guar Gum), Acid (Citric Acid)",https://www.sainsburys.co.uk/gol-ui/product/philadelphia-mini-tub-original-140g,,2024-08-20T14:48:59.329913-04:00
66-669-DAI,Oykos Raspberry Luxury Greek Style Yogurt 4x110g,Oykos,"Dairy, eggs & chilled",Dairy & eggs,Yogurts,,£2.00,4 for £2.00,,45p / 100g,8126294.0,Creamy yogurt with a fruit layer,100 g,https://assets.sainsburys-groceries.co.uk/gol/8126294/1/640x640.jpg,"Nutrient	per 100g	per serving (110g)	%RI* per 110g
Energy kJ	592	651	8
Energy kcal	142	156	8
Fat (g)	8.2	9.0	13
of which saturates (g)	5.3	6.0	30
Carbohydrate (g)	13.9	15.3	6
of which sugars (g)	13.4	14.7	16
Fibre (g)	0.5	0.6	-
Protein (g)	2.7	3.0	6
Salt (g)	0.12	0.13	2","Yogurt (Milk), Raspberry (10%), Sugar (9.4%), Modified Maize Starch, Purple Carrot Juice Concentrate, Natural Raspberry Flavour, Thickeners (Carrageenan, Guar Gum), Acidity Regulator (Sodium Citrate)",https://www.sainsburys.co.uk/gol-ui/product/oykos-raspberry-greek-style-yogurt-4x110g,4x110g,2024-08-20T14:49:13.542673-04:00
66-670-DAI,Sainsbury's Fruit Fool Gooseberry 114g,Sainsbury's,"Dairy, eggs & chilled",Dairy & eggs,Yogurts,,95p,,,83p / 100g,342124.0,"Gooseberry fool made with a blend of gooseberry compote, yogurt and cream",,https://assets.sainsburys-groceries.co.uk/gol/342124/1/640x640.jpg,,,https://www.sainsburys.co.uk/gol-ui/product/sainsburys-gooseberry-fool-113g,,2024-08-20T14:49:34.850732-04:00
66-671-DAI,Sainsbury's Shaved Parmesan Cheese 80g,Sainsbury's,"Dairy, eggs & chilled",Dairy & eggs,Cheese,,£1.80,,,£22.50 / kg,1304473.0,Shaved Italian Parmigiano Reggiano DOP medium fat hard Cheese,,https://assets.sainsburys-groceries.co.uk/gol/1304473/1/640x640.jpg,,,https://www.sainsburys.co.uk/gol-ui/product/sainsburys-shaved-parmesan-80g,,2024-08-20T14:49:56.456622-04:00
66-672-DAI,Alpro Plain Coconut Plant Based Soya Yoghurt Alternative 500g,Alpro,"Dairy, eggs & chilled",Dairy & eggs,Dairy free,,£2.10,,,42p / 100g,7740228.0,"Fermented soya product with coconut, added calcium and vitamins.",,https://assets.sainsburys-groceries.co.uk/gol/7740228/1/640x640.jpg,"Nutrient	per 100g		per 100g
Energy	230 kJ / 55 kcal
Fat	2.9 g
of which Saturates	1.1 g
Carbohydrate	2.4 g
of which Sugars	2.3 g
Fibre	0.9 g
Protein	3.9 g
Salt	0.24 g
- D2	0.75 µg*
- B12	0.38 µg*
- Calcium	120 mg*","Soya Base (92.7%) (Water, Hulled Soya Beans (10.4%)), Coconut Milk (7.1%) (Coconut Cream, Water), Sugar, Calcium (Tri-Calciumcitrate), Acidity Regulators (Sodium Citrates, Citric Acid), Stabiliser (Pectins), Natural Flavourings, Sea Salt, Antioxidants (Tocopherol-Rich Extract, Fatty Acid Esters of Ascorbic Acid), Vitamins B12, D2, Live Cultures (S. Thermophilus, L. Bulgaricus)",https://www.sainsburys.co.uk/gol-ui/product/alpro-yogurt-alternative-coconut-yogurt-500g,,2024-08-20T14:50:11.009362-04:00
66-673-DAI,Philadelphia Light Soft Cheese 165g,Philadelphia,"Dairy, eggs & chilled",Dairy & eggs,Cheese,,£2.20,,,£13.33 / kg,7708694.0,Medium fat soft cheese.,,https://assets.sainsburys-groceries.co.uk/gol/7708694/1/640x640.jpg,,"Medium Fat Soft Cheese, Salt, Stabilisers (Guar Gum, Carrageenan), Acid (Citric Acid)",https://www.sainsburys.co.uk/gol-ui/product/philadelphia-light-180g,,2024-08-20T14:50:25.391764-04:00
66-674-DAI,ProActiv Light Spread 450g,ProActiv,"Dairy, eggs & chilled",Dairy & eggs,"Butter, spreads & pastry",,£4.50,,£3.50,£10.00 / kg,3622711.0,35% vegetable fat spread with added plant sterols,,https://assets.sainsburys-groceries.co.uk/gol/3622711/1/640x640.jpg,"Nutrient	Per 100g		Per 100g		Per 100g
Energy	1294 kJ / 314 kcal
Fat	35 g
of which saturated fatty acids	7.6 g
mono-unsaturated fatty acids	17 g
poly-unsaturated fatty acids	10 g
Carbohydrate	<0.5 g
of which sugars	<0.5 g
Protein	<0.5 g
Salt	0.8 g
Vitamin A	800 µg (100%¹)
Vitamin D	7.5 µg (150%¹)
Omega 6 / linoleic acid	8.2 g
Omega 3 / alpha-linolenic acid	2.1 g
Climate impact (CO²-eq per 100g)	0.31 kg","Water, Vegetable Oils (Rapeseed, Sunflower, Linseed), Plant Sterol Esters 9% (Equivalent to 5.4% Plant Sterols), Coconut Fat, Salt (0.8%), Emulsifier: Lecithin, Natural Flavourings, Vitamin A and D",https://www.sainsburys.co.uk/gol-ui/product/flora-pro-activ-light-450g,,2024-08-20T14:50:33.594956-04:00
66-675-DAI,Rachel's Organic Greek Style Honey Yogurt 450g,Rachel's,"Dairy, eggs & chilled",Dairy & eggs,Special offers,,£2.65,,£1.75,59p / 100g,3499184.0,Organic Greek Style Honey Bio Live Yogurt,,https://assets.sainsburys-groceries.co.uk/gol/3499184/1/640x640.jpg,"Nutrient	Per 100g
Energy	517kJ/ 124kcal
Fat	7.1g
of which saturates	4.5g
Carbohydrate	12.0g
of which sugars	11.3g
Protein	3.1g
Salt	0.1g","Organic Yogurt (Milk), Organic Cream (Milk), Water, Organic Honey 5%, Organic Sugar, Organic Starch, Natural Honey Flavouring, Organic Lemon Juice Concentrate",https://www.sainsburys.co.uk/gol-ui/product/rachels-organic-live-wholemilk-greek-yogurt-with-honey-450g,,2024-08-20T14:50:42.094744-04:00
66-676-DAI,Arla Salted Caramel Protein Yogurt 200g,Arla,"Dairy, eggs & chilled",Dairy & eggs,Special offers,,£1.10,,,55p / 100g,8144555.0,Salted Caramel Flavoured Strained Yogurt.,,https://assets.sainsburys-groceries.co.uk/gol/8144555/1/640x640.jpg,"Nutrient	Per 100 g
Energy	329 kJ/ 78 kcal
Fat	0.6 g
of which saturates	0.4 g
Carbohydrate	7.3 g
of which sugars	6.8 g
Protein	10 g
Salt	0.20 g","Lactose Free Skyr (Yogurt (Milk)), White Grape Juice Concentrate, Sugar, Concentrated Butter (Milk), Waxy Maize Starch, Burnt Sugar Syrup, Salt, Natural Flavouring, Steviol Glycosides from Stevia, Lemon Juice Concentrate, Lactase Enzymes",https://www.sainsburys.co.uk/gol-ui/product/arla-protein-salted-caramel-yogurt-200g,,2024-08-20T14:50:55.786628-04:00
66-677-DAI,"Sainsbury's Grana Padano Riserva Cheese, Taste the Difference 150g",Sainsbury's,"Dairy, eggs & chilled",Dairy & eggs,Cheese,,£3.75,,,£25.00 / kg,7703425.0,"Grana Padano D.O.P. Riserva Italian hard cheese made with unpasteurised milk, matured over 20 months",,https://assets.sainsburys-groceries.co.uk/gol/7703425/1/640x640.jpg,,,https://www.sainsburys.co.uk/gol-ui/product/sainsburys-grana-padano-riserva--taste-the-difference-150g,,2024-08-20T14:51:17.745072-04:00
66-678-DAI,Lindahls Kvarg White Chocolate Protein Yogurt 150g,Lindahls,"Dairy, eggs & chilled",Dairy & eggs,Special offers,,£1.25,,,83p / 100g,8034921.0,White Chocolate Flavour Fat Free Quark with Sweeteners.,,https://assets.sainsburys-groceries.co.uk/gol/8034921/1/640x640.jpg,,"Quark (from Milk) 93%, Water, Modified Maize Starch, Flavourings, Butter (from Milk), Sweetener (Acesulfame K, Aspartame), Acidity Regulator: Lactic Acid, Colour: Carotenes",https://www.sainsburys.co.uk/gol-ui/product/lindahls-kvarg-white-chocolate-150g,,2024-08-20T14:51:31.538670-04:00
66-679-DAI,Bonne Maman Chocolate Mousse 2x70g,Bonne,"Dairy, eggs & chilled",Dairy & eggs,Yogurts,,£2.20,2 for £2.20,,£1.57 / 100g,7933481.0,Milk chocolate mousse.,,https://assets.sainsburys-groceries.co.uk/gol/7933481/1/640x640.jpg,"Nutrient	per 100g
Energy	1228 kJ/ 295 kcal
Fat	22.7 g
of which saturates	14.1 g
Carbohydrates	18.8 g
of which sugars	18.1 g
Fibre	0.8 g
Protein	3.6 g
Salt	0.1 g","Cream (42%), Whole Milk, Milk Chocolate (Sugar, Whole Milk Powder, Cocoa Butter, Cocoa Mass, Emulsifier: Sunflower Lecithin, Natural Vanilla Flavouring), Sugar, Cocoa Powder, Skim Milk Powder, Pork Gelatine, Fat Reduced Cocoa Powder, Gelling Agent (Fruit Pectin)",https://www.sainsburys.co.uk/gol-ui/product/bonne-maman-chocolate-mousse-2x70g,2x70g,2024-08-20T14:51:45.564233-04:00
66-680-DAI,Bonne Maman Crème Caramel 4x100g,Bonne,"Dairy, eggs & chilled",Dairy & eggs,Special offers,,£3.20,4 for £3.20,£2.20,80p / 100g,7481928.0,Baked crème caramel.,,https://assets.sainsburys-groceries.co.uk/gol/7481928/1/640x640.jpg,"Nutrient	per 100g
Energy	730 kJ/ 174 kcal
Fat	8,6 g
of which saturates	4,7 g
Carbohydrates	20 g
of which sugars	19 g
Fibre	0 g
Protein	4,2 g
Salt	0,11 g","Whole Milk, Cream (Milk) 12,9%, Caramel (Sugar, Water, Starch) 11%, Whole Egg 9,8%, Sugar, Egg Yolk 7,1%",https://www.sainsburys.co.uk/gol-ui/product/bonne-maman-cr%C3%A8me-caramel-4x100g,4x100g,2024-08-20T14:51:53.548787-04:00
66-681-DAI,Yeo Valley Organic Natural Yogurt 4x110g,Yeo,"Dairy, eggs & chilled",Dairy & eggs,Yogurts,,£2.50,4 for £2.50,,57p / 100g,7749531.0,Natural Yogurt,,https://assets.sainsburys-groceries.co.uk/gol/7749531/1/640x640.jpg,"Nutrient	Per 100g		Per 100g
Energy	298kJ/ 72kcal
Fat	3.8g
of which saturates	2.5g
Carbohydrate	4.9g
of which sugars	4.9g
Protein	4.2g
Salt*	0.12g
Calcium	166mg†","This Yogurt contains only Milk's naturally occurring Sugar (Lactose), Contains the following Live Cultures: Bifidobacterium, Lactobacillus Acidophilus, Streptococcus Thermophilus",https://www.sainsburys.co.uk/gol-ui/product/yeo-valley-organic-natural-yogurt-4x120g,4x110g,2024-08-20T14:52:08.995308-04:00
66-682-DAI,Yeo Valley Organic Free Range Semi Skimmed Milk 1L,Yeo,Drinks,Dairy & eggs,Milk,1L,£1.60,,,£1.60 / ltr,6770710.0,"Pasteurised, Homogenised, Organic Semi-Skimmed Milk",,https://assets.sainsburys-groceries.co.uk/gol/6770710/1/640x640.jpg,"Nutrient	Per 100ml		Per 100ml
Energy	202kJ / 48kcal
Fat	1.6g
of which saturates	1.0g
Carbohydrate	5.0g
of which sugars	5.0g
Protein	3.4g
Salt	0.15g
Calcium (mg)	124 (15.5% RI†)",,https://www.sainsburys.co.uk/gol-ui/product/yeo-valley-organic-semi-skimmed-milk-1l,,2024-08-19T18:28:25.300110-04:00
66-683-DAI,Sainsbury's Emmental Cheese 250g,Sainsbury's,"Dairy, eggs & chilled",Dairy & eggs,Cheese,,£2.50,,,£10.00 / kg,7281033.0,Full fat Emmental cheese,,https://assets.sainsburys-groceries.co.uk/gol/7281033/1/640x640.jpg,,,https://www.sainsburys.co.uk/gol-ui/product/sainsburys-emmental-250g,,2024-08-20T14:52:30.665969-04:00
66-684-DAI,Anchor Unsalted Butter 200g,Anchor,"Dairy, eggs & chilled",Dairy & eggs,"Butter, spreads & pastry",,£2.00,,,£10.00 / kg,8156813.0,Unsalted Butter. Minimum fat content 80%,,https://assets.sainsburys-groceries.co.uk/gol/8156813/1/640x640.jpg,"Nutrient	Per 100g
Energy	3059kJ/ 744kcal
Fat	82g
of which saturates	52g
Carbohydrate	0.6g
of which sugars	0.6g
Protein	0.6g
Salt	0.1g",,https://www.sainsburys.co.uk/gol-ui/product/anchor-unsalted-butter-200g,,2024-08-20T14:52:52.245371-04:00
66-685-DAI,Actimel Blueberry Cultured Yogurt Drink 8x100g,Actimel,Drinks,Dairy & eggs,Special offers,,£3.75,8 for £3.75,£2.50,47p / 100g,6489522.0,"Yogurt drink with L. Casei Danone cultures, vitamin B6 and D, and blueberry.",,https://assets.sainsburys-groceries.co.uk/gol/6489522/1/640x640.jpg,"Nutrient	Per 100 g	% RI*		Per 100 g	% RI*
Energy	311 kJ/ 74 kcal	4
Fat	1.5 g	2
of which saturates	1.0 g	5
Carbohydrate	11 g	4
of which sugars	11 g	12
Fibre	1.1 g	-
Protein	2.8 g	6
Salt	0.11 g	2
Calcium (% RI*)	120 mg	15
Vit D	1.67 µg	33
Vitamin B6	0.21 mg	15","Yogurt (Milk), Skimmed Milk, Sugar / Liquid Sugar, Oligofructose (Fibre), Blueberry Purée (1.2%), Blackberry Purée (1.1%), Dextrose, Modified Starch, Milk Minerals, Flavourings, Acidity Regulators (Citric Acid, Sodium Citrate), Lactobacillus Casei (L. Casei Danone®), Vitamins (B6,D)",https://www.sainsburys.co.uk/gol-ui/product/actimel-blueberry-yogurt-8x100g,8x100g,2024-08-19T19:54:14.945098-04:00
66-686-DAI,Utterly Butterly Spread Alternative to Butter 500g,Utterly,"Dairy, eggs & chilled",Dairy & eggs,"Butter, spreads & pastry",,£1.50,,£1.25,£3.00 / kg,8080527.0,42% Vegetable fat spread,10 g,https://assets.sainsburys-groceries.co.uk/gol/8080527/1/640x640.jpg,"Nutrient	per 100g	per 10g serving
Energy	1558kJ / 379kcal	156kJ / 38kcal
Fat	42g	4.2g
of which saturates	11.6g	1.2g
of which mono-unsaturates	20.4g	2g
of which polyunsaturates	8.3g	0.8g
Carbohydrate	0.2g	0g
of which sugars	0.2g	0g
Protein	0.1g	0g
Salt	1.33g	0.1g","Water, Vegetable Oils in varying proportions (Rapeseed, Sustainable Palm, Sunflower), Buttermilk, Salt, Emulsifiers (E471, Lecithins), Preservative (Potassium Sorbate), Acid (Lactic Acid), Colours (Curcumin, Annatto Bixin), Flavouring",https://www.sainsburys.co.uk/gol-ui/product/utterly-butterly-spread-500g,,2024-08-20T14:53:01.898423-04:00
66-687-DAI,Lurpak Slightly Salted Spreadable Blend of Butter & Rapeseed Oil 250g,Lurpak,"Dairy, eggs & chilled",Dairy & eggs,"Butter, spreads & pastry",,£2.90,,,£11.60 / kg,2934945.0,Blended Spread 75% (52% milk fat & 23% rapeseed oil).,,https://assets.sainsburys-groceries.co.uk/gol/2934945/1/640x640.jpg,"Nutrient	per 100 g:
Energy	2793 kJ/ 679 kcal
Fat	75 g
of which saturates	35 g
Carbohydrate	0.6 g
of which sugars	0.6 g
Protein	0.5 g
Salt	0.90 g","Butter (64%) (Milk), Rapeseed Oil, Water, Lactic Culture (Milk), Salt",https://www.sainsburys.co.uk/gol-ui/product/lurpak-spreadable--slightly-salted-250g,,2024-08-20T14:53:15.020154-04:00
66-688-DAI,"Light & Free Strawberry Greek Style 0% Added Sugar, Fat Free Yogurt 4x115g",Light,"Dairy, eggs & chilled",Dairy & eggs,Special offers,,£2.50,4 for £2.50,£1.50,54p / 100g,7803332.0,Fat free yogurt with fruit and sweeteners,,https://assets.sainsburys-groceries.co.uk/gol/7803332/1/640x640.jpg,,"Yogurt (Milk), Strawberry (12%), Oligofructose (Fibre), Starches (Potato, Tapioca), Modified Maize Starch, Stabiliser (Pectin, Carrageenan), Flavourings, Acidity Regulators (Calcium Citrate, Sodium Citrate, Lactic Acid), Black Carrot Juice Concentrate, Sweeteners (Acesulfame K, Sucralose), Vitamin D",https://www.sainsburys.co.uk/gol-ui/product/danone-light---free-strawberry-4x115g,4x115g,2024-08-20T14:53:22.888532-04:00
66-689-DAI,Sainsbury's Mozzarella Cheese Pearls 125g,Sainsbury's,"Dairy, eggs & chilled",Dairy & eggs,Cheese,,£1.70,,,£13.60 / kg,7907831.0,Mozzarella cheese,,https://assets.sainsburys-groceries.co.uk/gol/7907831/1/640x640.jpg,,,https://www.sainsburys.co.uk/gol-ui/product/sainsburys-mozzarella-cheese-pearls-125g,,2024-08-20T14:53:44.709629-04:00
66-690-DAI,Müller Light Greek Style Sublime Strawberry Yogurt 4x115g,Müller,"Dairy, eggs & chilled",Dairy & eggs,Special offers,,£2.50,4 for £2.50,£1.00,54p / 100g,7612199.0,Strawberry Greek Style Fat Free Yogurt with Sweetener and Added Vitamins B6 & D,,https://assets.sainsburys-groceries.co.uk/gol/7612199/1/640x640.jpg,"Nutrient	per 100g		per 100g
Energy	262kJ (62kcal)
Fat	<0.5g
of which saturates	0.1g
Carbohydrate	8.0g
of which sugars	7.4g
Protein	6.3g
Salt	0.25g
Vitamin B6	0.61mg (50% of NRV per pot)
Vitamin D	2.18µg (50% of NRV per pot)
Calcium	183mg (26% of NRV per pot)","Yogurt (Milk), Water, Strawberries (7%), Modified Maize Starch, Stabiliser: Pectins, Colouring Food: Beetroot Juice Concentrate, Flavourings, Sweetener: Aspartame, Acidity Regulator: Citric Acid, Vitamin B6, Vitamin D",https://www.sainsburys.co.uk/gol-ui/product/m%C3%BCller-light-strawberry-greek-style-yogurt-4x120g,4x115g,2024-08-20T14:53:52.811776-04:00
66-691-DAI,Alpro Soya Milk Long Life Dairy Alternative 1L,Alpro,Drinks,Dairy & eggs,Dairy free,1L,£2.10,,,£2.10 / ltr,2654737.0,"Soya drink with added calcium, iodine and vitamins.",,https://assets.sainsburys-groceries.co.uk/gol/2654737/1/640x640.jpg,"Nutrient	per 100 ml		per 100 ml
Energy	175 kJ / 42 kcal
Fat	1.9 g
of which Saturates	0.3 g
Carbohydrate	2.6 g
of which Sugars	2.5 g
Fibre	0.6 g
Protein	3.3 g
Salt	0.09 g
- D2	0.75 µg*
- B12	0.38 µg*
- Riboflavin (B2)	0.21 mg*
- Calcium	120 mg*
- Iodine	22.5 µg*","Soya Base (97%) (Water, Hulled Soya Beans (8.7%)), Sugar, Acidity Regulators (Potassium Phosphates), Calcium (Calcium Carbonate), Sea Salt, Stabiliser (Gellan Gum), Natural Flavouring, Potassium Iodide, Vitamins B2, B12, D2",https://www.sainsburys.co.uk/gol-ui/product/alpro-long-life-soya-milk-alternative--original-1l,,2024-08-19T18:29:01.191631-04:00
66-692-DAI,Ski Mousse Strawberry 4x60g,Ski,"Dairy, eggs & chilled",Dairy & eggs,Special offers,,£2.10,4 for £2.10,£1.50,88p / 100g,7545672.0,Strawberry mousse with strawberry sauce,,https://assets.sainsburys-groceries.co.uk/gol/7545672/1/640x640.jpg,,"Strawberry Mousse 88% [Whole Milk, Strawberry Puree 8.8% Sugar, Cream (from Milk), Skimmed Milk Powder, Pork Gelatine, Glucose Fructose Syrup, Acidity Regulators (Citric Acid, Sodium Hydroxide), Modified Maize Starch, Emulsifier (Lactic Esters of Mono- and Di-Glyceride Fatty Acids), Thickeners (Locust Bean Gum, Guar Gum), Colour (Carmine), Flavouring], Strawberry Sauce 12% [Water, Sugar, Strawberry Puree 0.6%, Modified Maize Starch, Cream Powder (from Milk), Thickeners (Pectin, Guar Gum), Natural Flavouring, Acidity Regulators (Citric Acid, Trisodium Citrate), Colour (Carmine)]]",https://www.sainsburys.co.uk/gol-ui/product/ski-strawberry-mousse-4x60g,4x60g,2024-08-20T14:54:00.657818-04:00
66-693-DAI,Yeo Valley Organic Fresh Semi Skimmed Milk 2L,Yeo,Drinks,Dairy & eggs,Milk,2L,£2.50,,£2.25,£1.25 / ltr,6483776.0,"Pasteurised, Homogenised, Organic Semi-Skimmed Milk",,https://assets.sainsburys-groceries.co.uk/gol/6483776/1/640x640.jpg,"Nutrient	Per 100ml		Per 100ml
Energy	201kJ/ 47kcal
Fat	1.8g
of which saturates	1.1g
Carbohydrate	4.8g
of which sugars	4.8g
Protein	3.6g
Salt	0.11g
Calcium (mg)	124mg (15.5% RI†)",,https://www.sainsburys.co.uk/gol-ui/product/yeo-valley-organic-semi-skimmed-milk-2l,,2024-08-19T18:29:19.257065-04:00
66-694-DAI,Primula Cheese Original 140g,Primula,"Dairy, eggs & chilled",Dairy & eggs,Cheese,,£1.85,,,£13.21 / kg,2001746.0,Cheese Spread,,https://assets.sainsburys-groceries.co.uk/gol/2001746/1/640x640.jpg,"Nutrient	Per 100g		Per 100g
Energy	860kJ / 207kcal
Fat	14.1g
of which saturates	9.3g
Carbohydrate	7.0g
of which sugars	3.6g
Protein	12.6g
Salt	2.31g
Calcium	(58.4%*NRV) 467mg","Cheese (54%) (Cheese (47%) (Milk), Medium Fat Soft Cheese (7%) (Medium Fat Soft Cheese (Milk), Sea Salt)), Reconstituted Skimmed Milk Powder (Water, Skimmed Milk Powder), Water, Whey Powder (Milk), Emulsifying Salts (Sodium Phosphate, Polyphosphates, Triphosphates), Modified Maize Starch",https://www.sainsburys.co.uk/gol-ui/product/primula-cheese-spread--plain--tube-150g,,2024-08-20T14:54:15.088038-04:00
66-695-DAI,Yeo Valley Organic Kefir Raspberry Yogurt Pack 4x100g,Yeo,"Dairy, eggs & chilled",Dairy & eggs,Special offers,,£2.50,4 for £2.50,£1.50,63p / 100g,8080771.0,4 Fermented Raspberry Yogurts with Live Kefir Cultures,,https://assets.sainsburys-groceries.co.uk/gol/8080771/1/640x640.jpg,"Nutrient	Per 100g		Per 100g
Energy	333kJ/ 79kcal
Fat	1.9g
of which saturates	1.2g
Carbohydrate	11.3g
of which sugars	9.8g
Protein	4.2g
Salt	0.12g
Calcium	170mg/21% NRV
Phosphorus	118mg/16% NRV","Organic Milk Fermented with Live Kefir Cultures, Organic Raspberries (5%), Organic Sugar (5%), Organic Maize Starch, Natural Flavouring, Organic Concentrated Lemon Juice",https://www.sainsburys.co.uk/gol-ui/product/yeo-valley-organic-kefir-raspberry-yogurt-4x100g,4x100g,2024-08-20T14:54:23.383631-04:00
66-696-DAI,Sainsbury's Banana Milkshake 1L,Sainsbury's,Drinks,Dairy & eggs,Milk,1L,89p,,,9p / 100ml,6319221.0,High temperature pasteurised banana flavoured British 1% fat milk drink.,,https://assets.sainsburys-groceries.co.uk/gol/6319221/1/640x640.jpg,,,https://www.sainsburys.co.uk/gol-ui/product/sainsburys-fresh-banana-flavoured-milk-1l,,2024-08-19T18:29:40.661188-04:00
66-697-DAI,"Sainsbury's Skimmed British Milk, SO Organic 1.136L",Sainsbury's,Drinks,Dairy & eggs,Milk,1.136L,£1.55,,,£1.36 / ltr,6336299.0,Organic pasteurised skimmed milk,,https://assets.sainsburys-groceries.co.uk/gol/6336299/1/640x640.jpg,,,https://www.sainsburys.co.uk/gol-ui/product/sainsburys-british-skimmed-milk-so-organic-113l-2-pint-,,2024-08-19T18:30:01.690917-04:00
66-698-DAI,Frubes Kids Strawberry Yoghurt Tubes 9x37g,Frubes,"Dairy, eggs & chilled",Dairy & eggs,Special offers,,£2.25,9 for £2.25,£1.50,68p / 100g,6305712.0,Yogurt with added calcium and vitamin D,,https://assets.sainsburys-groceries.co.uk/gol/6305712/1/640x640.jpg,"Nutrient	Per 100g	RI*	74g (2 tubes)	RI*		Per 100g	RI*	74g (2 tubes)	RI*
Energy	385kJ/ 91kcal	-	285kJ/ 68kcal	-
Fat	2.7 g	-	2.0 g	-
of which saturates	1.8 g	-	1.3 g	-
Carbohydrate	12.0 g	-	8.8 g	-
of which sugars	10.8 g	-	8.0 g	-
Protein	3.7 g	-	2.8 g	-
Salt	0.15 g	-	0.11 g	-
Calcium	162 mg	20 %	120 mg	15 %
Vitamin D	3.4 µg	68 %	2.5 µg	50 %","Yogurt (Skimmed Milk, Cream (Milk), Skimmed Milk Powder, Lactic Cultures (Milk)), Sugar 7.1%, Modified Manioc and Maize Starch, Calcium Citrate, Natural Flavourings, Stabiliser: Guar Gum, Acidity Regulator: Citric Acid, Preservative: Potassium Sorbate, Vitamin D",https://www.sainsburys.co.uk/gol-ui/product/yoplait-petit-filous-strawberry-frubes-9x40g,9x37g,2024-08-20T14:54:31.609282-04:00
66-699-DAI,Alpro Soya Milk No Sugars Long Life Dairy Alternative 1L,Alpro,Drinks,Dairy & eggs,Dairy free,1L,£2.10,,,£2.10 / ltr,2967684.0,Soya drink with added calcium and vitamins.,,https://assets.sainsburys-groceries.co.uk/gol/2967684/1/640x640.jpg,"Nutrient	per 100 ml		per 100 ml
Energy	138 kJ / 33 kcal
Fat	1.8 g
of which saturates	0.3 g
Carbohydrate	0 g
of which sugars	0 g
Fibre	0.6 g
Protein	3.3 g
Salt	0.09 g
- D2	0.75 µg*
- B12	0.38 µg*
- Riboflavin (B2)	0.21 mg*
- Calcium	120 mg*","Soya Base (98.8%) (Water, Hulled Soya Beans (8.7%)), Acidity Regulators (Potassium Phosphates), Calcium (Calcium Carbonate), Flavourings, Sea Salt, Stabiliser (Gellan Gum), Vitamins B2, B12, D2",https://www.sainsburys.co.uk/gol-ui/product/alpro-long-life-soya-milk-alternative--unsweetened-1l,,2024-08-19T18:30:59.815375-04:00
66-700-DAI,Müller Light Fat Free Cherry Yogurt 160g,Müller,"Dairy, eggs & chilled",Dairy & eggs,Special offers,,90p,,50p,56p / 100g,7510076.0,Cherry fat free yogurt with sweetener and added vitamins B6 & D,,https://assets.sainsburys-groceries.co.uk/gol/7510076/1/640x640.jpg,"Nutrient	(Per 100g)		(Per 100g)
Energy	254kJ (60kcal)
Fat	<0.5g
of which saturates	0.1g
Carbohydrate	8.3g
of which sugars	7.4g
Protein	5.5g
Salt	0.23g
Vitamin B6	0.5mg (57% of NRV Per Pot)
Vitamin D	1.79µg (57% of NRV Per Pot)
Calcium	161mg (32% of NRV Per Pot)","Yogurt (Milk), Cherries (10%), Water, Modified Maize Starch, Colouring Foods: Carrot and Pumpkin Extracts, Beetroot Juice Concentrate, Black Carrot Concentrate, Acidity Regulators: Sodium Citrate, Citric Acid, Flavourings (contain Milk), Stabiliser: Pectin, Sweetener: Aspartame, Vitamin B6, Vitamin D",https://www.sainsburys.co.uk/gol-ui/product/mullerlight-cherry-175g,,2024-08-20T14:54:41.334523-04:00
66-701-DAI,Dairylea Cheese Spread 270g,Dairylea,"Dairy, eggs & chilled",Dairy & eggs,Cheese,,£2.40,,,£8.89 / kg,7709135.0,Cheese spread with added calcium.,100 g,https://assets.sainsburys-groceries.co.uk/gol/7709135/1/640x640.jpg,"Nutrient	Per 100 g	Per Serving (25 g)		Per 100 g	Per Serving (25 g)
Energy	834 kJ / 201 kcal	209 kJ / 50 kcal
Fat	14 g	3.5 g
of which Saturates	9.2 g	2.3 g
Carbohydrate	4.8 g	1.2 g
of which Sugars	4.8 g	1.2 g
Fibre	2.3 g	0.6 g
Protein	12 g	3.1 g
Salt	1.52 g	0.38 g
Calcium	568 mg / 71 % NRV*	142 mg / 18 % NRV*","Skimmed Milk (Water, Skimmed Milk Powder), Cheese, Inulin, Milk Fat, Whey Powder (from Milk), Skimmed Milk Powder, Emulsifying Salts (Triphosphate, Polyphosphates), Milk Protein, Calcium Phosphate, Acidity Regulator (Citric Acid)",https://www.sainsburys.co.uk/gol-ui/product/dairylea-cheese-spread-270g,,2024-08-20T14:54:54.545491-04:00
66-702-DAI,St Helen's Farm Whole Goats Milk 1L,St,Drinks,Dairy & eggs,Milk,1L,£2.15,,,£2.15 / ltr,4150886.0,Fresh Pasteurised Whole Goat's Milk,200 ml,https://assets.sainsburys-groceries.co.uk/gol/4150886/1/640x640.jpg,"Nutrient	per 100ml	% NRV	per 200ml serving	% NRV		per 100ml	% NRV	per 200ml serving	% NRV
Energy - kJ	254kJ	-	508kJ	-
- kcal (Calories)	61kcal	-	122kcal	-
Fat	3.5g	-	7.0g	-
- of which saturates	2.4g	-	4.8g	-
Carbohydrate	4.3g	-	8.6g	-
- of which sugars	4.3g	-	8.6g	-
Protein	2.8g	-	5.6g	-
Salt	0.1g	-	0.2g	-
Calcium	120mg	15%	240mg	30%
Phosphorus	83mg	12%	166mg	24%
Potassium	219mg	11%	438mg	22%",,https://www.sainsburys.co.uk/gol-ui/product/st-helens-whole-goats-milk-1l,,2024-08-19T18:31:21.628833-04:00
66-703-DAI,Sainsbury's Red Leicester Cheese Slices 240g,Sainsbury's,"Dairy, eggs & chilled",Dairy & eggs,Cheese,,£2.65,,,£11.04 / kg,6338120.0,10 medium Red Leicester cheese slices,,https://assets.sainsburys-groceries.co.uk/gol/6338120/1/640x640.jpg,,,https://www.sainsburys.co.uk/gol-ui/product/sainsburys-red-leicester-slices-240g,,2024-08-20T14:55:17.233952-04:00
66-704-DAI,Lindahls Pro Kvarg Lemon Cheesecake Protein Yogurt 150g,Lindahls,"Dairy, eggs & chilled",Dairy & eggs,Special offers,,£1.40,,,93p / 100g,8081852.0,Lemon Flavoured Fat Free Quark with Cheesecake Flavour and Sweeteners.,,https://assets.sainsburys-groceries.co.uk/gol/8081852/1/640x640.jpg,,"Skimmed Milk, Whey Protein Concentrate (from Milk), Water, Modified Maize Starch, Flavouring, Natural Lemon Flavouring with other Natural Flavourings, Colours (Carotenes, Curcumin), Sweeteners (Aspartame, Acesulfame K), Acidity Regulator: Citric Acid, Lactic Cultures, Microbial Rennet, Lactase Enzyme",https://www.sainsburys.co.uk/gol-ui/product/lindahls-pro-kvarg-lemon-cheesecake-quark-150g,,2024-08-20T14:55:30.428326-04:00
66-705-DAI,Alpro Organic Soya Milk No Sugars Long Life Dairy Alternative 1L,Alpro,Drinks,Dairy & eggs,Dairy free,1L,£2.10,,,£2.10 / ltr,2654720.0,Organic soya drink.,,https://assets.sainsburys-groceries.co.uk/gol/2654720/1/640x640.jpg,"Nutrient	per 100 ml
Energy	132 kJ / 32 kcal
Fat	1.9 g
of which Saturates	0.3 g
Carbohydrate	0 g
of which Sugars	0 g
Fibre	0.6 g
Protein	3.3 g
Salt	0.03 g","Soya Base* (Water, Hulled Soya Beans* (8.8%)), * = Organically grown / produced",https://www.sainsburys.co.uk/gol-ui/product/alpro-long-life-soya-milk-alternative--organic-1l,,2024-08-19T18:31:35.041088-04:00
66-706-DAI,Midas Grilling Cheese 200g,Midas,"Dairy, eggs & chilled",Dairy & eggs,Cheese,,£1.80,,,£9.00 / kg,7975178.0,Medium fat semi-hard cheese for grilling.,,https://assets.sainsburys-groceries.co.uk/gol/7975178/1/640x640.jpg,"Nutrient	per 100g
Energy	1235kJ / 298kcal
Fat	24.0g
Of which Saturates	14.8g
Carbohydrate	1.4g
Of which Sugars	1.2g
Fibre	0.0g
Protein	19.0g
Salt	2.8g",,https://www.sainsburys.co.uk/gol-ui/product/midas-grilling-cheese-200g,,2024-08-20T14:55:51.890545-04:00
66-707-DAI,Actimel Original 0% Added Sugar Fat Free Yogurt Drink 8x100g,Actimel,Drinks,Dairy & eggs,Special offers,,£3.75,8 for £3.75,£2.50,47p / 100g,3569290.0,"Yogurt drink with L. casei Danone cultures, vitamins D and B6 and sweeteners.",,https://assets.sainsburys-groceries.co.uk/gol/3569290/1/640x640.jpg,"Nutrient	Per 100g	% RI**		Per 100g	% RI**
Energy (kJ/kcal)	115/ 27	1
Fat (g)	0.1	0
of which saturates (g)	0	0
Carbohydrate (g)	3.0	1
of which sugars (g)	3.0	3
Fibre (g)	0.2	-
Protein (g)	2.7	5
Salt (g)	0.10	2
Calcium (mg)	120	15
Vitamin D (µg)	1.67	33
Vitamin B6 (mg)	0.21	15","Yogurt (Milk), Water, Skimmed Milk, Stabiliser (Pectin), Milk Minerals Concentrate, Sweeteners (Sucralose, Acesulfame K), Flavourings, Lactobacillus Casei (L. Casei Danone®), Vitamins (D, B6)",https://www.sainsburys.co.uk/gol-ui/product/actimel-original-plain-fat-free-no-added-sugar-yogurt-drinks-8x100g,8x100g,2024-08-19T19:55:28.661680-04:00
66-708-DAI,"Sainsbury's France Made with Unpasteurised Milk Comté, Taste the Difference 180g",Sainsbury's,"Dairy, eggs & chilled",Dairy & eggs,Cheese,,£3.65,,,£20.28 / kg,8107784.0,Full fat semi-hard unpasteurised Comté AOP cheese,,https://assets.sainsburys-groceries.co.uk/gol/8107784/1/640x640.jpg,,,https://www.sainsburys.co.uk/gol-ui/product/sainsburys-france-made-with-unpasteurised-milk-comt%C3%A9-taste-the-difference-180g,,2024-08-20T14:56:12.893979-04:00
66-709-DAI,Cravendale Filtered Fresh Skimmed Milk Fresher for Longer 1L,Cravendale,Drinks,Dairy & eggs,Milk,1L,£1.50,,,£1.50 / ltr,7723336.0,"Pasteurised, skimmed, fresh filtered milk",,https://assets.sainsburys-groceries.co.uk/gol/7723336/1/640x640.jpg,"Nutrient	per 100ml		per 100ml
Energy	156kJ/ 37kcal
Fat	0.3g
of which saturates	0.1g
Carbohydrate	4.9g
of which sugars	4.9g
Protein	3.6g
Salt	0.1g
Phosphorous	99mg (14% RI†)
Riboflavin (Vit B2)	0.23mg (16% RI†)
Vitamin B12	0.82µg (33% RI†)
Potassium	167mg (8% RI†)
Calcium	129mg (16% RI†)
Iodine	31µg (21% RI†)",,https://www.sainsburys.co.uk/gol-ui/product/cravendale-purefilter-semi-skimmed-milk-1l,,2024-08-19T18:30:45.789671-04:00
66-710-DAI,Bonne Maman Yoghurt with an Apricot Layer 4x125g,Bonne,"Dairy, eggs & chilled",Dairy & eggs,Special offers,,£2.75,4 for £2.75,£2.00,55p / 100g,7997631.0,Yoghurt with apricot preparation.,,https://assets.sainsburys-groceries.co.uk/gol/7997631/1/640x640.jpg,"Nutrient	per 100g
Energy	449 kJ/ 107 kcal
Fat	3.1 g
of which saturates	1.9 g
Carbohydrates	16.2 g
of which sugars	15.4 g
Fibre	0.3 g
Protein	3.3 g
Salt	0.1 g","Whole Milk Yoghurt 65%, Apricot Preparation 28% (Apricot 69%, Sugar, Corn Starch, Concentrated Lemon Juice), Sugar",https://www.sainsburys.co.uk/gol-ui/product/bonne-maman-apricot-yoghurt-4-x125g,4x125g,2024-08-20T14:56:20.898828-04:00
66-711-DAI,Stamford Street Co. Italian Hard Cheese 200g,Stamford,"Dairy, eggs & chilled",Dairy & eggs,Cheese,,£2.80,,,£14.00 / kg,7281089.0,Unpasteurised medium fat hard cheese,,https://assets.sainsburys-groceries.co.uk/gol/7281089/1/640x640.jpg,,,https://www.sainsburys.co.uk/gol-ui/product/sainsburys-italian-hard-cheese--basics-200g,,2024-08-20T14:56:42.364320-04:00
66-712-DAI,Onken Fat Free Strawberry Yogurt 450g,Onken,"Dairy, eggs & chilled",Dairy & eggs,Special offers,,£1.95,,£1.25,43p / 100g,7223399.0,0% Fat Strawberry Yogurt with Vitamin D,,https://assets.sainsburys-groceries.co.uk/gol/7223399/1/640x640.jpg,"Nutrient	Per 100g		Per 100g
Energy	311kJ/ 75kcal
Fat	<0.5g
of which saturates	0.3g
Carbohydrate	12.6g
of which sugars	11.6g
Protein	4.6g
Salt	0.45g
Vitamin D	1.05µg (21%)
Calcium	130mg (16%)","Yogurt (Pasteurised Skimmed Milk), Strawberries (10%), Sugar, Corn Starch, Modified Corn Starch, Lemon Juice Concentrate, Natural Flavouring, Thickeners (Fruit Pectin, Guar Gum), Beetroot Juice Extract, Black Carrot Juice Extract, Vitamin D, Contains Live Cultures: Lactobacillus Acidophilus and Streptococcus Thermophilus",https://www.sainsburys.co.uk/gol-ui/product/onken-fat-free-strawberry-yogurt-450g,,2024-08-20T14:56:50.795506-04:00
66-713-DAI,"Yeo Valley Organic Little Yeos, Strawberry & Raspberry Fromage Frais 6x45g",Yeo,"Dairy, eggs & chilled",Baby meals,All baby meals,,£2.15,6 for £2.15,£1.25,80p / 100g,7749491.0,Organic Fromage Frais Blended with a Smooth Fruit Purée,,https://assets.sainsburys-groceries.co.uk/gol/7749491/1/640x640.jpg,"Nutrient	Per 100g	Per 2 Pots		Per 100g	Per 2 Pots		Per 100g	Per 2 Pots		Per 100g	Per 2 Pots
Energy	355kJ/ 84kcal	319kJ/ 75kcal
Fat	2.5g	2.2g
of which saturates	1.5g	1.3g
Carbohydrate	9.5g	8.5g
of which sugars	8.6g	7.7g
Protein	5.9g	5.3g
Salt*	0.17g	0.15g
Calcium	153mg/19% NRV	136mg/17% NRV†
Energy	355kJ/ 84kcal	319kJ/ 75kcal
Fat	2.5g	2.2g
of which saturates	1.5g	1.3g
Carbohydrate	9.5g	8.5g
of which sugars	8.6g	7.7g
Protein	5.9g	5.3g
Salt*	0.17g	0.15g
Calcium	153mg/19% NRV	136mg/17% NRV†","Organic Fromage Frais (Milk), Organic Concentrated Grape Juice, Organic Raspberry Pureé (5%), Milk Protein, Organic Maize Starch, Natural Flavouring, Organic Concentrated Lemon Juice, Contains the following Live Cultures: Bifidobacterium, Streptococcus Thermophilus, Lactobacillus Bulgaricus, Lactobacillus Acidophilus",https://www.sainsburys.co.uk/gol-ui/product/yeo-valley-organic-little-yeos--strawberry---raspberry-6x45g,6x45g,2024-08-20T14:56:58.806033-04:00
66-714-DAI,Dairylea Lunchers Ham & Cheese Snacks 74g,Dairylea,"Dairy, eggs & chilled",Dairy & eggs,Cheese,,£1.60,,,£21.62 / kg,8079215.0,Cheese food slices (35%) with added vitamin D. Butter flavour wheat crackers. Cooked cured ham slices (31%) formed from pork leg pieces with starch.,,https://assets.sainsburys-groceries.co.uk/gol/8079215/1/640x640.jpg,,"Cheese Food: Cheese (75 %), Skimmed Milk (Water, Skimmed Milk Powder), Emulsifying Salts (Sodium Citrates, Potassium Citrates), Milk Proteins, Butter, Skimmed Milk Powder, Whey Powder (from Milk), Vitamin D, Preservative (Sorbic Acid), Acidity Regulator (Citric Acid), Anti-Caking Agent (Sunflower Lecithins), Wheat Crackers: Wheat Flour (71 %), Sunflower Oil (8%), Wheat Bran, Sugar, Butter, Glucose-Fructose Syrup, Raising Agents (Ammonium Carbonates, Sodium Carbonates), Whey Powder (from Milk), Wheat Germ, Potassium Chloride, Flavourings (contains Milk), Flour Treatment Agent (Sodium Metabisulphite), Cooked Formed Ham: Pork (85%), Starch, Acidity Regulators (Potassium Lactate, Sodium Acetates), Salt, Flavour Enhancer (Potassium Chloride), Antioxidant (Sodium Ascorbate), Preservative (Sodium Nitrite)",https://www.sainsburys.co.uk/gol-ui/product/dairylea-lunchables-ham-n-cheese-741g,,2024-08-20T14:57:12.670595-04:00
66-715-DAI,Flora Plant Butter Salted Block 200g,Flora,"Dairy, eggs & chilled",Dairy & eggs,"Butter, spreads & pastry",,£1.65,,,£8.25 / kg,8190325.0,Plant-based fat spread 79%.,,https://assets.sainsburys-groceries.co.uk/gol/8190325/1/640x640.jpg,"Nutrient	Per 100G
Energy	2932 kJ / 713kcal
Fat	79g
of which saturates	45g
Carbohydrate	0,5g
of which sugars	0,5g
Protein	<0,5g
Salt	1,7g","Plant Oils (Sunflower, Rapeseed in varying proportions), Coconut Oil, Water, Sea Salt (1.7%), Faba Bean Preparation, Emulsifier (Sunflower Lecithin), Natural Flavouring, Colour (Carotenes)",https://www.sainsburys.co.uk/gol-ui/product/flora-plant-butter-salted-block-200g,,2024-08-20T14:57:26.302994-04:00
66-716-DAI,Actimel Strawberry 0% Added Sugar Fat Free Yogurt Drink 8x100g,Actimel,Drinks,Dairy & eggs,Special offers,,£3.75,8 for £3.75,£2.50,47p / 100g,6310016.0,"Yogurt drink with L. casei Danone cultures, vitamins B6 and D, strawberry and with sweeteners.",,https://assets.sainsburys-groceries.co.uk/gol/6310016/1/640x640.jpg,"Nutrient	Per 100 g	%RI**		Per 100 g	%RI**
Energy	116 kJ/ 27 kcal	1
Fat	0.1 g	0
of which saturates	0 g	0
Carbohydrate	3.2 g	1
of which sugars	3.0 g	3
Fibre	0.2 g	-
Protein	2.6 g	5
Salt	0.11 g	2
Calcium	120 mg	15
Vitamin B6	0.21 mg	15
Vitamin D	1.67 µg	33","Yogurt (Milk), Water, Skimmed Milk, Strawberry Purée (2.0%), Modified Tapioca Starch, Stabiliser (Pectin), Milk Minerals Concentrate, Natural Flavourings, Acidity Regulators (Sodium Citrate, Citric Acid), Sweeteners (Sucralose, Acesulfame K), Lactobacillus Casei (L. Casei Danone®), Vitamins (B6, D)",https://www.sainsburys.co.uk/gol-ui/product/actimel-strawberry-fat-free-no-added-sugar-yogurt-drinks-8x100g,8x100g,2024-08-19T19:55:43.429346-04:00
66-717-DAI,"Sainsbury's Mousse Colombian Coffee, Taste the Difference 100g",Sainsbury's,"Dairy, eggs & chilled",Dairy & eggs,Yogurts,,£1.00,,,£1.00 / 100g,7632208.0,Colombian coffee mousse,,https://assets.sainsburys-groceries.co.uk/gol/7632208/1/640x640.jpg,,,https://www.sainsburys.co.uk/gol-ui/product/sainsburys-coffee-mousse--taste-the-difference-100g,,2024-08-20T14:57:47.750107-04:00
66-718-DAI,Benecol Light Spread 500g,Benecol,"Dairy, eggs & chilled",Dairy & eggs,"Butter, spreads & pastry",,£4.50,,,£9.00 / kg,3774137.0,Fat spread 35% 500g. With added plant stanols.,10 g,https://assets.sainsburys-groceries.co.uk/gol/3774137/1/640x640.jpg,"Nutrient	Per 100g	Per 10g serving		Per 100g	Per 10g serving		Per 100g	Per 10g serving
Energy	1343kJ/ 326kcal	134kJ/ 33kcal
Fat of which	35g	3.5g
saturated	5.1g	0.5g
monounsaturated	21g	2.1g
polyunsaturated	9g	0.9g
Carbohydrates	2.7g	<0.5g
of which sugars	<0.5g	0g
Protein	0g	0g
Salt	0.80g	0.08g
Vitamin A	900µg (113% RI)	90µg (11% RI)
Vitamin D3	7.5µg (150% RI)	0.75µg (15% RI)
Vitamin E	4.8mg (40% RI)	0.48mg (4% RI)
Omega-3	2.2g	0.2g
Plant Stanols	6.6g	0.7g","Water, Rapeseed Oil, Plant Stanol Ester (Plant Stanols 6.6g/100g), Responsibly sourced Palm Oil*, Modified Starch, Salt (0.8%), Whey Powder (Milk), Emulsifiers (Mono and Diglycerides of Fatty Acids, Lecithin), Natural Flavourings, Acidity Regulator (Citric Acid), Preservative (Potassium Sorbate), Colour (Carotenes), Vitamin A, Vitamin D3, *RSPO -Certified",https://www.sainsburys.co.uk/gol-ui/product/benecol-spread--light-500g,,2024-08-20T14:58:01.432665-04:00
66-719-DAI,Benecol Yogurt Drink Blueberry 6x67.5g,Benecol,Drinks,Dairy & eggs,"Butter, spreads & pastry",,£4.30,6 for £4.30,,£1.06 / 100g,7556133.0,"Blueberry flavoured yogurt drink with added plant stanols, sugars and sweetener.",67.5 g,https://assets.sainsburys-groceries.co.uk/gol/7556133/1/640x640.jpg,"Nutrient	Per 100g	Per 67.5g serving		Per 100g	Per 67.5g serving
Energy	219/ 52kcal	148kJ/ 35kcal
Fat	2.1g	1.4g
of which saturates	0.2g	0.1g
Carbohydrate	4.9g	3.3g
of which sugars	4.7g	3.2g
Protein	2.8g	1.9g
Salt	0.09g	0.06g
Plant stanols	3.0g	2.0g
Vitamin B1	0.51mg (46%RI)	0.34mg (31%RI)","Yogurt (85%) (Skimmed Milk, Yogurt Cultures), Water, Plant Stanol Ester (Plant Stanols 3%), Blueberry Puree (1.8%), Sugar, Stabiliser (Pectin), Flavouring, Lemon Juice Concentrate, Sweetener (Sucralose), Vitamin B1*, *Vitamin B1 contributes to the normal function of the heart",https://www.sainsburys.co.uk/gol-ui/product/benecol-blueberry-6x675g,6x67.5g,2024-08-19T19:55:00.725824-04:00
66-720-DAI,Alpro Dark Chocolate Dessert 4x125g,Alpro,"Dairy, eggs & chilled",Dairy & eggs,Dairy free,,£1.85,4 for £1.85,,37p / 100g,7213894.0,"Soya dessert, dark chocolate, with added calcium and vitamins.",,https://assets.sainsburys-groceries.co.uk/gol/7213894/1/640x640.jpg,"Nutrient	per 100 g		per 100 g
Energy	401 kJ / 95 kcal
Fat	2.3 g
of which Saturates	0.8 g
Carbohydrate	14.7 g
of which Sugars	11.8 g
Fibre	1.5 g
Protein	3.1 g
Salt	0.13 g
D	0.75 µg*
Riboflavin (B2)	0.21 mg*
Minerals: Calcium	120 mg*","Soya Base (Water, Hulled Soya Beans (6.4%)), Sugar, Cocoa (3%), Modified Starch, Chocolate (1%), Calcium (Tri-Calcium Phosphate), Flavouring, Thickener (Carrageenan), Sea Salt, Vitamins (B2, D2)",https://www.sainsburys.co.uk/gol-ui/product/alpro-soya-dairy-free-dark-dessert-chocolate-500g,4x125g,2024-08-20T14:58:14.686273-04:00
66-721-DAI,Seriously Spreadable Cheese Lighter 125g,Seriously,"Dairy, eggs & chilled",Dairy & eggs,Cheese,,£1.95,,,£15.60 / kg,7701135.0,Reduced Fat Cheddar Cheese Spread.,,https://assets.sainsburys-groceries.co.uk/gol/7701135/1/640x640.jpg,"Nutrient	(per 100g)
Energy:	892 kJ/ 214 kcal
Fat:	14g
(of which saturates	9,0g)
Carbohydrate:	7,0g
(of which sugars	6,0g)
Protein:	15g
Salt:	2,1g
Calcium:	440mg (55% RI***)","Cheese (Milk) (42%) (Cheddar Cheese (Milk) (33%), Reduced Fat Cheese (Milk) (9%)), Water, Skimmed Milk Powder, Emulsifying Salts (E331, E452, E450), Thickener (Pectin), Salt, Preservative (Potassium Sorbate)",https://www.sainsburys.co.uk/gol-ui/product/seriously-strong-spreadable-lighter-125g,,2024-08-20T14:58:27.844716-04:00
66-722-DAI,Boursin Garlic & Herb French Cheese Portions x6 96g,Boursin,"Dairy, eggs & chilled",Dairy & eggs,Cheese,,£2.25,,,£23.44 / kg,7637619.0,Full Fat Soft Cheese with Garlic & Herbs.,,https://assets.sainsburys-groceries.co.uk/gol/7637619/1/640x640.jpg,"Nutrient	p.100 g	p.16 g
Energy	1635 kJ - 396 kcal	262 kJ - 63 kcal
Fat	39 g	6.2 g
of which saturates	26 g	4.2 g
Carbohydrate	3 g	0.5 g
of which sugars	2.5 g	0.4 g
Protein	8.5 g	1.4 g
Salt	1.2 g	0.2 g","Pasteurised Milk and Cream, Lactic Ferments, Garlic and Herbs 1.9%, Salt, Pepper, Preservative (Potassium Sorbate)",https://www.sainsburys.co.uk/gol-ui/product/boursin-garlic---herb-portions-6pk,,2024-08-20T14:58:41.624385-04:00
66-723-DAI,"Sainsbury's Rhubarb & Custard Yogurt, Summer Edition Taste The Difference 150g",Sainsbury's,"Dairy, eggs & chilled",Dairy & eggs,Special offers,,95p,,80p,63p / 100g,8108395.0,Rhubarb and custard flavour yogurt,,https://assets.sainsburys-groceries.co.uk/gol/8108395/1/640x640.jpg,,,https://www.sainsburys.co.uk/gol-ui/product/sainsburys-summer-edition-rhubarb-custard-yogurt-taste-the-difference-150g,,2024-08-20T14:58:58.154313-04:00
66-724-DAI,Mini Babybel Light Cheese Snacks 6x20g,Mini,"Dairy, eggs & chilled",Dairy & eggs,Cheese,,£2.45,6 for £2.45,,£20.42 / kg,2460727.0,Light Reduced Fat Natural Cheese Snacks,,https://assets.sainsburys-groceries.co.uk/gol/2460727/1/640x640.jpg,,,https://www.sainsburys.co.uk/gol-ui/product/mini-babybel-light-6-x-20g,6x20g,2024-08-20T14:59:19.702522-04:00
66-725-DAI,Yeo Valley Organic Kefir Mango & Passionfruit Yogurt 350g,Yeo,"Dairy, eggs & chilled",Dairy & eggs,Yogurts,,£2.00,,,57p / 100g,7922967.0,Fermented Mango and Passion Fruit Yogurt with Live Kefir Cultures,,https://assets.sainsburys-groceries.co.uk/gol/7922967/1/640x640.jpg,"Nutrient	Per 100g		Per 100g
Energy	341kJ/ 81kcal
Fat	2.0g
of which saturates	1.3g
Carbohydrate	11.6g
of which sugars	9.7g
Protein	4.0g
Salt	0.11g
Calcium	164mg/20% NRV
Phosphorus	115mg/16% NRV","Organic Milk Fermented with Live Kefir Cultures, Organic Sugar (5%), Organic Mango Purée (3.6%), Organic Passion Fruit Juice (1.5%), Organic Maize Starch, Organic Concentrated Lemon Juice, Natural Flavourings",https://www.sainsburys.co.uk/gol-ui/product/yeo-valley-kefir-mango-passion-fruit-organic-yogurt-350g,,2024-08-20T14:59:33.041312-04:00
66-726-DAI,Sainsbury's Lard 250g,Sainsbury's,"Dairy, eggs & chilled",Dairy & eggs,"Butter, spreads & pastry",,60p,,,£2.40 / kg,6829557.0,Lard,,https://assets.sainsburys-groceries.co.uk/gol/6829557/1/640x640.jpg,,,https://www.sainsburys.co.uk/gol-ui/product/sainsburys-lard--basics-250g,,2024-08-20T14:59:55.498588-04:00
66-727-DAI,Pure Dairy Free Buttery Taste 500g,Pure,"Dairy, eggs & chilled",Dairy & eggs,"Butter, spreads & pastry",,£2.15,,,£4.30 / kg,8120876.0,Vegetable Fat Spread [54%],,https://assets.sainsburys-groceries.co.uk/gol/8120876/1/640x640.jpg,"Nutrient	per 100g	per 10g		per 100g	per 10g
Energy (kJ/Kcal)	1965/ 478	197/ 48
Fat	54g	54.g
Of which Saturates	12.8g	1.3g
Carbohydrate	0.9g	<0.5g
Of which Sugars	<0.5g	<0.5g
Protein	<0.5g	<0.5g
Salt	1.5g	0.15g
Vitamin A	800 µg (100%RI)	80 µg (100%RI)
Vitamin D	7.5 µg (150%RI)	0.75 µg (15%RI)
Vitamin E	38 mg (317% RI)	3.8 mg (32% RI)
Vitamin B12	5 µg (200% RI)	0.5 µg (20% RI)","Vegetable Oils (54%) (Rapeseed, Palm), Water, Salt (1.5%), Natural Flavourings, Vitamin E, Vitamin A&D, Natural Colour (Carotenes), Vitamin B12",https://www.sainsburys.co.uk/gol-ui/product/pure-dairy-free-buttery-taste-500g,,2024-08-20T15:00:09.697363-04:00
66-728-DAI,Philadelphia Soft Cheese Mini Tub Light x4 35g,Philadelphia,"Dairy, eggs & chilled",Dairy & eggs,Cheese,,£1.95,,£1.25,£13.93 / kg,4159711.0,Medium fat soft cheese.,,https://assets.sainsburys-groceries.co.uk/gol/4159711/1/640x640.jpg,"Nutrient	Per 100 g:	Per Portion (35 g):
Energy	625 kJ / 150 kcal	219 kJ / 53 kcal
Fat	11 g	3.9 g
of which Saturates	7.4 g	2.6 g
Carbohydrate	5.2 g	1.8 g
of which Sugars	5.2 g	1.8 g
Fibre	0.4 g	0.1 g
Protein	7.2 g	2.5 g
Salt	0.70 g	0.25 g","Salt, Stabilisers (Locust Bean Gum, Carrageenan), Acid (Citric Acid), Medium Fat Soft Cheese",https://www.sainsburys.co.uk/gol-ui/product/philadelphia-mini-tub-light-140g,,2024-08-20T15:00:17.229347-04:00
66-729-DAI,Yeo Valley Organic Kefir Mango & Passion Fruit Yogurt Pack 4x100g,Yeo,"Dairy, eggs & chilled",Dairy & eggs,Special offers,,£2.50,4 for £2.50,£1.50,63p / 100g,8081407.0,4 Fermented Mango and Passion Fruit Yogurts with Live Kefir Cultures,,https://assets.sainsburys-groceries.co.uk/gol/8081407/1/640x640.jpg,"Nutrient	Per 100g		Per 100g
Energy	341kJ/ 81kcal
Fat	2.0g
of which saturates	1.3g
Carbohydrate	11.6g
of which sugars	9.7g
Protein	4.0g
Salt	0.11g
Calcium	164mg/20% NRV
Phosphorus	115mg/16% NRV","Organic Milk Fermented with Live Kefir Cultures, Organic Sugar (5%), Organic Mango Purée (3.6%), Organic Passion Fruit Juice (1.5%), Organic Maize Starch, Organic Concentrated Lemon Juice, Natural Flavourings",https://www.sainsburys.co.uk/gol-ui/product/yeo-valley-organic-kefir-mango-passion-fruit-yogurt-4x100g,4x100g,2024-08-20T15:00:24.784967-04:00
66-730-DAI,Bio & Me Kefir Live Yoghurt Original 350g,Bio,"Dairy, eggs & chilled",Dairy & eggs,Yogurts,,£2.10,,,60p / 100g,8067537.0,Original Gut-Loving Yoghurt,150 g,https://assets.sainsburys-groceries.co.uk/gol/8067537/1/640x640.jpg,"Nutrient	Per 100g	Per 150g Serving		Per 100g	Per 150g Serving
Energy	330kJ/ 79kcal	495kJ/ 119kcal (6%†)
Fat	3.0g	4.5g (6%†)
of which saturates	2.6g	3.9g (20%†)
Carbohydrate	7.0g	10.5g (4%†)
of which sugars	7.0g	10.5g (12%†)
Fibre	2.0g	3.0g (10%†)
Protein	5.0g	7.5g (15%†)
Salt	0.19g	0.29g (5%†)
Calcium	188mg (24%†)	282mg (35%†)
Phosphorus	139mg (20%†)	209mg (30%†)
Vitamin B2	0.26mg (19%†)	0.4mg (28%†)
Vitamin B12	0.51µg (20%†)	0.8µg (30%†)","Yoghurt (Milk), Fermented with 18 Different Live and Active Cultures, Chicory Root Fibre",https://www.sainsburys.co.uk/gol-ui/product/bio-me-gut-original-gut-loving-prebiotic-yoghurt-350g,,2024-08-20T15:00:37.688805-04:00
66-731-DAI,Lurpak Lighter Spreadable Blend of Butter and Rapeseed Oil 750g,Lurpak,"Dairy, eggs & chilled",Dairy & eggs,"Butter, spreads & pastry",,£7.25,,£5.50,£9.67 / kg,7938499.0,Blended Spread 57% (32% milk fat & 25% rapeseed oil).,,https://assets.sainsburys-groceries.co.uk/gol/7938499/1/640x640.jpg,"Nutrient	per 100g
Energy	2121 kJ/ 516 kcal
Fat	57 g
of which saturates	22 g
Carbohydrate	0.4 g
of which sugars	0.4 g
Protein	0.3 g
Salt	0.90 g","Butter (40%) (Milk), Water, Rapeseed Oil, Lactic Culture (Milk), Salt",https://www.sainsburys.co.uk/gol-ui/product/lurpak-spreadable-lighter-slightly-salted-750g,,2024-08-20T15:00:45.758639-04:00
66-732-DAI,Onken Cherry Yogurt 450g,Onken,"Dairy, eggs & chilled",Dairy & eggs,Special offers,,£1.95,,£1.25,43p / 100g,7222776.0,Cherry Yogurt,,https://assets.sainsburys-groceries.co.uk/gol/7222776/1/640x640.jpg,"Nutrient	Per 100g		Per 100g
Energy	421kJ/ 100kcal
Fat	2.7g
of which saturates	1.7g
Carbohydrate	14g
of which sugars	13g
Fibre	0.2g
Protein	3.8g
Salt	0.22g
Calcium	125mg (16% RI)","Yogurt (Milk), Cherries (9%), Sugar, Cherry Juice (0.9%), Modified Tapioca Starch, Modified Corn Starch, Natural Colouring (Carrot Concentrate), Thickeners (Pectin, Guar Gum), Natural Flavouring",https://www.sainsburys.co.uk/gol-ui/product/onken-cherry-yogurt-450g,,2024-08-20T15:00:53.515277-04:00
66-733-DAI,"Sainsbury's Swiss Mature Reserve Gruyere Cheese, Taste the Difference 200g",Sainsbury's,"Dairy, eggs & chilled",Dairy & eggs,Cheese,,£4.20,,,£21.00 / kg,7334084.0,Unpasteurised Gruyère Reserve Cheese,,https://assets.sainsburys-groceries.co.uk/gol/7334084/1/640x640.jpg,,,https://www.sainsburys.co.uk/gol-ui/product/sainsburys-swiss-mature-reserve-gruyere--taste-the-difference-200g,,2024-08-20T15:01:14.038963-04:00
66-734-DAI,Dairylea Dunkers Jumbo Tubes Cheese Snack 3x41g,Dairylea,"Dairy, eggs & chilled",Dairy & eggs,Cheese,,£2.25,3 for £2.25,,£18.29 / kg,8201399.0,Cheese dip (7 % fat) with added calcium and corn & potato snack (29%).,,https://assets.sainsburys-groceries.co.uk/gol/8201399/1/640x640.jpg,,"Dairylea Cheese Dip: Skimmed Milk (Water, Skimmed Milk Powder), Cheese, Concentrated Whey (from Milk), Inulin, Milk Protein, Milk Fat, Emulsifying Salt (Polyphosphates), Modified Starch, Calcium Phosphate, Acidity Regulator (Lactic Acid), Corn and Potato Snack: Corn Flour, Potato Granules, Palm Oil, Flavourings, Sugar, Salt, Onion Powder, Emulsifier (Mono- and Diglycerides of Fatty Acids), Yeast Extract, Garlic Powder, Parsley, Acid (Citric Acid), Rosemary, Horseradish",https://www.sainsburys.co.uk/gol-ui/product/dairylea-dunkers-jumbo-tubes-3x41g,3x41g,2024-08-20T15:01:26.664622-04:00
66-735-DAI,Yeo Valley Organic Lemon Curd Yogurt 450g,Yeo,"Dairy, eggs & chilled",Dairy & eggs,Yogurts,,£2.25,,,50p / 100g,7743737.0,Lemon Curd Yogurt,,https://assets.sainsburys-groceries.co.uk/gol/7743737/1/640x640.jpg,"Nutrient	Per 100g		Per 100g
Energy	483kJ/ 115kcal
Fat	4.0g
of which saturates	2.5g
Carbohydrate	15.6g
of which sugars	14.2g
Protein	4.1g
Salt*	0.12g
Calcium	170mg†","Organic Whole Milk Yogurt, Organic Sugar (9%), Organic Pasteurised Free Range Egg, Organic Double Cream (Milk), Organic Concentrated Lemon Juice (0.4%), Organic Unsalted Butter (Milk), Rice Starch, Organic Lemon Oil",https://www.sainsburys.co.uk/gol-ui/product/yeo-valley-organic-lemon-curd-yogurt-450g,,2024-08-20T15:01:39.842724-04:00
66-736-DAI,Onken Fat Free Vanilla Yogurt 450g,Onken,"Dairy, eggs & chilled",Dairy & eggs,Special offers,,£1.95,,£1.25,43p / 100g,7208698.0,0% Fat Vanilla Yogurt with Vitamin D,,https://assets.sainsburys-groceries.co.uk/gol/7208698/1/640x640.jpg,"Nutrient	Per 100g		Per 100g
Energy	316kJ/ 75kcal
Fat	<0.5g
of which saturates	0.3g
Carbohydrate	13.0g
of which sugars	11.8g
Protein	4.5g
Salt	0.40g
Vitamin D	1.05µg (21%)
Calcium	130mg (16%)","Yogurt (Pasteurised Skimmed Milk), Water, Sugar, Corn Starch, Modified Corn Starch, Lemon Juice Concentrate, Natural Bourbon Vanilla Flavouring, Natural Flavouring, Vanilla Seeds, Thickeners (Fruit Pectin, Guar Gum), Safflower Extract, Lemon Extract, Carrot Extract, Vitamin D, Contains Live Cultures: Lactobacillus Acidophilus and Streptococcus Thermophilus",https://www.sainsburys.co.uk/gol-ui/product/onken-fat-free-vanilla-biopot-450g,,2024-08-20T15:01:47.427634-04:00
66-737-DAI,Arla Lactofree Fresh Whole Milk Drink 1 Litre,Arla,Drinks,Dairy & eggs,Dairy free,1L,£1.85,,£1.50,£1.85 / ltr,7078916.0,Lactose Free Pasteurised Homogenised Standardised Whole Filtered Milk Drink,,https://assets.sainsburys-groceries.co.uk/gol/7078916/1/640x640.jpg,"Nutrient	Per 100ml	Per 200ml		Per 100ml	Per 200ml
Energy	234kJ / 56kcal	468kJ / 112kcal
Fat	3.6g	7.1g
of which saturates	2.3g	4.6g
Carbohydrate	2.6g	5.3g
of which sugars	2.6g	5.3g
Protein	3.3g	6.7g
Salt	0.07g	0.14g
Vitamin B12	0.44µg (17.6% RI+)	0.88µg (35.2% RI+)
Calcium	108mg (13.5% RI+)	217mg (27.1% RI+)","Whole Milk, Lactase Enzyme",https://www.sainsburys.co.uk/gol-ui/product/lactofree-whole-milk-1l,,2024-08-19T18:31:42.961398-04:00
66-738-DAI,Sainsbury's Mild & Buttery Edam 300g,Sainsbury's,"Dairy, eggs & chilled",Dairy & eggs,Cheese,,£2.80,,,£9.03 / kg,7703403.0,Edam medium fat hard cheese,,https://assets.sainsburys-groceries.co.uk/gol/7703403/1/640x640.jpg,,,https://www.sainsburys.co.uk/gol-ui/product/sainsburys-mild-buttery-edam-300g,,2024-08-20T15:02:08.959364-04:00
66-739-DAI,"Sainsbury's British Butter Unsalted, SO Organic 250g",Sainsbury's,"Dairy, eggs & chilled",Dairy & eggs,"Butter, spreads & pastry",,£3.00,,,£12.00 / kg,1357295.0,Organic unsalted butter,,https://assets.sainsburys-groceries.co.uk/gol/1357295/1/640x640.jpg,,,https://www.sainsburys.co.uk/gol-ui/product/sainsburys-organic-unsalted-british-butter-250g,,2024-08-20T15:02:29.212014-04:00
66-740-DAI,"Light&Free Peach Passion Fruit 0% Added Sugar, Fat Free Yogurt 4x115g",Light&Free,"Dairy, eggs & chilled",Dairy & eggs,Special offers,,£2.50,4 for £2.50,£1.50,54p / 100g,7803377.0,Fat free yogurt with fruit and sweeteners,,https://assets.sainsburys-groceries.co.uk/gol/7803377/1/640x640.jpg,,"Yogurt (Milk), Peach (7%), Passion Fruit (1%), Starches (Potato, Tapioca), Modified Maize Starch, Acidity Regulators (Sodium Citrate, Lactic Acid), Stabiliser (Carrageenan), Sweeteners (Acesulfame K, Sucralose), Flavourings, Colour (Paprika Extract), Vitamin D",https://www.sainsburys.co.uk/gol-ui/product/danone-light---free-peach-4x115g,4x115g,2024-08-20T15:02:36.749983-04:00
66-741-DAI,Sainsbury's Danish Maple & Pecan Plait x2,Sainsbury's,"Dairy, eggs & chilled",Croissants & breakfast bakery,All breakfast bakery,,£1.60,,,80p / ea,6544239.0,"Danish pastry plait with maple remonce, topped with pecan nuts and glaze",,https://assets.sainsburys-groceries.co.uk/gol/6544239/1/640x640.jpg,,,https://www.sainsburys.co.uk/gol-ui/product/sainsburys-danish-maple-pecan-plait-x2,,2024-08-20T15:02:58.047544-04:00
66-742-DAI,"Activia Strawberry, Vanilla, Peach & Raspberry No Added Sugar Fat Free Multipack Yogurt 8x115g",Activia,"Dairy, eggs & chilled",Dairy & eggs,Special offers,,£4.00,8 for £4.00,£3.25,43p / 100g,6923998.0,"Fat Free Strawberry, Raspberry, Peach, Vanilla Yogurts with Live Cultures and Sweeteners",100 g,https://assets.sainsburys-groceries.co.uk/gol/6923998/1/640x640.jpg,"Nutrient	per 100g	per serving (115g)	% RI+ (115g)		per 100g	per serving (115g)	% RI+ (115g)		per 100g	per serving (115g)	% RI+ (115g)		per 100g	per serving (115g)	% RI+ (115g)		per 100g	per serving (115g)	% RI+ (115g)		per 100g	per serving (115g)	% RI+ (115g)		per 100g	per serving (115g)	% RI (115g)		per 100g	per serving (115g)	% RI (115g)
Energy (kJ/kcal)	201/ 47	231/ 54	3
Fat (g)	0.1	0.1	0
of which saturates (g)	0.1	0.1	1
Carbohydrate (g)	6.8	7.8	3
of which sugars (g)	6.4	7.4	8
Protein (g)	4.9	5.6	11
Salt (g)	0.25	0.29	5
Calcium (mg) (% RI+)	176	202	25
Energy (kJ/kcal)	209/ 49	240/ 56	3
Fat (g)	0.1	0.1	0
of which saturates (g)	0.1	0.1	1
Carbohydrate (g)	7.0	8.1	3
of which sugars (g)	6.6	7.6	8
Protein (g)	4.8	5.5	11
Salt (g)	0.25	0.29	5
Calcium (mg) (% RI+)	175	201	25
Energy (kJ/kcal)	206/ 49	237/ 56	3
Fat (g)	0.1	0.1	0
of which saturates (g)	0.0	0.1	0
Carbohydrate (g)	7.2	8.3	3
of which sugars (g)	6.7	7.7	9
Protein (g)	4.7	5.4	11
Salt (g)	0.25	0.29	5
Calcium (mg) (% RI+)	170	196	24
Energy (kJ/kcal)	205/ 48	235/ 55	3
Fat (g)	0.1	0.1	0
of which saturates (g)	0.1	0.1	1
Carbohydrate (g)	7.0	8.1	3
of which sugars (g)	6.6	7.6	8
Protein (g)	4.6	5.3	11
Salt (g)	0.25	0.29	5
Calcium (mg) (% RI)	170	196	24","Fat Free Yogurt (Milk), Water, Modified Maize Starch, Concentrated Lemon Juice, Carrot Concentrate, Natural Vanilla Flavouring, Bourbon Vanilla Powder (0.03%), Sweeteners (Acesulfame K, Sucralose), Natural Flavouring, Acidity Regulator (Sodium Citrate), Cultures (Bifidobacterium Lactis ( (Bifidus ActiRegularis), Streptococcus Thermophilus, Lactobacillus Bulgaricus, Lactococcus Lactis)",https://www.sainsburys.co.uk/gol-ui/product/activia-fat-free-yellow-fruits-8x125g,8x115g,2024-08-20T15:03:05.745524-04:00
66-743-DAI,Oatly Oat Drink Chocolate Long Life 1L,Oatly,Drinks,Dairy & eggs,Dairy free,1L,£1.90,,£1.50,£1.90 / ltr,6625895.0,"Oat drink, chocolate flavoured, with added vitamins and minerals.",,https://assets.sainsburys-groceries.co.uk/gol/6625895/1/640x640.jpg,,"Water, Oats 10%, Sugar 3.3%, Cocoa Powder 1%, Rapeseed Oil, Minerals (Calcium Carbonate, Calcium Phosphates, Potassium Iodide), Salt, Flavourings, Vitamins (D2, Riboflavin, B12)",https://www.sainsburys.co.uk/gol-ui/product/oatly-chocolate-oat-drink-1l,,2024-08-19T18:33:08.562386-04:00
66-744-DAI,Benecol Yogurt Drink Strawberry 6x67.5g,Benecol,Drinks,Dairy & eggs,"Butter, spreads & pastry",,£4.30,6 for £4.30,,£1.06 / 100g,6267910.0,"Strawberry flavoured yogurt drink with added plant stanols, sugars and sweetener.",67.5 g,https://assets.sainsburys-groceries.co.uk/gol/6267910/1/640x640.jpg,"Nutrient	Per 100g	Per 67.5g serving		Per 100g	Per 67.5g serving
Energy	215kJ/ 51kcal	145kJ/ 34kcal
Fat	2.1g	1.4g
of which saturates	0.2g	0.1g
Carbohydrate	5.1g	3.4g
of which sugars	4.9g	3.3g
Protein	2.8g	1.9g
Salt	0.09g	0.06g
Plant stanols	3.0g	2.0g
Vitamin B1	0.51mg (46%RI)	0.33mg (31%RI)","Yogurt (85%) (Skimmed Milk, Yogurt Cultures), Strawberry Juice (6%), Plant Stanol Ester (Plant Stanols 3%), Sugar, Lemon Juice, Stabiliser (Pectin), Colour (Beetroot Juice), Flavouring, Sweetener (Sucralose), Vitamin B1*, *Vitamin B1 contributes to the normal function of the heart",https://www.sainsburys.co.uk/gol-ui/product/benecol-strawberry-yogurt-drink-6x675g,6x67.5g,2024-08-19T19:56:16.606885-04:00
66-745-DAI,Rachel's Organic Greek Style Set Natural Yogurt 450g,Rachel's,"Dairy, eggs & chilled",Dairy & eggs,Special offers,,£2.00,,£1.50,44p / 100g,3077290.0,Organic Greek Style Set Natural Yogurt,,https://assets.sainsburys-groceries.co.uk/gol/3077290/1/640x640.jpg,"Nutrient	Per 100g		Per 100g
Energy	480kJ/ 116kcal
Fat	9.0g
of which saturates	5.6g
Carbohydrate	5.0g
of which sugars	5.0g
Protein	3.6g
Salt	0.1g
Calcium	(15% RI*) 120mg",Organic Natural Yogurt (Milk),https://www.sainsburys.co.uk/gol-ui/product/rachels-organic-dairy-natural-greek-yogurt-450g,,2024-08-20T15:03:13.166540-04:00
66-746-DAI,Arla Lactofree Cream 250ml,Arla,"Dairy, eggs & chilled",Dairy & eggs,Cream,250ML,£1.55,,,62p / 100ml,7483209.0,Lactose Free Stabilised Pasteurised Whipping Cream,,https://assets.sainsburys-groceries.co.uk/gol/7483209/1/640x640.jpg,"Nutrient	Per 100ml
Energy	1426kJ/ 346kcal
Fat	36.1g
of which saturates	23.1g
Carbohydrate	2.9g
of which sugars	2.9g
Fibre	<0.5g
Protein	2.3g
Salt	0.06g","Cream (Milk), Lactase Enzyme, Stabiliser (Carrageenan)",https://www.sainsburys.co.uk/gol-ui/product/lactofree-cream-250ml,,2024-08-20T15:03:26.435392-04:00
66-747-DAI,Sainsbury's Cambozola Blue Cheese 175g,Sainsbury's,"Dairy, eggs & chilled",Dairy & eggs,Cheese,,£3.10,,,£17.71 / kg,7180612.0,Full fat soft mould ripened blue vein cheese made with pasteurised milk,,https://assets.sainsburys-groceries.co.uk/gol/7180612/1/640x640.jpg,,,https://www.sainsburys.co.uk/gol-ui/product/sainsburys-cambozola-175g,,2024-08-20T15:03:47.252026-04:00
66-748-DAI,Stork Baking Spread Alternative to Butter 1kg,Stork,"Dairy, eggs & chilled",Dairy & eggs,"Butter, spreads & pastry",,£3.35,,,£3.35 / kg,2301761.0,Baking spread alternative to butter,,https://assets.sainsburys-groceries.co.uk/gol/2301761/1/640x640.jpg,"Nutrient	per 100g		per 100g
Energy	2593kJ/ 620kcal
Fat	70g
- of which saturates	23g
Carbohydrate	<0.5g
- of which sugars	<0.5g
Protein	<0.5g
Salt	1.4g
Vitamin A	800 µg (100% DRI*)
Vitamin D	7.5 µg (150% DRI*)","Vegetable Oils 70% (Rapeseed, Palm¹, Sunflower in varying proportions), Water, Salt (1.4%), Emulsifiers (Lecithin, Mono- and Diglycerides of Fatty Acids), Acid (Citric Acid), Colouring (Carotene), Natural Flavouring, Vitamins (A,D), ¹Stork is committed to Sustainable Palm Oil",https://www.sainsburys.co.uk/gol-ui/product/stork-margarine-1kg,,2024-08-20T15:04:00.124759-04:00
66-749-DAI,Sainsbury's Vanilla Flavoured Danish Crown x2,Sainsbury's,"Dairy, eggs & chilled",Croissants & breakfast bakery,All breakfast bakery,,£1.60,,,80p / ea,7574479.0,"Danish pastry crown with a vanilla crème filling, topped with glaze",,https://assets.sainsburys-groceries.co.uk/gol/7574479/1/640x640.jpg,,,https://www.sainsburys.co.uk/gol-ui/product/sainsburys-danish-pastry-madagascan-vanilla-cr%C3%A8me-crown-x2,,2024-08-20T15:04:21.055457-04:00
66-750-DAI,Petits Filous Kids No Added Sugar Strawberry & Banana Yoghurt Pots 6x47g,Petits,"Dairy, eggs & chilled",Dairy & eggs,Special offers,,£1.95,6 for £1.95,£1.25,69p / 100g,8004910.0,No Added Sugar - contains naturally occuring sugars,,https://assets.sainsburys-groceries.co.uk/gol/8004910/1/640x640.jpg,"Nutrient	Per: 100g	Per: 94g (2 pots)		Per: 100g	Per: 94g (2 pots)
Energy:	356kJ/ 85kcal	335kJ/ 80kcal
Fat:	3.4 g	3.2 g
Of which Saturates:	2.2 g	2.1 g
Carbohydrate:	5.4 g	5.1 g
Of which Sugars:	4.9 g	4.6 g
Protein:	8.0 g	7.5 g
Salt:	0.12 g	0.11 g
Calcium:	128 mg (16% RI***)	120 mg (15%RI***)
Vitamin D:	0.80 µg (16% RI***)	0.75 µg (15% RI***)","Fromage Frais (Pasteurised Semi-Skimmed Milk 80.3%, Cream (Milk), Skimmed Milk Powder, Lactic Cultures (Milk)), Fruits 10% (Strawberry 5%, Banana 5%), Carrot Juice, Maize Starch, Natural Flavourings, Concentrated Lemon Juice, Lemon Juice, Milk Mineral Concentrate, Vitamin D",https://www.sainsburys.co.uk/gol-ui/product/petits-filous-no-added-sugar-strwb-6x47g,6x47g,2024-08-20T15:04:28.691285-04:00
66-751-DAI,,Sainsbury's,"Dairy, eggs & chilled",Dairy & eggs,Cream,,£2.25,,,£1.13 / 100g,8147201.0,Cornish Clotted Cream,,https://assets.sainsburys-groceries.co.uk/gol/8147201/1/640x640.jpg,,,https://www.sainsburys.co.uk/gol-ui/product/sainsburys-cornish-clotted-cream-taste-the-difference-200g,,2024-08-20T15:04:54.036790-04:00
66-752-DAI,Le Rustique Camembert Cheese 250g,Le,"Dairy, eggs & chilled",Dairy & eggs,Cheese,,£2.90,,£2.40,£11.60 / kg,6033327.0,Camembert Cheese,,https://assets.sainsburys-groceries.co.uk/gol/6033327/1/640x640.jpg,"Nutrient	/ 100 g
Energy	1114 kJ / 268 kcal
Fat	20 g
of which saturates	14 g
Carbohydrate	1.0 g
of which sugars	<0.5 g
Protein	21 g
Salt	1.6 g",From Pasteurised Cows' Milk,https://www.sainsburys.co.uk/gol-ui/product/le-rustique-camembert-250g,,2024-08-20T15:05:02.600567-04:00
66-753-DAI,Galbani Italian Burrata 150g,Galbani,"Dairy, eggs & chilled",Dairy & eggs,Cheese,,£3.20,,,£21.33 / kg,8025034.0,"Fresh stretched curd cheese with cream, in brine.",,https://assets.sainsburys-groceries.co.uk/gol/8025034/1/640x640.jpg,,"Pasteurised Milk, UHT Cream (Milk) 41%, Acidity Regulator (Lactic Acid), Salt, Rennet",https://www.sainsburys.co.uk/gol-ui/product/galbani-italian-burrata-150g,,2024-08-20T15:05:14.644752-04:00
66-754-DAI,Sainsbury's Buttermilk 300ml,Sainsbury's,"Dairy, eggs & chilled",Dairy & eggs,Custard,300ML,£1.00,,,33p / 100ml,1313628.0,Pasteurised cultured buttermilk,,https://assets.sainsburys-groceries.co.uk/gol/1313628/1/640x640.jpg,,,https://www.sainsburys.co.uk/gol-ui/product/sainsburys-buttermilk-300ml,,2024-08-20T15:05:35.561416-04:00
66-755-DAI,Alpro Raspberry Cranberry & Blackberry Yoghurt Alternative 4x125g,Alpro,"Dairy, eggs & chilled",Dairy & eggs,Dairy free,,£2.50,4 for £2.50,,50p / 100g,7749493.0,"Fermented soya product, raspberry-cranberry / blackberry, with added calcium and vitamins.",,https://assets.sainsburys-groceries.co.uk/gol/7749493/1/640x640.jpg,"Nutrient	per 100 g		per 100 g		per 100 g		per 100 g
Energy	322 kJ / 76 kcal
Fat	1.9 g
of which Saturates	0.3 g
Carbohydrate	9.7 g
of which Sugars	9.5 g
Fibre	1.1 g
Protein	3.6 g
Salt	0.22 g
D	0.75 µg*
B12	0.38 µg*
Riboflavin (B2)	0.21 mg*
Minerals: Calcium	120 mg*
Energy	307 kJ / 73 kcal
Fat	2.1 g
of which Saturates	0.3 g
Carbohydrate	9.2 g
of which Sugars	9.1 g
Fibre	1.2 g
Protein	3.7 g
Salt	0.21 g
D	0.75 µg*
B12	0.38 µg*
Riboflavin (B2)	0.21 mg*
Minerals: Calcium	120 mg*","Soya Base (Water, Hulled Soya Beans (9.7%)), Sugar, Raspberry (5.2%) (Fruit (3.1%), Juice from Concentrate (2.1%)), Cranberry (5%) (Fruit (2.9%), Juice from Concentrate (2.1%)), Glucose-Fructose Syrup, Acidity Regulators (Citric Acid, Sodium Citrates, Malic Acid), Stabiliser (Pectins), Calcium (Tri-Calcium Phosphate), Carrot Extract, Beetroot Extract, Flavouring, Sea Salt, Antioxidants (Tocopherol-Rich Extract, Fatty Acid Esters of Ascorbic Acid), Vitamins (B2, B12, D2), Yogurt Cultures (S. Thermophilus, L. Bulgaricus)",https://www.sainsburys.co.uk/gol-ui/product/alpro-yogurt-alternative-blackberry--raspberry---cranberry-4x125g,4x125g,2024-08-20T15:05:48.888725-04:00
66-756-DAI,The Collective Gourmet Raspberry Greek-Style Yoghurt 425g,The,"Dairy, eggs & chilled",Dairy & eggs,Yogurts,,£2.95,,,69p / 100g,7782107.0,Raspberry yoghurt,,https://assets.sainsburys-groceries.co.uk/gol/7782107/1/640x640.jpg,"Nutrient	Per 100g
Energy	427kJ / 101kcal
Fat	4.2g
- Of which Saturates	2.9g
Carbohydrate	11.4g
- Of which Sugars	9.8g
Protein	4.6g
Salt	0.10g","Live Yoghurt* (86%) (Milk), Sugar, Raspberries (3%), Apple Puree (2%), Honey, Cornflour, Natural Flavouring, Natural Colour (Anthocyanins), Concentrated Lemon Juice, Gelling Agent (Fruit Pectin), Tapioca Starch, *Contains Cultures: S. Thermophilus, L. Acidophilus, Bifidobacterium",https://www.sainsburys.co.uk/gol-ui/product/collective-raspberry-yogurt-450g,,2024-08-20T15:06:01.437090-04:00
66-757-DAI,Yeo Valley Organic 0% Fat Vanilla Yogurt 450g,Yeo,"Dairy, eggs & chilled",Dairy & eggs,Yogurts,,£2.25,,,50p / 100g,7085297.0,Fat Free Vanilla Yogurt,,https://assets.sainsburys-groceries.co.uk/gol/7085297/1/640x640.jpg,"Nutrient	Per 100g		Per 100g
Energy	81342kJ/ 81kcal
Fat	0g
of which saturates	0g
Carbohydrate	14.1g
of which sugars	14.0g
Protein	5.8g
Salt*	0.17g
Calcium	179mg†","Organic Fat Free Yogurt (Milk), Organic Sugar (7%), Organic Vanilla Extract, Organic Maize Starch, Organic Vanilla Powder, Organic Concentrated Lemon Juice",https://www.sainsburys.co.uk/gol-ui/product/yeo-valley-organic-yogurt-fat-free-vanilla-450g,,2024-08-20T15:06:14.188096-04:00
66-758-DAI,Alpro Oat Milk Chilled Dairy Alternative 1L,Alpro,"Dairy, eggs & chilled",Dairy & eggs,Dairy free,1L,£2.00,,,£2.00 / ltr,7834656.0,"Oat drink with added calcium and vitamins, flash pasteurised.",,https://assets.sainsburys-groceries.co.uk/gol/7834656/1/640x640.jpg,"Nutrient	per 100 ml		per 100 ml
Energy	174 kJ / 41 kcal
Fat	1.4 g
of which Saturates	0.2 g
Carbohydrate	5.9 g
of which Sugars	2.5 g
Fibre	1.8 g
Protein	0.4 g
Salt	0.09 g
- D2	0.75 µg*
E	1.8 mg*
- B12	0.38 µg*
- Riboflavin (B2)	0.21 mg*
- Calcium	120 mg*","Oat Base (97%) (Water, Oat (9.5%)), Chicory Root Fibre, Sunflower Oil, Calcium [Tri-Calcium Phosphate], Sea Salt, Stabiliser (Gellan Gum), Vitamins B2, B12, D2",https://www.sainsburys.co.uk/gol-ui/product/alpro-oat-1l,,2024-08-20T15:06:26.908065-04:00
66-759-DAI,Yeo Valley Organic Strawberry 4x110g,Yeo,"Dairy, eggs & chilled",Dairy & eggs,Special offers,,£2.50,4 for £2.50,£1.50,57p / 100g,7284656.0,4 Strawberry Yogurts,,https://assets.sainsburys-groceries.co.uk/gol/7284656/1/640x640.jpg,"Nutrient	Per 100g		Per 100g
Energy	399kJ/ 95kcal
Fat	3.8g
of which saturates	2.5g
Carbohydrate	10.5g
of which sugars	9.9g
Protein	4.5g
Salt*	0.15g
Calcium	150mg†","Organic Whole Milk Yogurt, Organic Strawberry Purée (5%), Organic Sugar (5%), Organic Maize Starch, Natural Flavouring, Organic Concentrated Elderberry Juice, Organic Concentrated Lemon Juice, Contains the following Live Cultures: Bifidobacterium, Lactobacillus Acidophilus, Streptococcus Thermophilus",https://www.sainsburys.co.uk/gol-ui/product/yeo-valley-organic-strawberry-yogurts-4x120g,4x110g,2024-08-20T15:06:36.005673-04:00
66-760-DAI,Arla Jord Chilled Oat Drink 1L,Arla,Drinks,Dairy & eggs,Dairy free,1L,£1.90,,£1.25,£1.90 / ltr,8030960.0,"Oat Drink, Enriched with Vitamin D and Folic Acid (Vitamin B9), Pasteurised.",,https://assets.sainsburys-groceries.co.uk/gol/8030960/1/640x640.jpg,"Nutrient	Per 100 ML		Per 100 ML
Energy	196 kJ / 47 kcal
Fat	1,5 g
of which saturates	0,1 g
Carbohydrate	7,1 g
of which sugars	3,0 g
Fibre	1,0 g
Protein	0,7 g
Salt	0,10 g
Vitamin D	1,0 µg (20% RI)
Folic Acid	15,0 µg (7,5% RI)","Water, Oats (12%), Rapeseed Oil, Maize Fibre, Salt, Vitamin D, Folic Acid (Vitamin B9)",https://www.sainsburys.co.uk/gol-ui/product/jord-oat-1l,,2024-08-19T18:33:21.254264-04:00
66-761-DAI,Rodda's Clotted Cream 227g,Rodda's,"Dairy, eggs & chilled",Dairy & eggs,Cream,,£2.75,,,£1.21 / 100g,3161654.0,Clotted Cream,,https://assets.sainsburys-groceries.co.uk/gol/3161654/1/640x640.jpg,,,https://www.sainsburys.co.uk/gol-ui/product/roddas-clotted-cream-227g,,2024-08-20T15:06:57.224478-04:00
66-762-DAI,Biotiful Gut Health Kefir Milk Drink Cherry 500ml,Biotiful,Drinks,Dairy & eggs,Milk,500ML,£2.60,,,52p / 100ml,7851171.0,Kefir: Fermented milk with cherry,,https://assets.sainsburys-groceries.co.uk/gol/7851171/1/640x640.jpg,"Nutrient	Per 100ml	1 serving (250ml)		Per 100ml	1 serving (250ml)
Energy, kcal (kJ)	278	684
Fat (g)	2.6	6.4
of which saturates (g)	1.9	4.7
Carbohydrates (g)	7.4	18
of which sugars*** (g)	5.4	14
Protein (g)	3.3	8.3
Salt (g)	0.09	0.23
Vitamins and Minerals	% of reference intake per 100ml	Per 100ml
Riboflavin B2 (mg)	9%	0.12
Vitamin B12 (µg)	8%	0.19
Calcium (mg)	12%	98
Phosphorus (mg)	10%	69","Pasteurised Cow's Milk (88%) Fermented with Live Kefir Cultures†, Cherry Puree (6%), Fruit Extract (Apple, Carob, Grape), Stabiliser (Pectin), Lemon Concentrate, Natural Flavouring, † Includes: Bifidobacterium, Lactobacillus Acidophilus, Lactobacillus Casei, Lactobacillus Rhamnosus",https://www.sainsburys.co.uk/gol-ui/product/bio-tiful-dairy-cherry-kefir-500ml,,2024-08-19T18:31:56.239581-04:00
66-763-DAI,Arla Protein Chocolate Flavour Pudding 200g,Arla,"Dairy, eggs & chilled",Dairy & eggs,Yogurts,,£1.75,,,88p / 100g,8144571.0,Lactose Free Chocolate Flavour. UHT Dairy Dessert with Sweeteners.,,https://assets.sainsburys-groceries.co.uk/gol/8144571/1/640x640.jpg,"Nutrient	Per 100 G		Per 100 G
Energy	311 kJ / 74 kcal
Fat	1,5 g
of which saturates	0,9 g
Carbohydrates	6,6 g
of which sugars	4,4 g
Protein	10 g
Salt	0,19 g
Calcium	220 mg (28%³)
Magnesium	28,2 mg (7,5%³)
Vitamin D	1,05 µg (21%³)","Milk (87%), Milk Protein, Sweeteners (Erythritol, Steviol Glycosides from Stevia), Fat-Reduced Cocoa Powder² (1.8%), Stabilisers (carrageenan, Guar Gum), Natural Flavourings, Lactase Enzyme, Branched Chain Amino Acids (Leucine, Isoleucine, Valine), Acidity Regulator (Trisodium Citrate Dihydrate), Magnesium Carbonate, Vitamin D3, Lactose Content <0,01 g/100 g, ²Rainforest Alliance Certified. ra.org",https://www.sainsburys.co.uk/gol-ui/product/arla-protein-chocolate-flavour-pudding-200g,,2024-08-20T15:07:10.483689-04:00
66-764-DAI,Utterly Butterly Lightly Spread Alternative to Butter 500g,Utterly,"Dairy, eggs & chilled",Dairy & eggs,"Butter, spreads & pastry",,£1.50,,£1.25,£3.00 / kg,8080522.0,80% less saturated fat than butter,,https://assets.sainsburys-groceries.co.uk/gol/8080522/1/640x640.jpg,"Nutrient	per 100g
Energy	1460kJ / 355kcal
Fat	38g
of which saturates	10.9g
of which mono-unsaturates	18.8g
of which polyunsaturates	8g
Carbohydrate	2.8g
of which sugars	0.5g
Protein	0.3g
Salt	1.5g","Water, Vegetable Oils in varying proportions (Rapeseed, Sustainable Palm), Buttermilk, Modified Maize Starch, Salt, Emulsifiers - E471, E476, Preservative - Potassium Sorbate, Acid - Lactic Acid, Colours - Annatto Bixin, Curcumin, Flavouring",https://www.sainsburys.co.uk/gol-ui/product/utterly-butterly-lightly-500g,,2024-08-20T15:07:19.874900-04:00
66-765-DAI,Light & Free Cherry Greek Style Yogurt 4x115g,Light,"Dairy, eggs & chilled",Dairy & eggs,Special offers,,£2.50,4 for £2.50,£1.50,54p / 100g,7996191.0,Fat free yogurt with fruit and sweeteners,,https://assets.sainsburys-groceries.co.uk/gol/7996191/1/640x640.jpg,,"Yogurt (Milk), Cherry (10%), Starches (Potato, Tapioca), Modified Maize Starch, Stabilisers (Pectin, Carragenan), Flavouring, Acidity Regulators (Sodium Citrate, Calcium Citrate), sweeteners (Acesulfame K, Sucralose), Colour (Anthocyanin), Vitamin D",https://www.sainsburys.co.uk/gol-ui/product/light-free-cherry-greek-style-yogurt-4x115g,4x115g,2024-08-20T15:07:28.189724-04:00
66-766-DAI,Sainsbury's Beechwood Smoked Cheese 150g,Sainsbury's,"Dairy, eggs & chilled",Dairy & eggs,Cheese,,£2.15,,,£14.33 / kg,450584.0,Smoked processed cheese with butter,,https://assets.sainsburys-groceries.co.uk/gol/450584/1/640x640.jpg,,,https://www.sainsburys.co.uk/gol-ui/product/sainsburys-german-smoked-cheese-150g,,2024-08-20T15:07:50.148324-04:00
66-767-DAI,Arctic Coffee Caffe Latte 1L,Arctic,Drinks,Dairy & eggs,Milk,1L,£2.20,,£1.95,22p / 100ml,7993002.0,Cafe Latte Milk Drink,,https://assets.sainsburys-groceries.co.uk/gol/7993002/1/640x640.jpg,"Nutrient	per 100ml
Energy	230kJ/ 55kcal
Fat	1.3g
of which saturates	1.0g
Carbohydrate	7.8g
of which sugars	7.5g
Fibre	<0.5g
Protein	2.9g
Salt	0.16g","1.8% Fat Milk (76%), Arabica Coffee (Water, Natural Coffee Extract*) (20%), Sugar, Stabilisers (Cellulose, Cellulose Gum), Natural Flavouring, Sodium Phosphate, *100% Rainforest Alliance Certified Coffee",https://www.sainsburys.co.uk/gol-ui/product/arctic-iced-coffee-cafe-latte-1l,,2024-08-19T18:33:30.857021-04:00
66-768-DAI,Bio & Me Kefir Live Yoghurt Vanilla 350g,Bio,"Dairy, eggs & chilled",Dairy & eggs,Yogurts,,£2.10,,,60p / 100g,8067569.0,Vanilla Gut-Loving Yoghurt,150 g,https://assets.sainsburys-groceries.co.uk/gol/8067569/1/640x640.jpg,"Nutrient	Per 100g	Per 150g Serving		Per 100g	Per 150g Serving
Energy	352kJ/ 84kcal	528kJ/ 126kcal (6%†)
Fat	3.0g	4.5g (6%†)
of which saturates	2.4g	3.6g (18%†)
Carbohydrate	8.0g	12.0g (5%†)
of which sugars	7.6g	11.4g (13%†)
Fibre	2.0g	3.0g (10%†)
Protein	5.0g	7.5g (15%†)
Salt	0.23g	0.35g (6%†)
Calcium	195mg (24%†)	293mg (37%†)
Phosphorus	144mg (21%†)	216mg (31%†)
Vitamin B2	0.27mg (19%†)	0.4mg (29%†)
Vitamin B12	0.49µg (20%†)	0.7µg (30%†)","Yoghurt (Milk), Fermented with 18 Different Live and Active Cultures, Chicory Root Fibre, Madagascan Vanilla Bean Extract (0.1%), Natural Flavouring",https://www.sainsburys.co.uk/gol-ui/product/bio-me-vanilla-gut-loving-prebiotic-yoghurt-350g,,2024-08-20T15:08:03.772137-04:00
66-769-DAI,Biomel Dark Chocolate Dairy Free Coconut Probiotic Drink 125ml,Biomel,"Dairy, eggs & chilled",Dairy & eggs,Dairy free,125ML,£1.20,,,96p / 100ml,7911038.0,,,https://assets.sainsburys-groceries.co.uk/gol/7911038/1/640x640.jpg,"Nutrient	(per 100ml)		(per 100ml)
Energy	188kJ / 45kcal
Fat	2.3g
of which saturates	1.9g
Carbohydrates	5.9g
of which sugars	4.9g
Fibre	0.7g
Protein	0.6g
Salt	0.1g
Calcium	400mg*
Vitamin B6	0.7mg*
Vitamin D	2.5µg*","Coconut Milk (Purified Water, Pressed Coconut), Raw Cane Sugar, Cacao, Gellan Gum, Guar Gum, Sea Salt, Vitamins B6, D, Calcium and Billions of Live Active Cultures",https://www.sainsburys.co.uk/gol-ui/product/biomel-dark-chocolate-dairy-free-coconut-probiotic-drink-125ml,,2024-08-20T15:08:22.117794-04:00
66-770-DAI,Two Chicks Liquid Egg White 500g,Two,"Dairy, eggs & chilled",Dairy & eggs,Eggs,,£3.30,,,£6.60 / kg,6755369.0,Naturally high in protein,,https://assets.sainsburys-groceries.co.uk/gol/6755369/1/640x640.jpg,"Nutrient	Per 100g	Per 3tbsp serving
Energy	202kJ/ 48kcal	91kJ/ 22kcal
Fat	0g	0g
of which saturates	0g	0g
Carbohydrate	0g	0g
of which sugars	0g	0g
Protein	10.9g	4.9g
Salt	0.41g	0.19g","Pasteurised Egg Whites from Free Range Chicken Eggs, Thickener (Guar Gum)",https://www.sainsburys.co.uk/gol-ui/product/two-chicks-liquid-egg-white-500g,,2024-08-20T15:08:35.632397-04:00
66-771-DAI,Sainsbury's Danish Pastry Cinnamon Whirls x2,Sainsbury's,"Dairy, eggs & chilled",Croissants & breakfast bakery,All breakfast bakery,,£1.60,,,80p / ea,6544225.0,"Danish pastry whirls with cinnamon remonce between layers of pastry, topped with glaze",,https://assets.sainsburys-groceries.co.uk/gol/6544225/1/640x640.jpg,,,https://www.sainsburys.co.uk/gol-ui/product/sainsburys-danish-pastry-cinnamon-whirls-x2,,2024-08-20T15:09:00.151723-04:00
66-772-DAI,JS Baking Spread 500g,JS,"Dairy, eggs & chilled",Dairy & eggs,"Butter, spreads & pastry",,£1.40,,,£2.80 / kg,7513850.0,Vegetable fat spread (70%),,https://assets.sainsburys-groceries.co.uk/gol/7513850/1/640x640.jpg,,,https://www.sainsburys.co.uk/gol-ui/product/sainsburys-soft-spread-500g,,2024-08-20T15:09:21.256424-04:00
66-773-DAI,"Sainsbury's British Semi Skimmed Milk, SO Organic 568ml (1 pint)",Sainsbury's,Drinks,Dairy & eggs,Milk,568ML,£1.00,,,£1.76 / ltr,603379.0,Organic pasteurised homogenised semi skimmed milk,,https://assets.sainsburys-groceries.co.uk/gol/603379/1/640x640.jpg,,,https://www.sainsburys.co.uk/gol-ui/product/sainsburys-british-semi-skimmed-milk-so-organic-568ml-1-pint-,,2024-08-19T18:33:51.987154-04:00
66-774-DAI,"Sainsbury's Double Cream, SO Organic 300ml",Sainsbury's,"Dairy, eggs & chilled",Dairy & eggs,Cream,300ML,£1.50,,,50p / 100ml,7244426.0,Pasteurised British organic double cream,,https://assets.sainsburys-groceries.co.uk/gol/7244426/1/640x640.jpg,,,https://www.sainsburys.co.uk/gol-ui/product/sainsburys-double-cream--so-organic-300ml,,2024-08-20T15:09:43.313038-04:00
66-775-DAI,President French Slightly Salted Butter 250g,President,"Dairy, eggs & chilled",Dairy & eggs,"Butter, spreads & pastry",,£2.70,,,£10.80 / kg,6407162.0,Slightly Salted Butter,,https://assets.sainsburys-groceries.co.uk/gol/6407162/1/640x640.jpg,"Nutrient	(per 100g)
Energy:	3017 kJ/ 734 kcal
Fat:	81g
of which saturates:	57g
Carbohydrate:	0.5g
of which sugars:	0.5g
Protein:	0.7g
Salt:	1.5g","Butter (Milk), Salt 1.5g, Typical Fat content 81%",https://www.sainsburys.co.uk/gol-ui/product/president-salted-butter-250g,,2024-08-20T15:09:56.808211-04:00
66-776-DAI,Bonne Maman Strawberry Mousse 2x70g,Bonne,"Dairy, eggs & chilled",Dairy & eggs,Yogurts,,£2.20,2 for £2.20,,£1.57 / 100g,7933477.0,Strawberry mousse.,,https://assets.sainsburys-groceries.co.uk/gol/7933477/1/640x640.jpg,"Nutrient	100g
Energy	727 kJ/ 172 kcal
Fat	7.7 g
of which saturates	4.7 g
Carbohydrates	23 g
of which sugars	22 g
Fibre	0.5 g
Protein	2.4 g
Salt	0.1 g","Strawberries (31%), Yogurt (26%) (Milk), Cream (18%) (Milk), Sugar, Cornflour, Pork Gelatine, Concentrated Lemon Juice",https://www.sainsburys.co.uk/gol-ui/product/bonne-maman-strawberry-mousse-2x70g,2x70g,2024-08-20T15:10:10.098760-04:00
66-777-DAI,"Sainsbury's Stilton Blue Cheese, Taste the Difference 210g",Sainsbury's,"Dairy, eggs & chilled",Dairy & eggs,Cheese,,£3.15,,,£15.00 / kg,7355694.0,Blue Stilton® cheese,,https://assets.sainsburys-groceries.co.uk/gol/7355694/1/640x640.jpg,,,https://www.sainsburys.co.uk/gol-ui/product/sainsburys-stilton--taste-the-difference-210g,,2024-08-20T15:10:31.533161-04:00
66-778-DAI,Muller Light Fat Free Vanilla Yogurt with Chocolate Sprinkles 160g,Muller,"Dairy, eggs & chilled",Dairy & eggs,Special offers,,90p,,50p,56p / 100g,6923272.0,"Vanilla flavour fat free yogurt with dark chocolate sprinkles (0.5%), with sugar & sweeteners and added vitamins B6 & D",,https://assets.sainsburys-groceries.co.uk/gol/6923272/1/640x640.jpg,"Nutrient	(Per 100g)		(Per 100g)
Energy	254kJ (60kcal)
Fat	0.5g
of which saturates	0.3g
Carbohydrate	7.3g
of which sugars	6.8g
Protein	5.8g
Salt	0.25g
Vitamin B6	0.53mg (60% of NRV Per Pot)
Vitamin D	1.9µg (60% of NRV Per Pot)
Calcium	172mg (34% of NRV Per Pot)","Yogurt (Milk), Water, Modified Maize Starch, Cocoa Butter, Cocoa Powder, Fat Reduced Cocoa Powder, Concentrated Butter (Milk), Sugar, Natural Vanilla Flavouring, Flavourings, Stabilisers: Pectins, Guar Gum, Acidity Regulators: Citric Acid, Sodium Citrates, Sweeteners: Aspartame, Acesulfame K, Vitamin B6, Vitamin D",https://www.sainsburys.co.uk/gol-ui/product/muller-light-vanilla---chocolate-165g,,2024-08-20T15:10:39.680655-04:00
66-779-DAI,Happy Monkey Chocolate Milkshakes 3x200ml,Happy,Drinks,Dairy & eggs,Milk,200ML,£1.20,3 for £1.20,,20p / 100ml,8032169.0,,,https://assets.sainsburys-groceries.co.uk/gol/8032169/1/640x640.jpg,,,https://www.sainsburys.co.uk/gol-ui/product/happy-monkey-chocolate-milkshake-3x200ml,3x200ml,2024-08-19T18:32:47.042075-04:00
66-780-DAI,Activia Strawberry No Added Sugar Fat Free Yogurt 4x115g,Activia,"Dairy, eggs & chilled",Dairy & eggs,Yogurts,,£2.50,4 for £2.50,,54p / 100g,7823549.0,"Fat Free Yogurt with Strawberry, Live Cultures and Sweeteners",100 g,https://assets.sainsburys-groceries.co.uk/gol/7823549/1/640x640.jpg,"Nutrient	Per 100g	Per serving (115g)	% RI* (115g)		Per 100g	Per serving (115g)	% RI* (115g)
Energy (kJ/kcal)	205/ 48	235/ 55	3
Fat (g)	0.1	0.1	0
of which saturates (g)	0.1	0.1	1
Carbohydrate (g)	7.0	8.1	3
of which sugars (g)	6.6	7.6	8
Protein (g)	4.6	5.3	11
Salt (g)	0.25	0.29	5
Calcium (mg)	170	196	24","Fat Free Yogurt (Milk), Strawberry (11%), Modified Maize Starch, Natural Flavourings, Black Carrot Concentrate, Stabiliser (Pectin), Acidity Regulators (Sodium Citrate, Lactic Acid), Sweeteners (Acesulfame K, Sucralose), Cultures (Bifidobacterium Lactis (Bifidus ActiRegularis), Streptococcus Thermophilus, Lactobacillus Bulgaricus, Lactococcus Lactis)",https://www.sainsburys.co.uk/gol-ui/product/activia-no-added-sugar-0-fat-strawberry-yogurt-4x120g,4x115g,2024-08-20T15:10:53.035652-04:00
66-781-DAI,Müller Light Fat Free Strawberry Yogurt 160g,Müller,"Dairy, eggs & chilled",Dairy & eggs,Special offers,,90p,,50p,56p / 100g,7510039.0,Strawberry fat free yogurt with sweetener and added vitamins B6 & D,,https://assets.sainsburys-groceries.co.uk/gol/7510039/1/640x640.jpg,"Nutrient	(Per 100g)		(Per 100g)
Energy	241kJ (56kcal)
Fat	<0.5g
of which saturates	0.1g
Carbohydrate	7.6g
of which sugars	6.8g
Protein	5.6g
Salt	0.23g
Vitamin B6	0.5mg (57% of NRV Per Pot)
Vitamin D	1.79µg (57% of NRV Per Pot)
Calcium	161mg (32% of NRV Per Pot)","Yogurt (Milk), Water, Strawberries (9%), Modified Maize Starch, Flavourings, Stabilisers: Pectins, Acidity Regulators: Sodium Citrates, Citric Acid, Colouring Foods: Beetroot Juice & Black Carrot Concentrates, Sweetener: Aspartame, Vitamin B6, Vitamin D",https://www.sainsburys.co.uk/gol-ui/product/mullerlight-strawberry-175g,,2024-08-20T15:11:01.091120-04:00
66-782-DAI,Arla Lactofree Soft Cheese 200g,Arla,"Dairy, eggs & chilled",Dairy & eggs,Cheese,,£1.75,,£1.25,£8.75 / kg,6926577.0,Lactose Free 17% Fat Soft Cheese,,https://assets.sainsburys-groceries.co.uk/gol/6926577/1/640x640.jpg,"Nutrient	Per 100g:
Energy	825kJ / 199kcal
Fat	17g
(of which saturates	11g)
Carbohydrate	3.0g
(of which sugars	3.0g)
Protein	8.7g
Salt	0.85g","Soft Cheese (Milk), Lactase Enzyme",https://www.sainsburys.co.uk/gol-ui/product/lactofree-soft-white-cheese-200g,,2024-08-20T15:11:09.805144-04:00
66-783-DAI,"Sainsbury's Triple Cheese Burger Melts, Summer Edition 100g",Sainsbury's,"Dairy, eggs & chilled",Dairy & eggs,Cheese,,£1.75,,,£17.50 / kg,8182373.0,Mild cheddar cheese blended with Red Leicester cheese and Mozzarella cheese,,https://assets.sainsburys-groceries.co.uk/gol/8182373/1/640x640.jpg,,,https://www.sainsburys.co.uk/gol-ui/product/sainsburys-triple-cheese-burger-melts-100g,,2024-08-20T15:11:31.412742-04:00
66-784-DAI,Rachel's Organic Greek Style Coconut Yogurt 450g,Rachel's,"Dairy, eggs & chilled",Dairy & eggs,Special offers,,£2.65,,£1.75,59p / 100g,6005052.0,Organic Greek Style Coconut Bio Live Yogurt,,https://assets.sainsburys-groceries.co.uk/gol/6005052/1/640x640.jpg,"Nutrient	Per 100g
Energy	560kJ/ 134kcal
Fat	8.7g
of which saturates	5.3g
Carbohydrate	10.7g
of which sugars	9.9g
Protein	3.0g
Salt	0.1g","Organic Yogurt (from Milk), Water, Organic Cream (from Milk), Organic Sugar, Organic Coconut 3.4%, Organic Rice Starch, Thickener: Pectin, Organic Concentrated Lemon Juice",https://www.sainsburys.co.uk/gol-ui/product/rachels-organic-greek-style-coconut-yogurt-450g,,2024-08-20T15:11:40.458783-04:00
66-785-DAI,Plenish Organic Coconut Milk 1L,Plenish,"Dairy, eggs & chilled",Dairy & eggs,Dairy free,1L,£2.25,,,£2.25 / ltr,8040110.0,"Organic coconut and rice drink, UHT.",,https://assets.sainsburys-groceries.co.uk/gol/8040110/1/640x640.jpg,"Nutrient	Per 100ml
Energy	135kJ/ 32kcal
Fat	1.1g
of which saturates	1g
Carbohydrate	5.3g
of which sugars	3g
Fibre	<0.5g
Protein	<0.5g
Salt	0.13g","Water, Organic Coconut Milk 10% (Coconut Cream, Water), Organic Rice 6%, Sea Salt",https://www.sainsburys.co.uk/gol-ui/product/plenish-coconut-milk-organic-1l,,2024-08-20T15:11:53.520892-04:00
66-786-DAI,Sainsbury's Natural Yoghurt 1kg,Sainsbury's,"Dairy, eggs & chilled",Dairy & eggs,Yogurts,,£1.75,,,18p / 100g,7998066.0,Whole milk natural yogurt,,https://assets.sainsburys-groceries.co.uk/gol/7998066/1/640x640.jpg,,,https://www.sainsburys.co.uk/gol-ui/product/sainsburys-natural-yoghurt-1kg,,2024-08-20T15:12:16.310268-04:00
66-787-DAI,Freshlay Family Run Farms Golden Yolks Free Range Eggs x10,Freshlay,"Dairy, eggs & chilled",Dairy & eggs,Eggs,,£4.10,,,41p / ea,8113177.0,Great taste 2023,,https://assets.sainsburys-groceries.co.uk/gol/8113177/1/640x640.jpg,,,https://www.sainsburys.co.uk/gol-ui/product/freshlay-family-run-farms-golden-yolks-free-range-eggs-x10,,2024-08-20T15:12:38.252597-04:00
66-788-DAI,FAGE Total 0% Natural Fat Free Greek Recipe Strained Yogurt 150g,FAGE,"Dairy, eggs & chilled",Dairy & eggs,Yogurts,,£1.50,,,£1.00 / 100g,7293636.0,"3g sugars, 10.3g protein, 54 kcal per 100g",,https://assets.sainsburys-groceries.co.uk/gol/7293636/1/640x640.jpg,"Nutrient	per 100 g		per 100 g
Energy	230 kJ/ 54 kcal
Fat	0 g
of which saturates	0 g
Carbohydrate	3.0 g
of which sugars	3.0 g
Protein	10.3 g
Salt	0.10 g
Calcium	120 mg
% NRV*	15%","Pasteurised Skimmed Milk, Live Active Yoghurt Cultures (L. Bulgaricus, S. Thermophilus, L. Acidophilus, Bifidus, L. Casei)",https://www.sainsburys.co.uk/gol-ui/product/fage-total-0-natural-fat-free-greek-recipe-strained-yogurt-170g,,2024-08-20T15:12:51.990598-04:00
66-789-DAI,Laughing Cow Light Triangles 267g,Laughing,"Dairy, eggs & chilled",Dairy & eggs,Cheese,,£2.95,,£2.25,£11.05 / kg,3216859.0,Reduced fat cheese spread,,https://assets.sainsburys-groceries.co.uk/gol/3216859/1/640x640.jpg,,"Rehydrated Skimmed Milk, Cheeses, Milk Protein, Lactic Concentrate, Emulsifying Salts: Triphosphates, Polyphosphates, Natural Flavouring, Butter",https://www.sainsburys.co.uk/gol-ui/product/the-laughing-cow-cheese-triangles--light-x16-280g,,2024-08-20T15:13:00.437499-04:00
66-790-DAI,Sainsbury's Light Garlic & Herb Soft Cheese 250g,Sainsbury's,"Dairy, eggs & chilled",Dairy & eggs,Cheese,,£1.55,,£1.40,£6.20 / kg,7522573.0,Medium fat soft cheese with garlic and herbs,,https://assets.sainsburys-groceries.co.uk/gol/7522573/1/640x640.jpg,,,https://www.sainsburys.co.uk/gol-ui/product/sainsburys-light-garlic---herb-soft-cheese-250g,,2024-08-20T15:13:16.817895-04:00
66-791-DAI,Sainsbury's Wensleydale Cheese 250g,Sainsbury's,"Dairy, eggs & chilled",Dairy & eggs,Cheese,,£2.80,,,£11.20 / kg,7910416.0,Wensleydale Cheese,,https://assets.sainsburys-groceries.co.uk/gol/7910416/1/640x640.jpg,,,https://www.sainsburys.co.uk/gol-ui/product/sainsburys-wensleydale-cheese-250g,,2024-08-20T15:13:38.423897-04:00
66-792-DAI,Sainsbury's Edam Cheese Slices 400g,Sainsbury's,"Dairy, eggs & chilled",Dairy & eggs,Cheese,,£3.00,,,£7.50 / kg,7281183.0,Edam medium fat hard cheese slices,,https://assets.sainsburys-groceries.co.uk/gol/7281183/1/640x640.jpg,,,https://www.sainsburys.co.uk/gol-ui/product/sainsburys-edam-slices-400g,,2024-08-20T15:14:00.288433-04:00
66-793-DAI,Alpro Soya Growing Up Long Life Dairy Alternative Toddler Drink 1+ Years 1L,Alpro,Drinks,Baby meals,All baby meals,1L,£2.00,,,£2.00 / ltr,7501422.0,"Soya drink for children from 1 year onwards, with added minerals and vitamins.",,https://assets.sainsburys-groceries.co.uk/gol/7501422/1/640x640.jpg,"Nutrient	Per 100 ml		Per 100 ml
Energy	268 kJ / 64 kcal
Fat	2.1 g
of which saturates	0.3 g
Carbohydrate	8.3 g
of which sugars	2.5 g
Fibre	0.4 g
Protein	2.5 g
Salt	0.04 g
D	1.5 µg (30%*)
C	12 mg (15%*)
B12	0.38 µg (15%*)
Riboflavin (B2)	0.21 mg (15%*)
Calcium	120 mg (15%*)
Iron	2.1 mg (15%*)
Iodine	24.5 µg (16%*)","Soya Base (Water, Hulled Soya Beans (6.6%)), Maltodextrin, Raw Cane Sugar, Fructose, Sunflower Oil, Calcium (Calcium Carbonate), Acidity Regulator (Potassium Phosphates), Flavourings, Emulsifier (Lecithins (Sunflower)), Stabiliser (Gellan Gum), Iron Pyrophosphate, Potassium Iodide, Vitamins (B2, B12, C, D2)",https://www.sainsburys.co.uk/gol-ui/product/alpro-junior-1-soya-milk-alternative-1l,,2024-08-19T18:34:47.674691-04:00
66-794-DAI,Yeo Valley Organic Unsalted Butter 200g,Yeo,"Dairy, eggs & chilled",Dairy & eggs,"Butter, spreads & pastry",,£2.85,,£2.00,£14.25 / kg,8161458.0,Unsalted Butter,,https://assets.sainsburys-groceries.co.uk/gol/8161458/1/640x640.jpg,"Nutrient	Per 100g
Energy	3062kJ/ 745kcal
Fat	82g
of which saturates	52g
Carbohydrate	0.6g
of which sugars	0.6g
Protein	0.6g
Salt*	0.10g","Organic Unsalted Butter (Milk), Minimum Fat content 80%",https://www.sainsburys.co.uk/gol-ui/product/yeo-valley-organic-unsalted-butter-200g,,2024-08-20T15:14:08.465742-04:00
66-795-DAI,Cathedral City Our Plant Based Dairy Free Grated 150g,Cathedral,"Dairy, eggs & chilled",Dairy & eggs,Cheese,,£2.30,,,£15.33 / kg,8144184.0,"A blend of coconut oil and starch with added calcium, used as a dairy free alternative to cheese",30 g,https://assets.sainsburys-groceries.co.uk/gol/8144184/1/640x640.jpg,"Nutrient	per 100g	per 30g serving		per 100g	per 30g serving
Energy	1360kJ / 328kcal	408kJ / 99kcal
Fat	25.7g	7.7g
(of which saturates)	22.2g	6.7g
Carbohydrate	21.1g	6.3g
(of which sugars)	0.4g	0.1g
Fibre	6g	1.8g
Protein	0.2g	0.1g
Salt	2.1g	0.6g
Calcium	177mg (22% RI)	53mg (7% RI)","Rice Base (Water, Dried Rice Syrup), Coconut Oil (26%), Modified Starch (Potato, Maize), Potato Starch, Sea Salt, Flavourings, Calcium, Bamboo Fibre, Acid (Lactic Acid), Gelling Agent (Agar), Colour (Carotenes)",https://www.sainsburys.co.uk/gol-ui/product/cathedral-city-our-plant-based-dairy-free-grated-150g,,2024-08-20T15:14:21.495690-04:00
66-796-DAI,Lurpak Garlic Butter 125g,Lurpak,"Dairy, eggs & chilled",Dairy & eggs,"Butter, spreads & pastry",,£2.25,,,£18.00 / kg,4076506.0,Salted Butter with Garlic. Minimum fat content 75%.,,https://assets.sainsburys-groceries.co.uk/gol/4076506/1/640x640.jpg,"Nutrient	per 100g:
Energy	2858 kJ / 695 kcal
Fat	75 g
of which saturates	48 g
Carbohydrates	2.7 g
of which sugars	1.6 g
Protein	1.2 g
Salt	2.0 g","Butter (Milk) (90%), Garlic (7.5%) (Garlic Puree, Garlic Granulate, Garlic Powder), Salt, Lactic Culture (Milk), Pepper Extract",https://www.sainsburys.co.uk/gol-ui/product/lurpak-butter-with-garlic-125g,,2024-08-20T15:14:34.288460-04:00
66-797-DAI,"Sainsbury's Vintage Cheddar Macaroni Cheese Ready Meal For 2, Taste The Difference 750g",Sainsbury's,"Dairy, eggs & chilled",Dairy & eggs,Cheese,,£6.75,,,£9.00 / kg,7964475.0,Gobetti pasta with extra mature Cheddar and vintage Cheddar cheese sauce with ciabatta breadcrumb topping,,https://assets.sainsburys-groceries.co.uk/gol/7964475/1/640x640.jpg,,,https://www.sainsburys.co.uk/gol-ui/product/sainsburys-vintage-cheddar-mac-cheese-taste-the-difference-750g-serves-2-,,2024-08-20T15:14:55.522375-04:00
66-798-DAI,Yeo Valley Organic Half Fat Creme Fraiche 200g,Yeo,"Dairy, eggs & chilled",Dairy & eggs,Custard,,£1.30,,,65p / 100g,7623537.0,Half Fat Crème Fraîche,,https://assets.sainsburys-groceries.co.uk/gol/7623537/1/640x640.jpg,"Nutrient	Per 100g
Energy	658kJ/ 159kcal
Fat	14.3g
of which saturates	9.3g
Carbohydrate	4.0g
of which sugars	4.0g
Protein	3.6g
Salt*	0.10g","No added Ingredients, No added Sugar, This product contains only Milk's naturally occurring Sugar (Lactose), Contains Live Cultures",https://www.sainsburys.co.uk/gol-ui/product/yeo-valley-organic-creme-fraiche-200g,,2024-08-20T15:15:09.121594-04:00
66-799-DAI,Philadelphia Lightest Soft Cheese 165g,Philadelphia,"Dairy, eggs & chilled",Dairy & eggs,Cheese,,£2.20,,,£13.33 / kg,7708691.0,Low fat soft cheese.,,https://assets.sainsburys-groceries.co.uk/gol/7708691/1/640x640.jpg,,"Low Fat Soft Cheese, Salt, Stabiliser (Guar Gum), Acid (Citric Acid)",https://www.sainsburys.co.uk/gol-ui/product/philadelphia-lightest-180g,,2024-08-20T15:15:22.116206-04:00
66-800-DAI,Yeo Valley Organic Peach & Apricot Yogurt 450g,Yeo,"Dairy, eggs & chilled",Dairy & eggs,Yogurts,,£2.25,,,50p / 100g,7083234.0,Peach & Apricot Yogurt,,https://assets.sainsburys-groceries.co.uk/gol/7083234/1/640x640.jpg,"Nutrient	Per 100g		Per 100g
Energy	420kJ/ 100kcal
Fat	4.0g
of which saturates	2.7g
Carbohydrate	11.7g
of which sugars	11.6g
Protein	4.4g
Salt*	0.15g
Calcium	160mg†","Organic Whole Milk Yogurt, Organic Sugar (4.9%), Organic Peach (1.8%), Organic Apricot (1.8%), Organic Peach Purée (0.6%), Organic Apricot Purée (0.6%), Organic Maize Starch, Natural Flavourings, Organic Concentrated Lemon Juice",https://www.sainsburys.co.uk/gol-ui/product/yeo-valley-organic-yogurt-apricot-450g,,2024-08-20T15:15:35.347704-04:00
66-801-DAI,Sainsbury's Greek Feta Cubes In Brine 390g,Sainsbury's,"Dairy, eggs & chilled",Dairy & eggs,Cheese,,£2.75,,,£15.71 / kg,7744880.0,Greek PDO feta cheese in brine,30 g,https://assets.sainsburys-groceries.co.uk/gol/7744880/1/640x640.jpg,"Nutrient	per 100g	per 30g serving	% adult RI per 30g serving
Energy kJ	1143	343	-
Energy kcal	276	83	4%
Fat	23.0g	6.9g	10%
- saturates	17.0g	5.1g	26%
- mono-unsaturates	4.2g	1.3g	-
- polyunsaturates	1.0g	0.3g	-
Carbohydrate	0.7g	<0.5g	<1%
of which sugars	0.7g	<0.5g	<1%
Fibre	<0.5g	<0.5g	-
Protein	16.5g	5.0g	10%
Salt	2.25g	0.68g	11%","Feta Cheese (Sheep's Milk, Goats' Milk)",https://www.sainsburys.co.uk/gol-ui/product/sainsburys-greek-feta-cubes-in-brine-175g,,2024-08-20T15:15:48.743774-04:00
66-802-DAI,Actimel Kids Strawberry Banana Yoghurt Drink 4x100g,Actimel,"Dairy, eggs & chilled",Dairy & eggs,Yogurts,,£1.90,4 for £1.90,,48p / 100g,8080497.0,"Yogurt drink with L. Casei Danone cultures, vitamins D and B6, strawberry, banana and added calcium.",,https://assets.sainsburys-groceries.co.uk/gol/8080497/1/640x640.jpg,"Nutrient	Per 100g	%RI*		Per 100g	%RI*
Energy	262 kJ / 62 kcal	3
Fat	1.4 g	2
of which saturates	0.9 g	5
Carbohydrate	8.9 g	3
of which sugars	8.5 g	9
Protein	3.3 g	7
Salt	0.11 g	2
Calcium	120 mg	15
Vitamin B6	0.21 mg	15
Vitamin D	1.67 µg	33","Yogurt (Milk), Concentrated Strawberry Purée (4.5%), Sugar, Banana Purée (2.2%), Skimmed Milk, Tapioca Starch, Natural Flavourings, Calcium Citrate (Calcium), Lemon Juice from Concentrate, Lactobacillus Casei (L. casei Danone®), Vitamins (B6, D)",https://www.sainsburys.co.uk/gol-ui/product/actimel-kids-strawberry-banana-yoghurt-drink-4x100g,4x100g,2024-08-20T15:16:01.748090-04:00
66-803-DAI,"Sainsbury's Cheddar Cheese Slices with Cracked Black Pepper, Summer Edition 110g",Sainsbury's,"Dairy, eggs & chilled",Dairy & eggs,Cheese,,£1.50,,,£13.64 / kg,8062888.0,Mild Cheddar cheese slices with cracked black pepper.,,https://assets.sainsburys-groceries.co.uk/gol/8062888/1/640x640.jpg,,,https://www.sainsburys.co.uk/gol-ui/product/sainsburys-mild-cheddar-slices-with-cracked-black-pepper-summer-edition-110g,,2024-08-20T15:16:23.208313-04:00
66-804-DAI,"Sainsbury's Barber's Red Cruncher Cheese, Taste the Difference 350g",Sainsbury's,"Dairy, eggs & chilled",Dairy & eggs,Cheese,,£3.80,,,£10.86 / kg,7905577.0,Red Leicester cheese,,https://assets.sainsburys-groceries.co.uk/gol/7905577/1/640x640.jpg,,,https://www.sainsburys.co.uk/gol-ui/product/sainsburys-barbers-red-cruncher-cheese-taste-the-difference-350g,,2024-08-20T15:16:45.038910-04:00
66-805-DAI,Sainsbury's Fab Creamy Hazelnut Yogurt 150g,Sainsbury's,"Dairy, eggs & chilled",Dairy & eggs,Yogurts,,65p,,,43p / 100g,6492428.0,Low fat hazelnut yogurt,,https://assets.sainsburys-groceries.co.uk/gol/6492428/1/640x640.jpg,,,https://www.sainsburys.co.uk/gol-ui/product/sainsburys-hazelnut-yogurt-150g,,2024-08-20T15:17:06.603890-04:00
66-806-DAI,Bertolli Olive Oil Light Spread 450g,Bertolli,"Dairy, eggs & chilled",Dairy & eggs,"Butter, spreads & pastry",,£2.85,,,£6.33 / kg,6779638.0,38% Vegetable Fat Spread with 10% Olive Oil,,https://assets.sainsburys-groceries.co.uk/gol/6779638/1/640x640.jpg,"Nutrient	Per 100g		Per 100g
Energy	1432kJ/ 346kcal
Fat	38g
- of which saturates	12g
monounsaturates	19g
polyunsaturates	6.2g
Carbohydrate	1.2g
- of which sugars	<0.5g
Protein	<0.5g
Salt	0.8g
Climate impact (kg CO₂-eq per 100g)	0.3
Vitamin A	800µg (100% DRI*)
Vitamin D	7.5µg (150% DRI*)","Water, Vegetable Oils (Rapeseed, Sunflower), Olive Oil (10%), Coconut Fat, Modified Starch, Salt (0.8%), Emulsifiers (Mono- and Diglycerides of Fatty Acids, Lecithin), Preservative (Potassium Sorbate), Buttermilk, Acidity Regulator (Citric Acid), Natural Flavouring, Vitamins (A, D)",https://www.sainsburys.co.uk/gol-ui/product/bertolli-light-500g,,2024-08-20T15:17:21.348013-04:00
66-807-DAI,Cadbury Dairy Milk Chocolate Dessert Limited Edition 75g,Cadbury,"Dairy, eggs & chilled",Dairy & eggs,Yogurts,,£1.15,,,£1.53 / 100g,6923068.0,Milk chocolate with aerated milk chocolate pieces.,,https://assets.sainsburys-groceries.co.uk/gol/6923068/1/640x640.jpg,"Nutrient	Per 100g	Per 75g pot
Energy	1104kJ/ 264kcal	828kJ/ 198kcal
Fat	13.8g	10.4g
of which saturates	7.8g	5.8g
Carbohydrate	29.7g	22.3g
of which sugars	27.0g	20.3g
Fibre	1.1g	0.9g
Protein	4.6g	3.5g
Salt	0.13g	0.10g","Water, Milk Chocolate (16%) (Milk, Sugar, Cocoa Butter, Cocoa Mass, Vegetable Fats (Palm, Shea), Emulsifier (E442), Flavourings), Concentrated Skimmed Milk, Aerated Milk Chocolate Pieces (11%) (Sugar, Dried Whole Milk, Cocoa Mass, Cocoa Butter, Vegetable Fats (Palm, Shea), Emulsifier (E442), Flavourings), Sugar, Palm Oil, Cream, Fat Reduced Cocoa Powder, Modified Maize Starch, Emulsifier (E471), Pork Gelatine, Dried Whey Powder (from Milk), Stabilisers (Pectin, E412), Dried Glucose Syrup, Acidity Regulator (Sodium Citrates), Salt",https://www.sainsburys.co.uk/gol-ui/product/cadbury-twin-pot-limited-edition-90g,,2024-08-20T15:17:35.124208-04:00
66-808-DAI,Elmlea Plant Double Vegan Alternative to Cream 250ml,Elmlea,"Dairy, eggs & chilled",Dairy & eggs,Cream,250ML,£1.25,,,50p / 100ml,7995094.0,Blend of Lentil Protein and Plant Oils,,https://assets.sainsburys-groceries.co.uk/gol/7995094/1/640x640.jpg,"Nutrient	Per 100 ml
Energy	1205 kJ/ 292 kcal
Fats	31 g
- of which saturated	22 g
Carbohydrates	2.3 g
- of which sugars	1.3 g
Protein	0.6 g
Salt	0.11 g","Lentil Protein Preparation (Water, 1.1% Lentil Protein), 31% Vegetable Oils (Coconut, Rapeseed), Sugar, Modified Corn Starch, Emulsifiers (Sunflower Lecithin, Sugar Esters of Fatty Acids, Mono- and Diglycerides of Fatty Acids), Stabilizers (Guar Gum, Locust Bean Gum), Natural Flavours, Salt, Colourant (Beta-Carotene)",https://www.sainsburys.co.uk/gol-ui/product/elmlea-plant-double-alternative-to-dairy-cream-270ml,,2024-08-20T15:17:48.628872-04:00
66-809-DAI,Arla Skyr Coconut Icelandic Style Yogurt 450g,Arla,"Dairy, eggs & chilled",Dairy & eggs,Special offers,,£1.85,,£1.25,41p / 100g,8169208.0,Skyr Icelandic style yoghurt with coconut.,,https://assets.sainsburys-groceries.co.uk/gol/8169208/1/640x640.jpg,"Nutrient	Per 100g	Per 1/3 pot (150g)
Energy (kJ)	303	454
Energy (kcal)	71	107
Fat (g)	0.5	0.75
of which saturates (g)	0.4	0.6
Carbohydrate (g)	8.1	12
of which sugars (g)	7.5	11
Fibre (g)	0.1	0.2
Protein (g)	8.6	13
Salt (g)	0.13	0.2","Skyr Yogurt (Skimmed Milk) (86%), Water, Sugar, Maize Starch, Desiccated Coconut, Coconut Cream, Natural Flavouring, Coconut Milk, Lemon Juice Concentrate",https://www.sainsburys.co.uk/gol-ui/product/arla-skyr-coconut-icelandic-style-yogurt-450g,,2024-08-20T15:17:56.955163-04:00
66-810-DAI,The Collective Gourmet Mango Greek-Style Yoghurt 425g,The,"Dairy, eggs & chilled",Dairy & eggs,Yogurts,,£2.95,,,69p / 100g,7782411.0,Mango yoghurt,,https://assets.sainsburys-groceries.co.uk/gol/7782411/1/640x640.jpg,"Nutrient	Per 100g
Energy	444kJ / 106kcal
Fat	4.7g
- Of which Saturates	3.0g
Carbohydrate	11.8g
- Of which Sugars	10.8g
Protein	4.5g
Salt	0.10g","Live Yoghurt* (Milk) (86%), Mango Puree (5%), Sugar, Honey, Cornflour, Natural Flavouring, Gelling Agent (Fruit Pectin), Acidity Regulator (Citric Acid), Tapioca Starch, *Contains Cultures: S. Thermophilus, L. Acidophilus, Bifidobacterium",https://www.sainsburys.co.uk/gol-ui/product/collective-mango-yogurt-450g,,2024-08-20T15:18:11.037849-04:00
66-811-DAI,Yeo Valley Organic Spreadable Blend of Butter & Rapeseed Oil 400g,Yeo,"Dairy, eggs & chilled",Dairy & eggs,"Butter, spreads & pastry",,£4.00,,,£10.00 / kg,8161439.0,Organic Butter & Rapeseed Oil Spread,,https://assets.sainsburys-groceries.co.uk/gol/8161439/1/640x640.jpg,"Nutrient	Per 100g
Energy	2600kJ/ 632kcal
Fat	70g
of which saturates	28g
Carbohydrate	<0.5g
of which sugars	<0.5g
Protein	<0.5g
Salt	1.3g","Organic Unsalted Butter (50%) (Milk), Organic Rapeseed Oil (29%), Water*, Salt* (1.3%), *Non-organic ingredient",https://www.sainsburys.co.uk/gol-ui/product/yeo-valley-organic-spreadable-blend-of-butter-and-rapeseed-oil-400g,,2024-08-20T15:18:25.236857-04:00
66-812-DAI,St Helen's Farm Goat's Milk Natural Yogurt 450g,St,"Dairy, eggs & chilled",Dairy & eggs,Dairy free,,£2.40,,£1.90,53p / 100g,6420555.0,Bio Live,150 g,https://assets.sainsburys-groceries.co.uk/gol/6420555/1/640x640.jpg,"Nutrient	per 100g	per 150g serving		per 100g	per 150g serving
Energy - kJ	437kJ	655kJ
- kcal (Calories)	105kcal	157kcal
Fat	7.3g	11.0g
- of which saturates	5.0g	7.4g
Carbohydrate	4.3g	6.5g
- of which sugars	3.2g	4.8g
Protein	5.5g	8.3g
Salt	0.1g	0.2g
Calcium	240mg*	360mg**",,https://www.sainsburys.co.uk/gol-ui/product/st-helens-farm-natural-goats-milk-yogurt-450g,,2024-08-20T15:18:42.655991-04:00
66-813-DAI,Sainsbury's Grated Red Leicester Cheese 250g,Sainsbury's,"Dairy, eggs & chilled",Dairy & eggs,Cheese,,£2.55,,,£10.20 / kg,7980901.0,Grated Red Leicester cheese,,https://assets.sainsburys-groceries.co.uk/gol/7980901/1/640x640.jpg,,,https://www.sainsburys.co.uk/gol-ui/product/sainsburys-grated-red-leicester-cheese-250g,,2024-08-20T15:19:04.573153-04:00
66-814-DAI,Seriously Spreadable Cheese 125g,Seriously,"Dairy, eggs & chilled",Dairy & eggs,Cheese,,£1.95,,,£15.60 / kg,7161254.0,Cheddar Cheese Spread.,,https://assets.sainsburys-groceries.co.uk/gol/7161254/1/640x640.jpg,"Nutrient	(per 100g)
Energy:	1046 kJ/ 252 kcal
Fat:	20g
(of which saturates	14g)
Carbohydrate:	4.0g
(of which sugars	2.0g)
Protein:	14g
Salt:	1.9g
Calcium:	400mg (50% RI*)","Cheddar Cheese (Milk) (54%), Water, Skimmed Milk Powder, Butter (Milk), Emulsifying Salts (E331, E452, E450), Milk Proteins, Thickener (Pectin), Preservative (Potassium Sorbate)",https://www.sainsburys.co.uk/gol-ui/product/seriously-strong-spreadable-125g,,2024-08-20T15:19:19.396082-04:00
66-815-DAI,"Sainsbury's Greek Feta, SO Organic 200g",Sainsbury's,"Dairy, eggs & chilled",Dairy & eggs,Cheese,,£2.90,,,£14.50 / kg,1351293.0,Greek PDO organic Feta Cheese,,https://assets.sainsburys-groceries.co.uk/gol/1351293/1/640x640.jpg,,,https://www.sainsburys.co.uk/gol-ui/product/sainsburys-feta-cheese--so-organic-200g,,2024-08-20T15:19:40.726439-04:00
66-816-DAI,Rude Health Oat Drink 1L,Rude,"Dairy, eggs & chilled",Dairy & eggs,Dairy free,1L,£2.20,,,£2.20 / ltr,7651490.0,Organic Oat Drink,,https://assets.sainsburys-groceries.co.uk/gol/7651490/1/640x640.jpg,"Nutrient	per 100ml
Energy	205kJ / 49kcal
Fat	2.3g
of which saturates	0.3g
Carbohydrates	6.2g
of which sugars	4.6g
Fibre	0.9g
Protein	0.5g
Salt	0.09g","Spring Water, Organic Gluten-Free Oats (11%), Organic Cold-Pressed Sunflower Oil, Sea Salt",https://www.sainsburys.co.uk/gol-ui/product/rude-health-uht-oat-drink-1l,,2024-08-20T15:19:53.867565-04:00
66-817-DAI,Cathedral City Kids Snack Nibbles Mild Lighter Cheese 5x16g,Cathedral,"Dairy, eggs & chilled",Dairy & eggs,Cheese,,£2.00,5 for £2.00,£1.20,£25.00 / kg,7946424.0,Reduced Fat Cheddar Cheese.,,https://assets.sainsburys-groceries.co.uk/gol/7946424/1/640x640.jpg,"Nutrient	per 100g	per 16g mini bag		per 100g	per 16g mini bag
Energy	1291kJ / 310kcal	207kJ / 50kcal
Fat	21.5g	3.4g
(of which saturates)	13.6g	2.2g
Carbohydrate	0.1g	0g
(of which sugars)	0.1g	0g
Protein	29.1g	4.7g
Salt	1.8g	0.3g
Calcium	845mg (106% RI)	135mg (17% RI)",,https://www.sainsburys.co.uk/gol-ui/product/cathedral-city-kids-snack-nibbles-mild-lighter-cheese-5x16g,5x16g,2024-08-20T15:20:10.686727-04:00
66-818-DAI,Yeo Valley Organic Kefir Natural Yogurt 950g,Yeo,"Dairy, eggs & chilled",Dairy & eggs,Special offers,,£4.50,,£4.00,47p / 100g,7999779.0,Fermented Natural Yogurt with Live Kefir Cultures,,https://assets.sainsburys-groceries.co.uk/gol/7999779/1/640x640.jpg,"Nutrient	Per 100g		Per 100g
Energy	268kJ/ 64kcal
Fat	2.1g
of which saturates	1.4g
Carbohydrate	5.4g
of which sugars	5.4g
Protein	4.7g
Salt*	0.12g
Calcium	180mg/22% NRV
Phosphorus	132mg/18% NRV",Organic Milk Fermented with Live Kefir Cultures,https://www.sainsburys.co.uk/gol-ui/product/yeo-valley-natural-kefir-yogurt-950g,,2024-08-20T15:20:18.699679-04:00
66-819-DAI,Sainsbury's Mature British Cheddar 220g,Sainsbury's,"Dairy, eggs & chilled",Dairy & eggs,Cheese,,£2.35,,,£10.68 / kg,7971356.0,Mature Cheddar cheese,,https://assets.sainsburys-groceries.co.uk/gol/7971356/1/640x640.jpg,,,https://www.sainsburys.co.uk/gol-ui/product/sainsburys-mature-british-cheddar-220g,,2024-08-20T15:20:40.612114-04:00
66-820-DAI,Leerdammer Original Slices x8 160g,Leerdammer,"Dairy, eggs & chilled",Dairy & eggs,Cheese,,£2.35,,,£14.69 / kg,7567565.0,"Sliced medium fat hard cheese, 45% FIDM.",,https://assets.sainsburys-groceries.co.uk/gol/7567565/1/640x640.jpg,"Nutrient	per 100 g	per slice (20 g)		per 100 g	per slice (20 g)
Energy	1460 kJ / 352 kcal	292 kJ / 70 kcal
Fat	28 g	5.5 g
- of which saturates	19 g	3.7 g
Carbohydrate	<0.1 g	<0.1 g
- of which sugars	<0.1 g	<0.1 g
Protein	26 g	5.2 g
Salt	1.5 g	0.3 g
Calcium	860 mg (108%RI*)	172 mg (21%RI*)","Milk, Salt, Cultures (Milk), Vegetarian Coagulant",https://www.sainsburys.co.uk/gol-ui/product/leerdammer-original-slices-160g,,2024-08-20T15:20:54.801849-04:00
66-821-DAI,Yeo Valley Organic Cherry Yogurt 450g,Yeo,"Dairy, eggs & chilled",Dairy & eggs,Yogurts,,£2.25,,,50p / 100g,7783095.0,Black Cherry Yogurt,,https://assets.sainsburys-groceries.co.uk/gol/7783095/1/640x640.jpg,"Nutrient	Per 100g		Per 100g
Energy	412kJ/ 98kcal
Fat	4.0g
of which saturates	2.5g
Carbohydrate	11.0g
of which sugars	11.0g
Protein	4.5g
Salt*	0.13g
Calcium	132mg†","Organic Whole Milk Yogurt, Organic Cherry (5%) (Organic Cherry Purée, Organic Cherries), Organic Sugar (5%), Organic Maize Starch, Natural Flavouring, Organic Concentrated Lemon Juice, Organic Concentrated Elderberry Juice",https://www.sainsburys.co.uk/gol-ui/product/yeo-valley-organic-cherry-yogurt-450g,,2024-08-20T15:21:08.080611-04:00
66-822-DAI,"Sainsbury's Mild Cheddar Cheese, SO Organic 270g",Sainsbury's,"Dairy, eggs & chilled",Dairy & eggs,Cheese,,£3.20,,,£11.85 / kg,6970430.0,Organic Mild Cheddar,,https://assets.sainsburys-groceries.co.uk/gol/6970430/1/640x640.jpg,,,https://www.sainsburys.co.uk/gol-ui/product/sainsburys-mild-cheddar--so-organic-270g,,2024-08-20T15:21:29.474073-04:00
66-823-DAI,Alpro Barista Oat Milk Long Life Dairy Alternative 1L,Alpro,Drinks,Dairy & eggs,Dairy free,1L,£2.05,,,£2.05 / ltr,7996494.0,Oat drink with added vitamins.,,https://assets.sainsburys-groceries.co.uk/gol/7996494/1/640x640.jpg,"Nutrient	per 100 ml		per 100 ml
Energy	254 kJ / 61 kcal
Fat	3.1 g
of which Saturates	0.4 g
Carbohydrate	7.9 g
of which Sugars	3.8 g
Fibre	0.0 g
Protein	0.3 g
Salt	0.10 g
D	0.75 µg*
B12	0.38 µg*
Riboflavin (B2)	0.21 mg*","Oat Base (Water, Oat (12%)), Sunflower Oil, Sea Salt, Vitamins (B2, B12, D2)",https://www.sainsburys.co.uk/gol-ui/product/alpro-barista-oat-uht-1l,,2024-08-19T18:34:05.676426-04:00
66-824-DAI,Actimel Strawberry 0% Added Sugar Fat Free Yogurt Drink 12x100g,Actimel,"Dairy, eggs & chilled",Dairy & eggs,Yogurts,,£4.50,12 for £4.50,,38p / 100g,7874821.0,"Yogurt drink with L. casei Danone cultures, vitamins B6 and D, strawberry and with sweeteners.",,https://assets.sainsburys-groceries.co.uk/gol/7874821/1/640x640.jpg,"Nutrient	Per 100 g	%RI**		Per 100 g	%RI**
Energy	116 kJ/ 27 kcal	1
Fat	0.1 g	0
of which saturates	0 g	0
Carbohydrate	3.2 g	1
of which sugars	3.0 g	3
Fibre	0.2 g	-
Protein	2.6 g	5
Salt	0.11 g	2
Calcium	120 mg	15
Vitamin B6	0.21 mg	15
Vitamin D	1.67 µg	33","Yogurt (Milk), Water, Skimmed Milk, Strawberry Purée (2.0%), Modified Tapioca Starch, Stabiliser (Pectin), Milk Minerals Concentrate, Natural Flavourings, Acidity Regulators (Sodium Citrate, Citric Acid), Sweeteners (Sucralose, Acesulfame K), Lactobacilus Casei (L. Casei Danone®), Vitamins (B6, D)",https://www.sainsburys.co.uk/gol-ui/product/actimel-no-added-sugar-0-fat-strawberry-yogurt-drink-12x100g,12x100g,2024-08-20T15:21:42.574362-04:00
66-825-DAI,Milkybar White Chocolate Dessert 2x65g,Milkybar,"Dairy, eggs & chilled",Dairy & eggs,Special offers,,£1.85,2 for £1.85,£1.00,£1.32 / 100g,7502997.0,White Chocolate Dairy Dessert,,https://assets.sainsburys-groceries.co.uk/gol/7502997/1/640x640.jpg,,"Skimmed Milk 65%, White Chocolate 15.8% (Sugar, Whole Milk Powder, Cocoa Butter, Natural Flavouring, Emulsifier: Lecithins), Cream (from Milk), Skimmed Milk Powder, Sugar, Modified Starch, Gelatine, Stabilisers: Cellulose, Carrageenan, Flavourings, Emulsifier: Mono- and Diglycerides of Fatty Acids",https://www.sainsburys.co.uk/gol-ui/product/milkybar-desserts-2x70g,2x65g,2024-08-20T15:21:51.452340-04:00
66-826-DAI,Yeo Valley Greek Recipe 5% Strain Natural Yogurt 450g,Yeo,"Dairy, eggs & chilled",Dairy & eggs,Special offers,,£3.00,,£2.00,67p / 100g,8027240.0,Strained Natural Yogurt,,https://assets.sainsburys-groceries.co.uk/gol/8027240/1/640x640.jpg,"Nutrient	Per 100g		Per 100g
Energy	398kJ/ 95kcal
Fat	3.0g
of which saturates	3.4g
Carbohydrate	3.5g
of which sugars	3.5g
Protein	9.0g
Salt*	0.09g
Calcium	128mg†",This Yogurt contains only Milk's naturally occurring Sugar (Lactose),https://www.sainsburys.co.uk/gol-ui/product/yeo-valley-super-thick-5-natural-450g,,2024-08-20T15:21:59.644291-04:00
66-827-DAI,The Laughing Cow Lightest Cheese Triangles x8 133g,The,"Dairy, eggs & chilled",Dairy & eggs,Cheese,,£1.95,,,£14.66 / kg,6288785.0,Low Fat Cheese Spread.,,https://assets.sainsburys-groceries.co.uk/gol/6288785/1/640x640.jpg,,"Skimmed Milk (Water, Skimmed Milk Powder), Cheeses, Maltodextrin, Milk Proteins, Emulsifying Salts: Polyphosphates, Calcium Phosphate, Citric Acid, Flavouring, Thickener: Carrageenan",https://www.sainsburys.co.uk/gol-ui/product/the-laughing-cow-cheese-triangles--extra-light-x8-140g,,2024-08-20T15:22:14.813884-04:00
66-828-DAI,Happy Eggs Mixed Weight x10,Happy,"Dairy, eggs & chilled",Dairy & eggs,Eggs,,£3.80,,,38p / ea,7851358.0,Happy hens lay tasty eggs,100 g,https://assets.sainsburys-groceries.co.uk/gol/7851358/1/640x640.jpg,"Nutrient	Per 100g	Per Serving (2 Mixed Size Eggs)		Per 100g	Per Serving (2 Mixed Size Eggs)
Energy	547 kJ/ 131 kcal	476 kJ/ 114 kcal
Fat	9.0g	7.8g
of which saturates	2.5g	2.2g
Carbohydrate	<0.5g	<0.5g
of which sugars	<0.5g	<0.5g
Protein	12.6g	11.0g
Salt	0.39g	0.34g
Vitamin D	4µg 80% RI*	3.48µg 69.6% RI*",,https://www.sainsburys.co.uk/gol-ui/product/happy-egg-mixed-weight-x10,,2024-08-20T15:22:36.885154-04:00
66-829-DAI,Jus-Rol Filo Pastry Sheets x7 270g,Jus-Rol,"Dairy, eggs & chilled",Bakery essentials,,,£1.90,,,£7.04 / kg,7143349.0,Chilled uncooked filo pastry sheets.,,https://assets.sainsburys-groceries.co.uk/gol/7143349/1/640x640.jpg,,"Wheat Flour, Water, Corn Starch, Humectant (Glycerol), Salt, Preservative (Potassium Sorbate), Flour Treatment Agents (L-Cysteine)",https://www.sainsburys.co.uk/gol-ui/product/jus-rol-filo-pastry-sheets-270g,,2024-08-20T15:22:50.037175-04:00
66-830-DAI,Sainsbury's Pecorino Romano Cheese 170g,Sainsbury's,"Dairy, eggs & chilled",Dairy & eggs,Cheese,,£3.80,,,£22.35 / kg,6923943.0,Pecorino Romano D.O.P. full fat hard cheese made with unpasteurised milk.,,https://assets.sainsburys-groceries.co.uk/gol/6923943/1/640x640.jpg,,,https://www.sainsburys.co.uk/gol-ui/product/sainsburys-pecorino-romano-170g,,2024-08-20T15:23:11.572405-04:00
66-831-DAI,Munch Bunch Squashums Yogurt Strawberry 5x60g,Munch,"Dairy, eggs & chilled",Dairy & eggs,Yogurts,,£2.00,5 for £2.00,,67p / 100g,8171168.0,Yogurt with Strawberry Puree,,https://assets.sainsburys-groceries.co.uk/gol/8171168/1/640x640.jpg,,"Yogurt (Milk) 91%, Sugar, Strawberry Puree from Concentrate 2.5%, Natural Flavouring, Starch, Concentrated Lemon Juice, Citrus Fibre, Red Beetroot Juice concentrate, Thickener: Guar Gum",https://www.sainsburys.co.uk/gol-ui/product/munch-bunch-squashums-yogurt-strawberry-5x60g,5x60g,2024-08-20T15:23:24.877547-04:00
66-832-DAI,The Laughing Cow Original Cheese Spread Triangles x16 267g,The,"Dairy, eggs & chilled",Dairy & eggs,Cheese,,£2.95,,£2.25,£11.05 / kg,8084267.0,Cheese spread.,,https://assets.sainsburys-groceries.co.uk/gol/8084267/1/640x640.jpg,"Nutrient	for 100 g	for 16.7 g
Energy value:	945 kJ-228 kcal	158 kJ-38 kcal
Fat:	17.5 g	2.9 g
of which saturates:	11.5 g	1.9 g
Carbohydrates:	6 g	1 g
of which sugars:	6 g	1 g
Protein:	11.5 g	1.9 g
Salt:	1.7 g	0.28 g
Calcium:	590 mg (73%*)	99 mg (12%*)","Rehydrated Skimmed Milk (Water, Skimmed Milk Powder), Cheeses, Butter, Milk Mineral Concentrate, Emulsifying Salts (Polyphosphates), Milk Protein, Lactic Concentrate",https://www.sainsburys.co.uk/gol-ui/product/the-laughing-cow-original-cheese-spread-triangles-x16-267g,,2024-08-20T15:23:33.326933-04:00
66-833-DAI,Cravendale Filtered Fresh Semi Skimmed Milk Fresher for Longer 3L,Cravendale,Drinks,Dairy & eggs,Milk,3L,£3.40,,£2.75,£1.13 / ltr,7797484.0,"Pasteurised, homogenised, semi-skimmed, fresh filtered milk",,https://assets.sainsburys-groceries.co.uk/gol/7797484/1/640x640.jpg,"Nutrient	per 100ml		per 100ml
Energy	206kJ/ 49kcal
Fat	1.7g
of which saturates	1.0g
Carbohydrate	4.8g
of which sugars	4.8g
Protein	3.6g
Salt	0.1g
Phosphorous	97mg (14% RI†)
Riboflavin (Vit B2)	0.25mg (18% RI†)
Vitamin B12	0.9µg (36% RI†)
Potassium	161mg (8% RI†)
Calcium	124mg (15% RI†)
Iodine	31µg (21% RI†)",,https://www.sainsburys.co.uk/gol-ui/product/cravendale-purefilter-semi-skimmed-3l,,2024-08-19T18:34:34.535830-04:00
66-834-DAI,Sainsbury's British Whipping Fresh Cream 300ml,Sainsbury's,"Dairy, eggs & chilled",Dairy & eggs,Cream,300ML,£1.35,,,45p / 100ml,6615223.0,Pasteurised British whipping cream,,https://assets.sainsburys-groceries.co.uk/gol/6615223/1/640x640.jpg,,,https://www.sainsburys.co.uk/gol-ui/product/sainsburys-whipping-cream-300ml,,2024-08-20T15:23:54.331616-04:00
66-835-DAI,Sainsbury's British Single Fresh Cream 600ml,Sainsbury's,"Dairy, eggs & chilled",Dairy & eggs,Cream,600ML,£1.98,,,33p / 100ml,6615181.0,Pasteurised British single cream,,https://assets.sainsburys-groceries.co.uk/gol/6615181/1/640x640.jpg,,,https://www.sainsburys.co.uk/gol-ui/product/sainsburys-single-cream-600ml,,2024-08-20T15:24:16.374040-04:00
66-836-DAI,Violife Original Slices Vegan Cheese Alternative 175g,Violife,"Dairy, eggs & chilled",Dairy & eggs,Cheese,,£2.50,,,£14.29 / kg,8188354.0,Violife Original Slices.,,https://assets.sainsburys-groceries.co.uk/gol/8188354/1/640x640.jpg,"Nutrient	Per 100g	%RI* Per 100g		Per 100g	%RI* Per 100g
Energy	1190kJ/ 285kcal	14%
Fat	23g	33%
-Of which Saturates	21g	105%
Carbohydrates	20g	8%
-Of which Sugars	0g	0%
Protein	0g	0%
Salt	2.3g	38%
Vitamin B12	2.5µg (100%**)	-","Water, Coconut Oil (23 %), Modified Starch, Starch, Sea Salt, Flavourings, Olive Extract, Colour: B-Carotene, Vitamin B12",https://www.sainsburys.co.uk/gol-ui/product/violife-original-slices-cheese-alternative-175g,,2024-08-20T15:24:30.225284-04:00
66-837-DAI,Lindahls Pro+ Kvarg Banoffee Pie Protein Yogurt 150g,Lindahls,"Dairy, eggs & chilled",Dairy & eggs,Special offers,,£1.40,,,93p / 100g,8102498.0,Fat Free Quark with Banana and Caramel Flavour and Sweeteners.,,https://assets.sainsburys-groceries.co.uk/gol/8102498/1/640x640.jpg,,"Quark (Skimmed Milk, Whey Proteins (from Milk), Lactic Cultures, Microbial Rennet), Banana Caramel Flavour Preparation [Water, Modified Maize Starch, Colour (Carotenes), Safflower Concentrate, Carrot Concentrate, Spirulina Concentrate, Natural Flavourings, Sweeteners (Aspartame, Acesulfame K)]",https://www.sainsburys.co.uk/gol-ui/product/lindahls-pro-kvarg-banoffee-pie-150g,,2024-08-20T15:24:43.309985-04:00
66-838-DAI,Sainsbury's Danish Pastry Raisin Whirls x2,Sainsbury's,"Dairy, eggs & chilled",Croissants & breakfast bakery,All breakfast bakery,,£1.60,,,80p / ea,6544201.0,"Danish style pastry whirl with creamy remonce between layers, topped with white icing and a half glacé cherry",,https://assets.sainsburys-groceries.co.uk/gol/6544201/1/640x640.jpg,,,https://www.sainsburys.co.uk/gol-ui/product/sainsburys-danish-pastry-raisin-whirls-x2,,2024-08-20T15:25:04.148991-04:00
66-839-DAI,Alpro Soya Long Life Alternative to Single Cream 250ml,Alpro,"Dairy, eggs & chilled",Dairy & eggs,Dairy free,250ML,£1.25,,,50p / 100ml,2939735.0,"Soya based culinary liquid, alternative to single cream.",,https://assets.sainsburys-groceries.co.uk/gol/2939735/1/640x640.jpg,"Nutrient	per 100 g
Energy	587 kJ / 142 kcal
Fat	14.0 g
of which Saturates	1.6 g
Mono-unsaturates	3.7 g
Polyunsaturates	8.7 g
Carbohydrate	1.2 g
of which Sugars	1.2 g
Fibre	0.6 g
Protein	2.0 g
Salt	0.14 g","Soya Base (Water, Hulled Soya Beans (5.5%)), Sunflower Oil, Sugar, Emulsifier (Sucrose Esters of Fatty Acids), Stabilisers (Xanthan Gum, Carrageenan Guar Gum), Sea Salt, Flavouring",https://www.sainsburys.co.uk/gol-ui/product/alpro-long-life-alternative-to-cream-250ml,,2024-08-20T15:25:17.711476-04:00
66-840-DAI,President Spreadable Slightly Salted Butter 250g,President,"Dairy, eggs & chilled",Dairy & eggs,"Butter, spreads & pastry",,£2.75,,,£11.00 / kg,7638018.0,Slightly Salted Dairy Spread - Fat 70%,,https://assets.sainsburys-groceries.co.uk/gol/7638018/1/640x640.jpg,"Nutrient	(per 100g)
Energy:	2633kJ/ 640kcal
Fat:	70g
of which saturates:	49g
Carbohydrate:	1.5g
of which sugars:	1.5g
Protein:	1.0g
Salt:	1.3g","Butter (Milk), Single Cream (Milk), Salt (1.3%), Cultures",https://www.sainsburys.co.uk/gol-ui/product/president-slightly-salted-spreadable-butter-250g,,2024-08-20T15:25:30.782963-04:00
66-841-DAI,Sainsbury's Dried Grated Hard Cheese 80g,Sainsbury's,"Dairy, eggs & chilled",Dairy & eggs,Cheese,,£1.25,,,£15.63 / kg,7741949.0,Dried grated hard cheese,,https://assets.sainsburys-groceries.co.uk/gol/7741949/1/640x640.jpg,,,https://www.sainsburys.co.uk/gol-ui/product/sainsburys-dried-grated-hard-cheese-80g,,2024-08-20T15:25:52.138882-04:00
66-842-DAI,Sainsbury's Buttersoft Lighter Spreadable Butter 500g,Sainsbury's,"Dairy, eggs & chilled",Dairy & eggs,"Butter, spreads & pastry",,£2.09,,,£4.18 / kg,6393065.0,Blended spread 57% (31% milk fat and 26% vegetable oil),,https://assets.sainsburys-groceries.co.uk/gol/6393065/1/640x640.jpg,,,https://www.sainsburys.co.uk/gol-ui/product/sainsburys-buttersoft-light-500g,,2024-08-20T15:26:13.559663-04:00
66-843-DAI,Arla Lactofree Skimmed Milk Drink 1L,Arla,Drinks,Dairy & eggs,Dairy free,1L,£1.85,,£1.50,£1.85 / ltr,7662670.0,Lactose Free Pasteurised Skimmed Filtered Milk Drink,,https://assets.sainsburys-groceries.co.uk/gol/7662670/1/640x640.jpg,"Nutrient	Per 100ml	Per 200ml		Per 100ml	Per 200ml
Energy	124kJ / 29kcal	248kJ / 59kcal
Fat	0.5g	1.0g
of which saturates	0.3g	0.7g
Carbohydrate	2.7g	5.3g
of which sugars	2.6g	5.2g
Protein	3.5g	7.0g
Salt	0.07g	0.14g
Vitamin B12	0.45µg (17.8% RI+)	0.89µg (35.6% RI+)
Calcium	115mg (14.4% RI+)	230mg (28.7% RI+)","Skimmed Milk, Lactase Enzyme",https://www.sainsburys.co.uk/gol-ui/product/lactofree-skimmed-milk-1l,,2024-08-19T18:34:55.347195-04:00
66-844-DAI,Bonne Maman Yoghurt with a Rhubarb Layer 4x125g,Bonne,"Dairy, eggs & chilled",Dairy & eggs,Special offers,,£2.75,4 for £2.75,£2.00,55p / 100g,7997615.0,Yoghurt with rhubarb preparation.,,https://assets.sainsburys-groceries.co.uk/gol/7997615/1/640x640.jpg,"Nutrient	per 100g
Energy	437 kJ/ 104 kcal
Fat	3.1 g
of which saturates	1.9 g
Carbohydrates	15.3 g
of which sugars	14.6 g
Fibre	0.7 g
Protein	3.3 g
Salt	0.1 g","Whole Milk Yoghurt 65%, Rhubarb Preparation 28% (Rhubarb 72%, Sugar, Corn Starch, Concentrated Lemon Juice), Sugar",https://www.sainsburys.co.uk/gol-ui/product/bonne-maman-yoghurt-with-a-rhubarb-layer-4x125g,4x125g,2024-08-20T15:26:21.442702-04:00
66-845-DAI,Sainsbury's Gouda Cheese 265g,Sainsbury's,"Dairy, eggs & chilled",Dairy & eggs,Cheese,,£2.60,,,£9.81 / kg,6832257.0,Gouda full fat hard cheese,,https://assets.sainsburys-groceries.co.uk/gol/6832257/1/640x640.jpg,,,https://www.sainsburys.co.uk/gol-ui/product/sainsburys-gouda-265g,,2024-08-20T15:26:43.223634-04:00
66-846-DAI,Philadelphia Garlic & Herbs Soft Cheese 165g,Philadelphia,"Dairy, eggs & chilled",Dairy & eggs,Cheese,,£2.20,,,£13.33 / kg,7708542.0,Medium fat soft cheese with garlic and herbs.,,https://assets.sainsburys-groceries.co.uk/gol/7708542/1/640x640.jpg,,"Medium Fat Soft Cheese, Garlic (1%), Salt, Herbs, Stabilisers (Guar Gum, Carrageenan), Acid (Citric Acid)",https://www.sainsburys.co.uk/gol-ui/product/philadelphia-light-garlic---herbs-170g,,2024-08-20T15:26:56.060547-04:00
66-847-DAI,Sainsbury's Cholesterol Lowering Drink Original 6x100g,Sainsbury's,Drinks,Dairy & eggs,Yogurts,,£3.00,6 for £3.00,,50p / 100g,7794898.0,"6 Low Fat original yogurt drinks with added plant sterols, thiamin (B1) and sweetener.",,https://assets.sainsburys-groceries.co.uk/gol/7794898/1/640x640.jpg,,,https://www.sainsburys.co.uk/gol-ui/product/sainsburys-cholesterol-lowering-drink-orig6x100g,6x100g,2024-08-19T20:01:16.846800-04:00
66-848-DAI,"Naturli Vegan Spread, Organic 450g",Naturli,"Dairy, eggs & chilled",Dairy & eggs,"Butter, spreads & pastry",,£4.00,,£3.10,£8.89 / kg,8042809.0,Fat spread 75%,,https://assets.sainsburys-groceries.co.uk/gol/8042809/1/640x640.jpg,"Nutrient	pr. 100g:
Energy:	2801kJ / 681kcal
Fat	75 g
- of which saturates	26 g
- monounsaturates	33 g
- polyunsaturates	12 g
Carbohydrate	< 0,5 g
- of which sugars	< 0,5 g
Protein	< 0,5 g
Salt	0,90 g","Rapeseed Oil* (39%), Water, Coconut Oil* (22%), Shea Butter Oil* (13%), Almond* (2%), Salt, Emulsifier (Lecithin*), Carrot Juice*, Lemon Juice*, Natural Flavouring, *Organic",https://www.sainsburys.co.uk/gol-ui/product/naturli-vegan-spread-organic-450g,,2024-08-20T15:27:04.328209-04:00
66-849-DAI,Fruit Bowl Blackcurrant Yogurt Flakes 5x21g,Fruit,"Dairy, eggs & chilled",,,,£2.25,5 for £2.25,£1.50,£2.50 / 100g,7922761.0,Fruit pieces made with concentrated apple and blackcurrant purees in a yogurt flavoured coating.,,https://assets.sainsburys-groceries.co.uk/gol/7922761/1/640x640.jpg,,"Yogurt Flavoured Coating (60%): [Sugar, Palm Fat, Whey Powder (Milk), Rice Flour, Yogurt Powder (Milk) (3%), Emulsifier (Sunflower Lecithins), Glazing Agent (Shellac, Gum Arabic)], Fruit Flakes® (40%): [Concentrated Apple Puree, Fructose-Glucose Syrup, Blackcurrant Puree, Sugar, Gluten Free Wheat Fibre, Palm Fat, Gelling Agent (Pectin), Concentrated Elderberry Juice, Acidity Regulator (Malic Acid), Natural Flavouring], An average of 210g Apple, 17g Blackcurrant and 6g Elderberry used to prepare 100g of Fruit Flakes®",https://www.sainsburys.co.uk/gol-ui/product/fruit-bowl-blackcurrant-yogurt-flakes-5x21g,5x21g,2024-08-20T15:27:17.964668-04:00
66-850-DAI,"Light & Free Sticky Toffee Flavour Greek Style 0% Added Sugar, Fat Free Yogurt 4x115g",Light,"Dairy, eggs & chilled",Dairy & eggs,Special offers,,£2.50,4 for £2.50,£1.50,54p / 100g,8079964.0,Fat free toffee flavour yogurt with sweeteners.,100 g,https://assets.sainsburys-groceries.co.uk/gol/8079964/1/640x640.jpg,"Nutrient	Per 100g	Per serving (115g)	% RI*** (115g)		Per 100g	Per serving (115g)	% RI*** (115g)
Energy (kJ)	213	245	-
(kcal)	51	59	3%
Fat (g)	0.1	0.1	0%
of which saturates (g)	0.1	0.1	1%
Carbohydrate (g)	7.3	8.4	3%
of which sugars (g)	6.3	7.2	8%
Protein (g)	4.5	5.2	10%
Salt (g)	0.15	0.17	3%
Calcium (mg)	159 (20% RI***)	183	23%","Yogurt (Milk), Oligofructose (Fibre), Starches (Potato, Tapioca), Modified Maize Starch, Hibiscus Concentrate, Flavourings, Sweeteners (Acesulfame K, Sucralose), Acidity Regulators (Citric Acid, Sodium Citrate)",https://www.sainsburys.co.uk/gol-ui/product/light-free-greek-style-yoghurt-so-sticky-toffee-flavour-4x115g,4x115g,2024-08-20T15:27:26.013442-04:00
66-851-DAI,Violife Epic Mature Cheddar Flavour Block Vegan Alternative to Cheese 200g,Violife,"Dairy, eggs & chilled",Dairy & eggs,"Butter, spreads & pastry",,£2.75,,,£13.75 / kg,8013894.0,Epic Mature Cheddar Flavour Block.,100 g,https://assets.sainsburys-groceries.co.uk/gol/8013894/1/640x640.jpg,"Nutrient	Per 100g	Per Serving (30g)***	% RI* Per Serving (30g)***		Per 100g	Per Serving (30g)***	% RI* Per Serving (30g)***
Energy	1256kJ/ 303kcal	377kJ/ 91kcal	5%
Fat	24g	7.2g	10%
- Of which Saturates	22g	6.6g	33%
Carbohydrates	20g	6.0g	2%
- Of which Sugars	0.2g	0.1g	0%
Protein	1.3g	0.4g	1%
Salt	2.2g	0.7g	12%
Vitamins	-	-	%NRV** Per Serving***
Vitamin B12	2.5µg (100% of NRV**)	0.75µg	30%","Water, Coconut Oil (24%), Modified Starch*, Starch, Sea Salt, Lentil Protein, Mature Cheddar Flavour, Acidity Regulator: Lactic Acid, Olive Extract, Colour: B-Carotene, Vitamin B12, *Not to be confused with GMO (Genetically Modified) ingredients",https://www.sainsburys.co.uk/gol-ui/product/violife-epic-mature,,2024-08-20T15:27:38.618139-04:00
66-852-DAI,Rude Health Almond Drink 1L,Rude,"Dairy, eggs & chilled",Dairy & eggs,Dairy free,1L,£2.30,,,£2.30 / ltr,7651481.0,Organic Almond Drink with rice,,https://assets.sainsburys-groceries.co.uk/gol/7651481/1/640x640.jpg,"Nutrient	per 100ml
Energy	236kJ / 56kcal
Fat	1.5g
of which saturates	0.3g
Carbohydrates	10g
of which sugars	4.7g
Fibre	<0.5g
Protein	<0.5g
Salt	0.08g","Spring Water, Organic Rice, Organic Italian Almonds (1%), Organic Cold-Pressed Sunflower Oil, Sea Salt",https://www.sainsburys.co.uk/gol-ui/product/rude-health-uht-almond-milk-1l,,2024-08-20T15:27:51.824001-04:00
66-853-DAI,The Laughing Cow Original Creamy Cheese Spread x8 133g,The,"Dairy, eggs & chilled",Dairy & eggs,Cheese,,£2.00,,,£15.04 / kg,8084262.0,Cheese spread.,,https://assets.sainsburys-groceries.co.uk/gol/8084262/1/640x640.jpg,"Nutrient	for 100 g	for 16.7g		for 100 g	for 16.7g
Energy value:	945 kJ-228 kcal	158 kJ-38 kcal
Fat:	17.5 g	2.9 g
of which saturates:	11.5 g	1.9 g
Carbohydrates:	6 g	1 g
of which sugars:	6 g	1 g
Protein:	11.5 g	1.9 g
Salt:	1.7 g	0.28 g
Calcium	590 mg (73%*)	99 mg (12%*)","Rehydrated Skimmed Milk (Water, Skimmed Milk Powder), Cheeses, Butter, Milk Mineral Concentrate, Emulsifying Salts (Polyphosphates), Milk Protein, Lactic Concentrate",https://www.sainsburys.co.uk/gol-ui/product/the-laughing-cow-original-creamy-cheese-spread-x8-133g,,2024-08-20T15:28:05.111458-04:00
66-854-DAI,Plenish Organic Oat Dairy Alternative Long Life Drink 1L,Plenish,"Dairy, eggs & chilled",Dairy & eggs,Dairy free,1L,£2.25,,,£2.25 / ltr,7964030.0,"Organic oat drink, UHT.",,https://assets.sainsburys-groceries.co.uk/gol/7964030/1/640x640.jpg,"Nutrient	Per 100ml
Energy	138kJ/ 33kcal
Fat	0.3g
of which saturates	0.1g
monounsaturates	0.1g
polyunsaturates	0.1g
Carbohydrate	6.6g
of which sugars*	3.8g
Fibre	0.5g
Protein	0.6g
Salt	0.08g","Water, Organic Gluten Free Oats 10%, Sea Salt",https://www.sainsburys.co.uk/gol-ui/product/plenish-organic-oat-dairy-free-milk-alternative-1-litre,,2024-08-20T15:28:18.355332-04:00
66-855-DAI,Yeo Valley Organic Rhubarb Creamy Bio Live Yogurt 4x110g,Yeo,"Dairy, eggs & chilled",Dairy & eggs,Special offers,,£2.50,4 for £2.50,£1.50,57p / 100g,8155721.0,Rhubarb Yogurt,,https://assets.sainsburys-groceries.co.uk/gol/8155721/1/640x640.jpg,"Nutrient	Per 100g		Per 100g
Energy	396kJ/ 94kcal
Fat	3.5g
of which saturates	2.2g
Carbohydrate	10.9g
of which sugars	10.9g
Protein	4.8g
Salt*	0.13g†
Calcium	130mg","Organic Whole Milk Yogurt, Organic Sugar (5%), Organic Rhubarb (5%), Organic Maize Starch, Natural Flavouring, Organic Concentrated Elderberry Juice, Organic Concentrated Lemon Juice, Contains the following Live Cultures: Bifidobacterium, Lactobacillus Acidophilus, Streptococcus Thermophilus",https://www.sainsburys.co.uk/gol-ui/product/yeo-valley-organic-rhubarb-creamy-bio-live-yogurt-4x110g,4x110g,2024-08-20T15:28:26.517782-04:00
66-856-DAI,Arla Strawberry Protein Yogurt Pouch 200g,Arla,"Dairy, eggs & chilled",Dairy & eggs,Yogurts,,£1.10,,,55p / 100g,7880476.0,Strawberry Yogurt with Added Sweetener.,,https://assets.sainsburys-groceries.co.uk/gol/7880476/1/640x640.jpg,,"Yogurt (Milk) with Added Milk Protein (90%), Strawberry (5%), Grape Juice Concentrate, Corn Starch, Lemon Juice Concentrate, Natural Flavouring, Sweetener: Steviol Glycosides",https://www.sainsburys.co.uk/gol-ui/product/arla-protein-strawberry-yogurt-pouch-200g,,2024-08-20T15:28:39.651268-04:00
66-857-DAI,"Graham's Whole Milk, Organic 1L",Graham's,Drinks,Dairy & eggs,Milk,1L,£1.50,,£1.20,£1.50 / ltr,7844801.0,"Organically Produced, Pasteurised Unhomogenised Whole Milk",,https://assets.sainsburys-groceries.co.uk/gol/7844801/1/640x640.jpg,"Nutrient	Per 100ml
Energy	269kJ/ 64kcal
Fat	3.6g
(of which saturates	2.3g)
Carbohydrate	4.6g
(of which sugars	4.6g)
Protein	3.4g
Salt	0.11g",,https://www.sainsburys.co.uk/gol-ui/product/grahams-whole-milk--organic-1l-7844801-p-44,,2024-08-19T18:37:30.419158-04:00
66-858-DAI,Arla Skyr Strawberry Icelandic Style Yogurt 450g,Arla,"Dairy, eggs & chilled",Dairy & eggs,Special offers,,£2.25,,£1.25,50p / 100g,7749475.0,Fat Free Icelandic Style Strained Yogurt with Strawberry,,https://assets.sainsburys-groceries.co.uk/gol/7749475/1/640x640.jpg,"Nutrient	Per 100g	Per 1/3 pot (150g)
Energy (kJ)	310	465
Energy (kcal)	73	110
Fat (g)	<0.5	<0.5
of which saturates (g)	<0.1	0.1
Carbohydrates (g)	7.4	11.1
of which sugars (g)	6.9	10.4
Fibre (g)	0.1	0.2
Protein (g)	9.6	14.4
Salt (g)	0.13	0.19","Skyr Yogurt (Skimmed Milk) (87%), Strawberries (6.5%), Sugar, Maize Starch, Lemon Juice from Concentrate, Natural Flavouring",https://www.sainsburys.co.uk/gol-ui/product/arla-skyr-strawberry-450g,,2024-08-20T15:28:47.643316-04:00
66-859-DAI,Alpro greek Style Strawberry & Raspberry Plant Based Yogurt Alternative 150g,Alpro,"Dairy, eggs & chilled",Dairy & eggs,Dairy free,,£1.20,,,80p / 100g,7847452.0,Greek Style High Protein Strawberry & Raspberry,,https://assets.sainsburys-groceries.co.uk/gol/7847452/1/640x640.jpg,"Nutrient	per 100 g		per 100 g
Energy	346 kJ/ 82 kcal
Fat	2.7 g
- Saturates	0.5 g
- mono-unsaturates	0.6 g
- poly-unsaturates	1.6 g
Carbohydrate	8.8 g
- Sugars	8.2 g
Fibre	1.5 g
Protein	4.7 g
Salt	0.31 g
- D	0.75 µg (15%*)
- E	1.01 mg (8%*)
- C	0.00 mg (0%*)
- B12	0.38 µg (15%*)
Lactose	nil
Sodium	0.11 g
- Thiamin	0.00 mg (0%*)
- Riboflavin (B2)	0.00 mg (0%*)
- Calcium	96 mg (12%*)","Water, Hulled Soya Beans (12.6%), Sugar, Raspberry (5%) (Juice from Concentrate (3%), Fruit (2%)), Strawberry (5%), Stabilisers (Pectins, Guar Gum), Corn Starch, Calcium (Tri-Calciumcitrate), Acidity Regulators (Sodium Citrates, Citric Acid), Natural Flavouring, Sea Salt, Beetroot Extract, Carrot Extract, Antioxidants (Tocopherol-Rich Extract, Fatty Acid Esters of Ascorbic Acid), Vitamins (B12, D2), Yogurt Cultures (S. Thermophilus, L. Bulgaricus)",https://www.sainsburys.co.uk/gol-ui/product/alpro-yogurt-alternative--strawberry-raspberry-150g,,2024-08-20T15:29:00.850793-04:00
66-860-DAI,"Sainsbury's Authentic Fat Free Greek Yogurt, Taste the Difference 500g",Sainsbury's,"Dairy, eggs & chilled",Dairy & eggs,Yogurts,,£2.30,,,46p / 100g,7858768.0,Fat free strained Greek yogurt,,https://assets.sainsburys-groceries.co.uk/gol/7858768/1/640x640.jpg,,,https://www.sainsburys.co.uk/gol-ui/product/sainsburys-authentic-fat-free-greek-yogurt-taste-the-difference-500g,,2024-08-20T15:29:22.820785-04:00
66-861-DAI,Oykos Stracciatella Luxury Greek Style Yogurt 4x110g,Oykos,"Dairy, eggs & chilled",Dairy & eggs,Yogurts,,£2.00,4 for £2.00,,50p / 100g,8081889.0,Creamy yogurt with chocolate flakes,100 g,https://assets.sainsburys-groceries.co.uk/gol/8081889/1/640x640.jpg,"Nutrient	Per 100g	Per serving (110g)	%RI* 110g
Energy kJ	627	739	9
kcal	161	177	9
Fat (g)	9.6	11	15
of which saturates (g)	6.2	6.8	34
Carbohydrate (g)	16	17	7
of which sugars (g)	15	17	19
Protein (g)	2.7	3.0	6
Salt (g)	0.11	0.12	2","Yogurt (Milk), Sugar, Water, Dark Chocolate Flakes(1.5%) (Cocoa Butter, Cocoapowder, Fat Reduced Cocoapowder, Concentrated Butter, Sugar), Modified Maize Starch, Thickeners (Pectin, Guar Gum), Favouring, Acidity Regulators (Citric Acid, Calcium Citrate, Sodium Citrate)",https://www.sainsburys.co.uk/gol-ui/product/oykos-extra-creamy-stracciatella-4x110g,4x110g,2024-08-20T15:29:36.068066-04:00
66-862-DAI,Activia Fibre Apple Cereals Breakfast Gut Health Yoghurt 4x115g,Activia,"Dairy, eggs & chilled",Dairy & eggs,Special offers,,£2.75,4 for £2.75,£2.00,60p / 100g,8166170.0,"Yogurt with Apple, Cereals and Walnut",100 g,https://assets.sainsburys-groceries.co.uk/gol/8166170/1/640x640.jpg,"Nutrient	Per 100g	Per serving (115g)	% RI* (115g)		Per 100g	Per serving (115g)	% RI* (115g)
Energy (kJ/kcal)	441/ 105	507/ 121	6
Fat (g)	2.7	3.1	4
of which saturates (g)	1.6	1.8	9
Carbohydrate (g)	16	18	7
of which sugars (g)	15	17	19
Fibre (g)	2	2.3	-
Protein (g)	3.6	4.1	8
Salt (g)	0.13	0.15	2
Calcium (mg)	136	156	20","Yogurt (Milk), Water, Sugar, Dietary Fibre (Oligofructose) (2.9%), Apple (22%), Wheat (0.5%), Oat (0.3%), Barley (0.3%), Modified Maize Starch, Walnut (0.1%), Thickener (Pectin), Acidity Regulators (Citric Acid, Calcium Citrate, Sodium Citrate), Flavourings, Colour (Caramel), Cultures (Lactobacillus Bulgaricus, Streptococcus Thermophilus, Lactococcus Lactis, Bifidobacterium Lactis (Bifidus ActiRegularis®)), Cinnamon (0.01%), Salt",https://www.sainsburys.co.uk/gol-ui/product/activia-apple-cereals-x4-460-,4x115g,2024-08-20T15:29:44.097237-04:00
66-863-DAI,Galbani Dolcelatte Italian Blue Cheese 150g,Galbani,"Dairy, eggs & chilled",Dairy & eggs,Cheese,,£2.95,,£2.20,£19.67 / kg,6881110.0,Soft Blue Veined Cheese Made with Pasteurised Cow's Milk,,https://assets.sainsburys-groceries.co.uk/gol/6881110/1/640x640.jpg,"Nutrient	Per 100g
Energy	1467kJ
Energy	354kcal
Fat	31g
of which saturates	22g
Carbohydrate	1.8g
of which sugars	0.5g
Protein	17g
Salt	1.5g","Milk, Cream (Milk), Salt, Vegetarian Coagulant",https://www.sainsburys.co.uk/gol-ui/product/galbani-dolcelatte-150g,,2024-08-20T15:29:52.463111-04:00
66-864-DAI,Jus-Rol Pain Au Chocolat Dough x6 275g,Jus-Rol,"Dairy, eggs & chilled",Croissants & breakfast bakery,All breakfast bakery,,£2.60,,,£9.45 / kg,7521257.0,Chilled uncooked dough and chocolate sticks for pain au chocolat.,,https://assets.sainsburys-groceries.co.uk/gol/7521257/1/640x640.jpg,"Nutrient	(uncooked) Per 100g	(uncooked) Each pain au chocolat (46g)	%*(46g)
Energy	1536 kJ / 367 kcal	707 kJ / 169 kcal	8%
Fat	18.1 g	8.3 g	12%
of which saturates	11.4 g	5.3 g	26%
Carbohydrate	42.5 g	19.5 g	8%
of which sugars	14 g	6.5 g	7%
Fibre	1.8 g	0.8 g	-
Protein	6.5 g	3 g	6%
Salt	1.65 g	0.76 g	13%","Dough (87%): Wheat Flour, Water, Vegetable Oils and Fats (Palm, Soy, Sunflower), Sugar, Wheat Gluten, Dextrose, Raising Agents (Diphosphates, Sodium Carbonates), Alcohol, Salt, Emulsifiers (Polyglycerol Esters of Fatty Acids, Mono- and Diglycerides of Fatty Acids), Stabiliser (Xanthan Gum), Flavourings, Flour Treatment Agent (Ascorbic Acid), Acidity Regulator (Lactic Acid), Colour (Carotenes), Chocolate Sticks (13%): Sugar, Cocoa Mass, Cocoa Butter, Emulsifier (Soy Lecithin), Flavouring",https://www.sainsburys.co.uk/gol-ui/product/jus-rol-pain-au-chocolat-kit-275g,,2024-08-20T15:30:05.731893-04:00
66-865-DAI,Alpro Barista Coconut Milk Long Life Dairy Alternative 1L,Alpro,Drinks,Dairy & eggs,Dairy free,1L,£2.00,,,£2.00 / ltr,8086020.0,Coconut drink with soya and added calcium.,,https://assets.sainsburys-groceries.co.uk/gol/8086020/1/640x640.jpg,"Nutrient	per 100 ml		per 100 ml
Energy	139 kJ / 33 kcal
Fat	1.4 g
of which Saturates	0.7 g
Carbohydrate	3.3 g
of which Sugars	3.3 g
Fibre	0.2 g
Protein	1.5 g
Salt	0.10 g
- Calcium	120 mg*","Water, Coconut Milk [5.7%] [Coconut Cream [2.6%], Water], Hulled Soya Beans [2.9%], Sugar, Fructose, Acidity Regulators [Potassium Phosphates], Calcium [Calcium Carbonate], Sea Salt, Flavouring, Stabiliser [Gellan Gum]",https://www.sainsburys.co.uk/gol-ui/product/alpro-barista-coconut-long-life-drink-1l,,2024-08-19T18:35:48.058528-04:00
66-866-DAI,Saint Agur Blue Creme Cheese 150g,Saint,"Dairy, eggs & chilled",Dairy & eggs,Cheese,,£2.75,,,£18.33 / kg,4130307.0,Blue cheese spread made with pasteurised cows' milk,,https://assets.sainsburys-groceries.co.uk/gol/4130307/1/640x640.jpg,,"Cheese (50%), Milk, Water, Milk Proteins, Emulsifying Salts (E450, E452), Lactic Acid, Salt",https://www.sainsburys.co.uk/gol-ui/product/creme-de-saint-agur-150g,,2024-08-20T15:30:19.654900-04:00
66-867-DAI,Philadelphia Vegan Almond & Oat Soft Cream Cheese Alternative 145g,Philadelphia,"Dairy, eggs & chilled",Dairy & eggs,Cheese,,£2.75,,£2.00,£18.97 / kg,8123724.0,Plant based spread with almond and oat.,,https://assets.sainsburys-groceries.co.uk/gol/8123724/1/640x640.jpg,,"Water, Coconut Oil, Almond Protein (6%), Oat Flour (3%), Salt, Stabiliser (Locust Bean Gum), Vegan Culture",https://www.sainsburys.co.uk/gol-ui/product/philadelphia-plant-based-almond-oat-soft-cheese-alternative-150g,,2024-08-20T15:30:27.693870-04:00
66-868-DAI,Alpro Soya Light Milk Chilled Dairy Alternative 1L,Alpro,Drinks,Dairy & eggs,Dairy free,1L,£2.00,,,£2.00 / ltr,6371996.0,"Reduced fat soya drink with added calcium and vitamins, flash pasteurised.",,https://assets.sainsburys-groceries.co.uk/gol/6371996/1/640x640.jpg,"Nutrient	per 100 ml		per 100 ml
Energy	93 kJ / 22 kcal
Fat	1.2 g
of which Saturates	0.2 g
Carbohydrate	0 g
of which Sugars	0 g
Fibre	1.2 g
Protein	2.0 g
Salt	0.11 g
- D2	0.75 µg*
- B12	0.38 µg*
- Riboflavin (B2)	0.21 mg*
- Calcium	120 mg*","Soya Base [98.4%] [Water, Hulled Soya Beans [5.5%]], Chicory Root Fibre, Calcium [Calcium Carbonate], Acidity Regulator [Potassium Phosphates], Seal Salt, Stabiliser [Gellan Gum], Flavouring, Vitamins B2, B12, D2",https://www.sainsburys.co.uk/gol-ui/product/alpro-light-chilled-soya-milk-alternative-1l,,2024-08-19T18:35:08.854857-04:00
66-869-DAI,Sainsbury's Medium British Cheddar 220g,Sainsbury's,"Dairy, eggs & chilled",Dairy & eggs,Cheese,,£2.35,,,£10.68 / kg,7971327.0,Medium Cheddar cheese,,https://assets.sainsburys-groceries.co.uk/gol/7971327/1/640x640.jpg,,,https://www.sainsburys.co.uk/gol-ui/product/sainsburys-medium-british-cheddar-220g,,2024-08-20T15:30:48.605378-04:00
66-870-DAI,St Helen's Farm Goats Butter 250g,St,"Dairy, eggs & chilled",Dairy & eggs,"Butter, spreads & pastry",,£3.30,,,£13.20 / kg,3036679.0,Great taste 2020,,https://assets.sainsburys-groceries.co.uk/gol/3036679/1/640x640.jpg,"Nutrient	per 100g
Energy - kJ	3265kJ
- kcal (Calories)	794kcal
Fat	88.0g
- of which saturates	60.4g
Carbohydrate	trace
- of which sugars	trace
Protein	0.5g
Salt	1.5g","Butter (Goats' Milk), Salt (1.5%), Colour: Beta-Carotene",https://www.sainsburys.co.uk/gol-ui/product/st-helens-farm-goats-butter-250g,,2024-08-20T15:31:02.230570-04:00
66-871-DAI,Applewood Smoke Flavoured Cheddar Cheese 185g,Applewood,"Dairy, eggs & chilled",Dairy & eggs,Cheese,,£2.70,,£2.00,£14.59 / kg,7996800.0,Smoke Flavoured Cheddar Cheese Wedge,,https://assets.sainsburys-groceries.co.uk/gol/7996800/1/640x640.jpg,"Nutrient	per 100g:		per 100g:
Energy	1701kJ/ 410kcal
Fat	34.5g
of which Saturates	21.6g
Carbohydrates	0.1g
of which Sugars	0.1g
Protein	24.9g
Salt	1.80g
Calcium	736mg","Cheddar Cheese (Milk), Smoke Flavouring, Paprika",https://www.sainsburys.co.uk/gol-ui/product/applewood-smoked-185g,,2024-08-20T15:31:09.831594-04:00
66-872-DAI,"Sainsbury's West Country Creamy Fudge Yogurt, Taste the Difference 150g",Sainsbury's,"Dairy, eggs & chilled",Dairy & eggs,Special offers,,95p,,80p,63p / 100g,6782357.0,Fudge yogurt,,https://assets.sainsburys-groceries.co.uk/gol/6782357/1/640x640.jpg,,,https://www.sainsburys.co.uk/gol-ui/product/sainsburys-fudge-yogurt--taste-the-difference-150g,,2024-08-20T15:31:26.258532-04:00
66-873-DAI,Arla Skyr Vanilla Icelandic Style Yogurt 450g,Arla,"Dairy, eggs & chilled",Dairy & eggs,Special offers,,£2.25,,£1.25,50p / 100g,7907354.0,Fat Free Icelandic Style Strained Vanilla Yogurt,,https://assets.sainsburys-groceries.co.uk/gol/7907354/1/640x640.jpg,"Nutrient	Per 100g	Per 1/3 pot (150g)
Energy (kJ)	316	474
Energy (kcal)	74	112
Fat (g)	<0.5	<0.5
of which saturates (g)	<0.1	0.2
Carbohydrates (g)	8.3	12.5
of which sugars (g)	7.6	11.4
Fibre (g)	0.0	0.0
Protein (g)	9.1	13.7
Salt (g)	0.13	0.19","Skyr Yogurt (Skimmed Milk) (86%), Water, Sugar, Maize Starch, Natural Vanilla Flavouring, Lemon Juice from Concentrate, Vanilla Pods, Natural Flavouring",https://www.sainsburys.co.uk/gol-ui/product/arla-skyr-icelandic-style-yogurt-mixed-with-vanilla-450g,,2024-08-20T15:31:34.724741-04:00
66-874-DAI,Dairylea Cheese Triangles x16 250g,Dairylea,"Dairy, eggs & chilled",Dairy & eggs,Cheese,,£2.95,,,£11.80 / kg,7709365.0,Cheese spread with added calcium.,,https://assets.sainsburys-groceries.co.uk/gol/7709365/1/640x640.jpg,,"Skimmed Milk (Water, Skimmed Milk Powder), Cheese, Milk Fat, Whey Powder (from Milk), Inulin, Milk Protein, Skimmed Milk Powder, Emulsifying Salts (Triphosphate, Polyphosphates), Calcium Phosphate, Acidity Regulator (Citric Acid)",https://www.sainsburys.co.uk/gol-ui/product/dairylea-triangles-x16-250g,,2024-08-20T15:31:48.025213-04:00
66-875-DAI,Alpro Barista Oat Milk Chilled Dairy Alternative 750ml,Alpro,Drinks,Dairy & eggs,Dairy free,750ML,£1.75,,£1.25,£2.33 / ltr,8033100.0,"Oat drink with added vitamins, flash pasteurised.",,https://assets.sainsburys-groceries.co.uk/gol/8033100/1/640x640.jpg,"Nutrient	per 100 ml		per 100 ml
Energy	244 kJ / 58 kcal
Fat	3.1 g
of which Saturates	0.3 g
Carbohydrate	6.6 g
of which Sugars	3.1 g
Fibre	1 g
Protein	0.7 g
Salt	0.13 g
- D2	0.75 µg*
- Riboflavin [B2]	0.21 mg*","Oat Base (95.1%) [Water, Oat [9.5%]], Sunflower Oil, Chicory Root Fibre, Pea Protein, Acidity Regulator (Potassium Phosphates), Calcium (Calcium Carbonate), Sea Salt, Stabiliser (Gellan Gum), Vitamins D2, B2",https://www.sainsburys.co.uk/gol-ui/product/alpro-barista-oat-750ml,,2024-08-19T18:37:38.252249-04:00
66-876-DAI,Midas Grilling Cheese 400g,Midas,"Dairy, eggs & chilled",Dairy & eggs,Cheese,,£3.40,,£2.90,£8.50 / kg,8024923.0,Medium fat semi-hard cheese for grilling.,,https://assets.sainsburys-groceries.co.uk/gol/8024923/1/640x640.jpg,"Nutrient	per 100g
Energy	1235kJ / 298kcal
Fat	24.0g
Of Which Saturates	14.8g
Carbohydrate	1.4g
Of Which Sugars	1.2g
Fibre	0.0g
Protein	19.0g
Salt	2.8g",,https://www.sainsburys.co.uk/gol-ui/product/midas-grilling-cheese-400g,,2024-08-20T15:32:04.667776-04:00
66-877-DAI,Lindahls Pro+ Kvarg Blueberry Muffin Protein Yogurt 150g,Lindahls,"Dairy, eggs & chilled",Dairy & eggs,Special offers,,£1.40,,,93p / 100g,8169306.0,Fat Free Quark with Blueberry Muffin Flavour and Sweeteners.,,https://assets.sainsburys-groceries.co.uk/gol/8169306/1/640x640.jpg,,"Skimmed Milk, Whey Protein Concentrate (from Milk), Water, Modified Maize Starch, Flavouring, Black Carrot Concentrate, Hibiscus Concentrate, Sweeteners (Aspartame, Acesulfame K), Acidity Regulator: Citric Acid, Lactic Cultures, Microbial Rennet, Lactase Enzyme",https://www.sainsburys.co.uk/gol-ui/product/lindahls-pro-kvarg-blueberry-muffin-150g,,2024-08-20T15:32:18.280006-04:00
66-878-DAI,Bio & Me Kefir Live Yoghurt Mango 350g,Bio,"Dairy, eggs & chilled",Dairy & eggs,Yogurts,,£2.10,,,60p / 100g,8067535.0,Mango Gut-Loving Yoghurt,150 g,https://assets.sainsburys-groceries.co.uk/gol/8067535/1/640x640.jpg,"Nutrient	Per 100g	Per 150g Serving		Per 100g	Per 150g Serving
Energy	343kJ/ 82kcal	515kJ/ 123kcal (6%†)
Fat	3.0g	4.5g (6%†)
of which saturates	2.4g	3.6g (18%†)
Carbohydrate	8.0g	12.0g (5%†)
of which sugars	8.0g	12.0g (13%†)
Fibre	2.0g	3.0g (10%†)
Protein	5.0g	7.5g (15%†)
Salt	0.26g	0.38g (6%†)
Calcium	188mg (24%†)	282mg (35%†)
Phosphorus	139mg (20%†)	209mg (30%†)
Vitamin B2	0.27mg (19%†)	0.4mg (29%†)
Vitamin B12	0.49µg (20%†)	0.7µg (30%†)","Yogurt (Milk), Fermented with 18 different live and active cultures, Mango Puree (12%), Chicory Root Fibre, Natural Flavouring",https://www.sainsburys.co.uk/gol-ui/product/bio-me-mango-gut-loving-prebiotic-yoghurt-350g,,2024-08-20T15:32:31.592770-04:00
66-879-DAI,Sainsbury's Roule Cheese 125g,Sainsbury's,"Dairy, eggs & chilled",Dairy & eggs,Cheese,,£2.10,,,£16.80 / kg,6600811.0,Soft cheese with garlic and herbs,,https://assets.sainsburys-groceries.co.uk/gol/6600811/1/640x640.jpg,,,https://www.sainsburys.co.uk/gol-ui/product/sainsburys-roule-125g,,2024-08-20T15:32:53.027466-04:00
66-880-DAI,Sainsbury's Mozzarella Slices 250g,Sainsbury's,"Dairy, eggs & chilled",Dairy & eggs,Cheese,,£2.75,,,£11.00 / kg,8165622.0,Mozzarella Full Fat Soft Cheese,,https://assets.sainsburys-groceries.co.uk/gol/8165622/1/640x640.jpg,,,https://www.sainsburys.co.uk/gol-ui/product/sainsburys-mozzarella-slices-250g,,2024-08-20T15:33:15.103722-04:00
66-881-DAI,St Helen's Farm Mild Goats Cheese 170g,St,"Dairy, eggs & chilled",Dairy & eggs,Cheese,,£3.50,,£3.00,£20.59 / kg,8025085.0,Mild Goat's Cheese,,https://assets.sainsburys-groceries.co.uk/gol/8025085/1/640x640.jpg,"Nutrient	per 100g		per 100g
Energy - kJ	1514kJ
- kcal (Calories)	365kcal
Fat	27.8g
- of which saturates	16.1g
Carbohydrate	1.6g
- of which sugars	<0.1g
Protein	26.6g
Salt	1.6g
Calcium	941mg*",,https://www.sainsburys.co.uk/gol-ui/product/st-helens-farm-mild-goats-cheese-170g,,2024-08-20T15:33:31.854301-04:00
66-882-DAI,Alpro Almond Milk Long Life Dairy Alternative 1L,Alpro,Drinks,Dairy & eggs,Dairy free,1L,£2.10,,£1.50,£2.10 / ltr,7544271.0,Almond drink with added calcium and vitamins.,,https://assets.sainsburys-groceries.co.uk/gol/7544271/1/640x640.jpg,"Nutrient	per 100 ml		per 100 ml
Energy	93 kJ / 22 kcal
Fat	1.1 g
of which Saturates	0.1 g
Carbohydrate	2.4 g
of which Sugars	2.4 g
Fibre	0.4 g
Protein	0.4 g
Salt	0.14 g
- D2	0.75 µg*
- E	1.8 mg*
- Riboflavine (B2)	0.21 mg*
- B12	0.38 µg*
- Calcium	120 mg*","Water, Almond (2.3%), Sugar, Calci- Um (Tri-calcium Phosphate), Sea Salt, Stabilisers [Locust Bean Gum, Gellan Gum], Emulsifier [Lecithins], Vitamins B2, B12, D2, E",https://www.sainsburys.co.uk/gol-ui/product/alpro-long-life-almond-milk-alternative-1l,,2024-08-19T18:37:14.326107-04:00
66-883-DAI,Alpro Strawberry Soya Plant Based Yoghurt Alternative 500g,Alpro,"Dairy, eggs & chilled",Dairy & eggs,Dairy free,,£2.10,,,42p / 100g,7647171.0,"Fermented soya product with strawberry, added calcium and vitamins.",,https://assets.sainsburys-groceries.co.uk/gol/7647171/1/640x640.jpg,"Nutrient	per 100 g		per 100 g
Energy	288 kJ / 68 kcal
Fat	2.1 g
of which Saturates	0.4 g
Carbohydrate	8.1 g
of which Sugars	7.9 g
Fibre	1.0 g
Protein	3.6 g
Salt	0.23 g
D2	0.75 µg*
B12	0.38 µg*
Riboflavin (B2)	0.21 mg*
Calcium	120 mg*","Soya Base (80%) (Water, Hulled Soya Beans (9.7%)), Strawberry Mix (10.9%) (Fruit (7%), Juice from Concentrate (3.9%)), Sugar, Acidity Regulators (Citric Acid, Sodium Citrates, Malic Acid), Stabiliser (Pectins), Calcium [Tri-Calcium PhosPhate), Beetroot^, Natural Flavourings, Black Carrot^, Sea Salt, Antioxidants (Tocopherol-Rich Extract, Fatty Acid Esters of Ascorbic Acid), Vitamins B2, B12, D2, Live Cultures (S. Thermophilus, L. Bulgaricus), ^Concentrates",https://www.sainsburys.co.uk/gol-ui/product/alpro-strawberry-big-pot-yogurt-alternative-500g,,2024-08-20T15:33:45.119337-04:00
66-884-DAI,Cadbury Wispa Mousse 4x45g,Cadbury,"Dairy, eggs & chilled",Dairy & eggs,Yogurts,,£2.00,4 for £2.00,,£1.11 / 100g,8189268.0,Milk Chocolate Mousse.,,https://assets.sainsburys-groceries.co.uk/gol/8189268/1/640x640.jpg,"Nutrient	Per 100g	Per pot	%* Per pot
Energy kJ	819	369	-
kcal	195	88	4%
Fat g	5.3	2.4	3%
of which saturates g	3.3	1.5	7%
Carbohydrate g	30.1	13.6	5%
of which sugars g	17.6	7.9	9%
Fibre g	2.0	0.9	-
Protein g	5.7	2.6	5%
Salt g	0.09	0.04	1%","Water, Concentrated Skimmed Milk, Sugar, Cream, Fat Reduced Cocoa Powder, Milk Chocolate (5%) (Milk, Sugar, Cocoa Butter, Cocoa Mass, Vegetable Fats (Palm, Shea), Emulsifier (E442), Flavourings), Inulin, Pork Gelatine, Modified Maize Starch, Emulsifier (E472b), Maltodextrin, Stabiliser (E412)",https://www.sainsburys.co.uk/gol-ui/product/cadbury-wispa-mousse-4x45g,4x45g,2024-08-20T15:33:58.366815-04:00
66-885-DAI,Activia Blueberry Acai Fusions Yogurt 4x120g,Activia,"Dairy, eggs & chilled",Dairy & eggs,Special offers,,£2.75,4 for £2.75,£2.00,57p / 100g,8126818.0,Yogurt with Blueberry & Acai Fruit Layer and Live Cultures,100 g,https://assets.sainsburys-groceries.co.uk/gol/8126818/1/640x640.jpg,"Nutrient	Per 100g	Per serving (120g)	% RI* (120g)		Per 100g	Per serving (120g)	% RI* (120g)
Energy (kJ/kcal)	414/ 98	497/ 118	6
Fat (g)	3.5	4.2	6
of which saturates (g)	2.4	2.9	14
Carbohydrate (g)	13	16	6
of which sugars (g)	13	15	17
Protein (g)	3.3	4.0	8
Salt (g)	0.16	0.19	3
Calcium (mg)	119 (15% RI*)	142	18","Yogurt with Sugar (80%) [Yogurt (Milk), Sugar], Blueberry & Acai Layer (20%) [Blueberry (7%), Sugar, Acai Puree (1.2%), Modified Maize Starch, Oligofructose, Natural Flavouring, Stabiliser (Carrageenan), Acidity Regulators (Sodium Citrate, Citric Acid)], Cultures [Bifidobacterium Lactis (Bifidus Actiregularis®), Streptococcus Thermophilus, Lactobacillus Bulgaricus, Lactococcus Lactis]",https://www.sainsburys.co.uk/gol-ui/product/activia-fusion-blueberry-gut-health-yogurt-4x120g,4x120g,2024-08-20T15:34:07.179259-04:00
66-886-DAI,Alpro Velvet Vanilla Dessert 4x125g,Alpro,"Dairy, eggs & chilled",Dairy & eggs,Dairy free,,£1.85,4 for £1.85,,37p / 100g,2813516.0,"Soya dessert, vanilla flavour, with added calcium and vitamins.",,https://assets.sainsburys-groceries.co.uk/gol/2813516/1/640x640.jpg,"Nutrient	per 100 g		per 100 g
Energy	369 kJ / 87 kcal
Fat	1.8 g
of which Saturates	0.3 g
Carbohydrate	14.2 g
of which Sugars	11.0 g
Fibre	0.5 g
Protein	3.2 g
Salt	0.14 g
D	0.75 µg*
B12	0.38 µg*
Riboflavin (B2)	0.21 mg*
Minerals: Calcium	120 mg*","Soya Base (Water, Hulled Soya Beans (8.6%)), Sugar, Modified Starch, Maltodextrin, Calcium (Tri-Calcium Phosphate), Carrot Extract, Flavouring, Thickeners (Pectins, Carrageenan), Sea Salt, Vitamins (B2, B12, D2)",https://www.sainsburys.co.uk/gol-ui/product/alpro-soya-vanilla-dessert-4x125g,4x125g,2024-08-20T15:34:20.657420-04:00
66-887-DAI,Whole Earth Crunchy Peanut Butter 1kg,Whole,"Dairy, eggs & chilled",Dairy & eggs,"Butter, spreads & pastry",,£6.80,,£5.50,68p / 100g,8090064.0,Crunchy Peanut Butter with No Added Sugar,,https://assets.sainsburys-groceries.co.uk/gol/8090064/1/640x640.jpg,,"Roasted Peanuts (96%), Sustainable Palm Oil, Sea Salt",https://www.sainsburys.co.uk/gol-ui/product/whole-earth-crunchy-peanut-butter-1kg,,2024-08-20T15:34:29.095261-04:00
66-888-DAI,"Sainsbury's Greek Style Salad Cheese, Be Good to Yourself 200g",Sainsbury's,"Dairy, eggs & chilled",Dairy & eggs,Cheese,,£1.80,,,£9.00 / kg,6310014.0,Medium fat white cheese*50% less fat than Sainsbury's standard feta cheese,,https://assets.sainsburys-groceries.co.uk/gol/6310014/1/640x640.jpg,,,https://www.sainsburys.co.uk/gol-ui/product/sainsburys-greek-style-cheese--be-good-to-yourself-200g,,2024-08-20T15:34:50.458416-04:00
66-889-DAI,Strings & Things Twisted Cheestrings Cheese Snack x4 80g,Strings,"Dairy, eggs & chilled",,,,£1.75,,,£21.88 / kg,7566892.0,Medium fat hard cheese.,,https://assets.sainsburys-groceries.co.uk/gol/7566892/1/640x640.jpg,,"Acidity Regulators (Citric Acid, Lactic Acid), Paprika, Vitamin B6, Vitamin D & Vitamin B12",https://www.sainsburys.co.uk/gol-ui/product/strings---things-cheestrings-twisted-cheese-snack-x4-80g-7566892-p,,2024-08-20T15:35:08.879938-04:00
66-890-DAI,Happy Monkey Strawberry Milkshake 3x200ml,Happy,Drinks,Dairy & eggs,Milk,200ML,£1.20,3 for £1.20,,20p / 100ml,8032171.0,,,https://assets.sainsburys-groceries.co.uk/gol/8032171/1/640x640.jpg,,,https://www.sainsburys.co.uk/gol-ui/product/happymonkey-strawberry-milkshake-3x200ml,3x200ml,2024-08-19T18:36:30.065282-04:00
66-891-DAI,Sainsbury's 12 Breaded Halloumi Fries 204g,Sainsbury's,"Dairy, eggs & chilled",Dairy & eggs,Cheese,,£3.25,,,£15.93 / kg,8018197.0,"Cheese sticks made with a blend of halloumi and Greek-style semi-hard cheeses, coated in breadcrumbs.",,https://assets.sainsburys-groceries.co.uk/gol/8018197/1/640x640.jpg,,,https://www.sainsburys.co.uk/gol-ui/product/sainsburys-12-breaded-halloumi-fries-204g,,2024-08-20T15:35:30.338703-04:00
66-892-DAI,Aero Creations Milk Chocolate Mousse 4x57g,Aero,"Dairy, eggs & chilled",Dairy & eggs,Yogurts,,£2.20,4 for £2.20,,96p / 100g,7525514.0,Chocolate Mousse with Chocolate Layer Pieces.,,https://assets.sainsburys-groceries.co.uk/gol/7525514/1/640x640.jpg,,"Chocolate Mousse (91,2%) with Chocolate Layer Pieces (8,8%), Whole Milk (60,8%), Sugar, Cream (Milk), Cocoa Butter, Cocoa Mass, Skimmed Milk Powder, Chocolate (2,7%) [Cocoa Mass, Sugar, Emulsifier: Lecithin (contains Soya), Natural Vanilla Flavouring], Fat Reduced Cocoa Powder, Caramel [Sugar, Water, Glucose Syrup], Acidity Regulator (Sodium Hydroxide), Cocoa Powder, Lactose (Milk), Gelatine, Emulsifier (E471), Salt",https://www.sainsburys.co.uk/gol-ui/product/aero-finesse-milk-chocolate-mousse-4x57g,4x57g,2024-08-20T15:35:43.756162-04:00
66-893-DAI,Violife Original Grated Vegan Cheese Alternative 175g,Violife,"Dairy, eggs & chilled",Dairy & eggs,Cheese,,£2.50,,,£14.29 / kg,8188125.0,Food Preparation with Coconut Oil.,,https://assets.sainsburys-groceries.co.uk/gol/8188125/1/640x640.jpg,"Nutrient	/ 100 g		/ 100 g
Energy	1247kJ/ 298kcal
Fat	24g
- Of which Saturates	22g
Carbohydrate	21g
- Of which Sugars	0g
Protein	0g
Salt	2.2g
Vitamin B12	2.5µg (100%)","Water, Coconut Oil (24%), Modified Starch, Starch, Sea Salt, Flavourings, Olive Extract, Colour: Beta-Carotene, Vitamin B12",https://www.sainsburys.co.uk/gol-ui/product/violife-original-grated-cheese-alternative-175g,,2024-08-20T15:35:57.054124-04:00
66-894-DAI,Sainsbury's Danish Pastry Bramley Apple Lattices x2,Sainsbury's,"Dairy, eggs & chilled",Croissants & breakfast bakery,All breakfast bakery,,£1.60,,,80p / ea,6544246.0,"Danish pastry lattice with an apple filling, topped with glaze",,https://assets.sainsburys-groceries.co.uk/gol/6544246/1/640x640.jpg,,,https://www.sainsburys.co.uk/gol-ui/product/sainsburys-danish-pastry-bramley-apple-lattices-x2,,2024-08-20T15:36:18.402534-04:00
66-895-DAI,Yeo Valley Organic Blueberry & Lime Yogurt 450g,Yeo,"Dairy, eggs & chilled",Dairy & eggs,Yogurts,,£2.25,,,50p / 100g,7085019.0,Blueberry Yogurt,,https://assets.sainsburys-groceries.co.uk/gol/7085019/1/640x640.jpg,"Nutrient	Per 100g		Per 100g
Energy	410kJ/ 98kcal
Fat	4.0g
of which saturates	2.7g
Carbohydrate	10.9g
of which sugars	10.9g
Protein	4.6g
Salt*	0.17g
Calcium	167mg†","Organic Whole Milk Yogurt, Organic Blueberries (5%), Organic Sugar (4.9%), Organic Maize Starch, Organic Lime Juice, Natural Flavourings, Contains the following Live Cultures: Bifidobacterium, Lactobacillus Acidophilus, Streptococcus Thermophilus",https://www.sainsburys.co.uk/gol-ui/product/yeo-valley-organic-yogurt-blueberry-450g,,2024-08-20T15:36:32.849293-04:00
66-896-DAI,Emmi Caffe Latte Skinny Iced Coffee 230ml,Emmi,Drinks,Dairy & eggs,Milk,230ML,£1.85,,,80p / 100ml,7493061.0,Reduced Fat* Pasteurised Iced Coffee with Sweeteners.,,https://assets.sainsburys-groceries.co.uk/gol/7493061/1/640x640.jpg,"Nutrient	Per 100 ml	Per 230 ml	% RI/230ml***	Adult RI		Per 100 ml	Per 230 ml	% RI/230ml***	Adult RI
Energy	144 kJ (34 kcal)	331 kJ (78 kcal)	4%	2000 kcal
Fat	0.6 g	1.4 g	2%	70 g
of which saturates	0.4 g	0.9 g	5%	20 g
Carbohydrate	4.3 g	9.9 g	4%	260 g
of which sugars	4.0 g	9.2 g	10%	90 g
Protein	2.9 g	6.7 g	13%	50 g
Salt	0.08 g	0.18 g	3%	6 g
Calcium	105 mg	242 mg	30% NRV****	800 mg NRV****","Partly Skimmed Milk 83% (0.7% Fat), Brewed Arabica Coffee** 17%, Sweeteners: Cyclamate and Saccharin, Lactase, **Rainforest Alliance Certified™",https://www.sainsburys.co.uk/gol-ui/product/emmi-caffe-latte-light-iced-coffee-230ml,,2024-08-19T18:35:34.967310-04:00
66-897-DAI,Attack a Snak Ham & Cheese Wrap Kit with Tomato Ketchup 86g,Attack,"Dairy, eggs & chilled",Dairy & eggs,Cheese,,£1.50,,,£17.44 / kg,7566879.0,"2 Wheat Flour Tortillas, 1 String Cheese Stick (Mozzarella String Cheese), Cooked Ham (formed from Pork Leg Meat with added water) and Tomato Ketchup.",,https://assets.sainsburys-groceries.co.uk/gol/7566879/1/640x640.jpg,,"Wheat Flour Tortilla (51%) (Fortified Wheat Flour (Wheat Flour, Calcium Carbonate, Iron, Niacin, Thiamin), Water, Vegetable Oils (Palm Oil, Rapeseed Oil), Humectant (Glycerol), Acidity Regulators (Citric Acid, Malic Acid), Raising Agent (Sodium Carbonate), Preservatives (Potassium Sorbate, Calcium Propionate), Emulsifier (Mono-and Diglycerides of Fatty Acids), Stabiliser (Carboxy Methyl Cellulose), Flavouring, Sugar), String Cheese Stick (21%) (Pasteurized Milk, Salt, Acidity Regulator (Citric Acid), Lactic Acid Bacteria), Cooked Ham Slices (16%) (Pork (80%), Water, Potassium Lactate, Stabiliser (Triphosphate), Salt, Potato Starch, Antioxidant (Sodium Ascorbate), Preservative (Sodium Nitrite)), Tomato Ketchup (12%) (Tomato Puree, Glucose/Fructose Syrup, Sugar, Spirit Vinegar, Salt, Spice Mix (Onion, Clove, Salt, Cayenne Pepper, Garlic Oil))",https://www.sainsburys.co.uk/gol-ui/product/attack-a-snak-ham-99g,,2024-08-20T15:36:45.913897-04:00
66-898-DAI,Alpro Almond Milk Chilled Dairy Alternative 1L,Alpro,Drinks,Dairy & eggs,Dairy free,1L,£2.00,,,£2.00 / ltr,7551206.0,"Almond drink with added calcium, iodine and vitamins, flash pasteurised.",,https://assets.sainsburys-groceries.co.uk/gol/7551206/1/640x640.jpg,"Nutrient	per 100 ml		per 100 ml
Energy	98 kJ / 24 kcal
Fat	1.1 g
of which Saturates	0.1 g
Carbohydrate	2.6 g
of which Sugars	2.3 g
Fibre	0.3 g
Protein	0.5 g
Salt	0.15 g
- D2	0.75 µg*
- E	1.8 mg*
- B12	0.38 µg*
- Calcium	120 mg*
- Iodine	22.5 µg*","Water, Almond [2.3%], Sugar, Calcium [Calcium Carbonate], Sea Salt, Stabilisers [Guar Gum, Gellan Gum], Natural Flavouring, Emulsifier [Lecithins], Potassium Iodide, Vitamins B12, B12, D, E",https://www.sainsburys.co.uk/gol-ui/product/alpro-chilled-almond-milk-1l,,2024-08-19T18:36:45.009209-04:00
66-899-DAI,Benecol Strawberry Yogurt 4x115g,Benecol,"Dairy, eggs & chilled",Dairy & eggs,Yogurts,,£4.00,4 for £4.00,,87p / 100g,8173240.0,Strawberry lactose free yogurt with added plant stanols and low in saturated fat.,115 g,https://assets.sainsburys-groceries.co.uk/gol/8173240/1/640x640.jpg,"Nutrient	100 g	per 115 g serving
Energy	294 kJ/ 70 kcal	338 kJ/ 81 kcal
Fat	1.5 g	1.7 g
Saturated fat	0.3 g	0.3 g
Carbohydrates	9.8 g	11 g
of which sugars	8.7 g	10 g
Protein	3.7 g	4.3 g
Salt	0.11 g	0.13 g
Plant stanols	1.8 g	2.0 g
Lactose	< 0.01 g	-","Lactose Free Yogurt 79% (Milk), Strawberry 8%, Sugar, Plant Stanol Ester (Plant Stanol 1,8%), Modified Starch, Natural Flavours, Colour (Beet Root Concentrate), Lemon Juice Concentrate",https://www.sainsburys.co.uk/gol-ui/product/benecol-strawberry-4x115g,4x115g,2024-08-20T15:36:59.298105-04:00
66-900-DAI,Jus-Rol Puff Pastry Block 500g,Jus-Rol,"Dairy, eggs & chilled",Dairy & eggs,"Butter, spreads & pastry",,£1.60,,,£3.20 / kg,7197315.0,Chilled uncooked puff pastry dough block.,,https://assets.sainsburys-groceries.co.uk/gol/7197315/1/640x640.jpg,"Nutrient	(uncooked) Per 100 g	(uncooked) Per portion (50g)	%* (50g)
Energy	1487kJ	743kJ	9%
Energy	356kcal	178kcal	9%
Fat	20.1g	10.0g	14%
of which saturates	9.9g	4.9g	25%
Carbohydrate	37.3g	18.6g	7%
of which sugars	0.9g	0.5g	1%
Fibre	1.3g	0.6g	-
Protein	5.9g	2.9g	6%
Salt	0.91g	0.46g	8%","Wheat Flour (contains Calcium Carbonate, Iron, Niacin, Thiamine), Water, Vegetable Oils and Fats (Palm, Rapeseed), Alcohol, Salt, Lemon Juice Concentrate, Emulsifier (Mono- and Diglycerides of Fatty Acids), Lemon Juice, Preservative (Potassium Sorbate), Natural Flavouring, Deactivated Yeast, Colour (Carotenes)",https://www.sainsburys.co.uk/gol-ui/product/jus-rol-puff-pastry-block-500g,,2024-08-20T15:37:12.671968-04:00
66-901-DAI,Country Life Spreadable Blend of Butter & Rapeseed Oil Spread 750g,Country,"Dairy, eggs & chilled",Dairy & eggs,"Butter, spreads & pastry",,£4.95,,,£6.60 / kg,8081093.0,"Butter with vegetable oil blended spread 66% (Milk fat 41%, vegetable fat 25%)",,https://assets.sainsburys-groceries.co.uk/gol/8081093/1/640x640.jpg,"Nutrient	per 100g
Energy:	2452kJ/ 596kcal
Fat:	66g
of which saturates:	27.8g
of which mono-unsaturates:	25.4g
of which polyunsaturates:	8.5g
Carbohydrate:	0.3g
of which sugars:	0.3g
Protein:	0.3g
Salt:	1.3g","Butter (50%), Rapeseed Oil (25%), Water, Salt",https://www.sainsburys.co.uk/gol-ui/product/country-life-spreadable-750g,,2024-08-20T15:37:26.920863-04:00
66-902-DAI,Jus-Rol Gluten Free Puff Pastry Sheet 280g,Jus-Rol,"Dairy, eggs & chilled",Dairy & eggs,"Butter, spreads & pastry",,£2.45,,,£8.75 / kg,7856977.0,Chilled uncooked gluten free puff pastry sheet.,,https://assets.sainsburys-groceries.co.uk/gol/7856977/1/640x640.jpg,,"Water, Corn Starch, Vegetable Oils and Fats (Palm, Rapeseed), Rice Flour, Pea Flour, Vegetable Fiber (Potatoes, Rice Pea, Plantain, Psyllium), Thickener (Xanthan Gum, Hydroxypropyl Methylcellulose), Alcohol, Salt, Buckwheat Flour, Natural Flavouring, Flour Treatment Agent (Transglutaminase), Acidity Regulator (Citric Acid)",https://www.sainsburys.co.uk/gol-ui/product/jus-rol-gluten-free-puff-pastry-sheet-280g,,2024-08-20T15:37:39.984797-04:00
66-903-DAI,Anchor Spreadable Blend of Butter & Rapeseed Oil Spread 250g,Anchor,"Dairy, eggs & chilled",Dairy & eggs,"Butter, spreads & pastry",,£2.25,,,£9.00 / kg,2394305.0,A Blend of Anchor Butter & Rapeseed Oil with Salt.,10 g,https://assets.sainsburys-groceries.co.uk/gol/2394305/1/640x640.jpg,"Nutrient	Per 100g	Per 10g Serving
Energy	2748kJ/ 668kcal	275kJ/ 67kcal
Fat	74g	7.4g
of which saturates	29g	2.9g
Carbohydrate	<0.5g	<0.5g
of which sugars	<0.5g	<0.5g
Protein	<0.5g	<0.5g
Salt	1.1g	0.11g","Anchor Butter (50%) (Milk), Rapeseed Oil (33%), Water, Salt (1.1%), Colour (Beta Carotene), Blended Spread 74% (41% Milk Fat, 33% Rapeseed Oil)",https://www.sainsburys.co.uk/gol-ui/product/anchor-spreadable-250g,,2024-08-20T15:37:52.329855-04:00
66-904-DAI,Yeo Valley Greek Recipe 5% Strain Natural Yogurt 850g,Yeo,"Dairy, eggs & chilled",Dairy & eggs,Yogurts,,£4.25,,,50p / 100g,8027217.0,Strained Natural Yogurt,,https://assets.sainsburys-groceries.co.uk/gol/8027217/1/640x640.jpg,"Nutrient	Per 100g		Per 100g
Energy	398kJ/ 95kcal
Fat	5.0g
of which saturates	3.4g
Carbohydrate	3.5g
of which sugars	3.5g
Protein	9.0g
Salt*	0.09g
Calcium	128mg†",This Yogurt contains only Milk's naturally occurring Sugar (Lactose),https://www.sainsburys.co.uk/gol-ui/product/yeo-valley-super-thick-5-natural-yoghurt-850g,,2024-08-20T15:38:06.547525-04:00
66-905-DAI,Yeo Valley Organic Greek Style with Honey Yogurt 450g,Yeo,"Dairy, eggs & chilled",Dairy & eggs,Yogurts,,£2.15,,,48p / 100g,8126552.0,Greek Style Yogurt with Honey,,https://assets.sainsburys-groceries.co.uk/gol/8126552/1/640x640.jpg,"Nutrient	Per 100g		Per 100g
Energy	591kJ/ 141kcal
Fat	7.8g
of which saturates	4.8g
Carbohydrate	13.7g
of which sugars	13.7g
Protein	4.1g
Salt*	0.13g
Calcium	133mg†","Organic Greek Style Yogurt (Milk), Organic Honey (6%), Organic Sugar (4.5%), Organic Tapioca Starch, Organic Concentrated Lemon Juice, Contains the following Live Cultures: Bifidobacterium, Lactobacillus Bulgaricus, Streptococcus Thermophilus",https://www.sainsburys.co.uk/gol-ui/product/yeo-valley-organic-greek-style-honey-450g,,2024-08-20T15:38:19.496505-04:00
66-906-DAI,Yeo Valley Organic 0% Fat Crème Fraiche 200g,Yeo,"Dairy, eggs & chilled",Dairy & eggs,Cream,,£1.40,,,70p / 100g,7706449.0,Fat Free Crème Fraîche,,https://assets.sainsburys-groceries.co.uk/gol/7706449/1/640x640.jpg,"Nutrient	Per 100g
Energy	259kJ / 61kcal
Fat	<0.5g
of which saturates	0.1g
Carbohydrate	7.0g
of which sugars	7.0g
Protein	7.6g
Salt*	0.15g","Organic Fat Free Crème Fraîche (Milk), Milk Protein, This product contains only Milk's Naturally occurring Sugar (Lactose), Contains Live Cultures",https://www.sainsburys.co.uk/gol-ui/product/yeo-valley-organic-0-fat-creme-fraiche-200g,,2024-08-20T15:38:32.866220-04:00
66-907-DAI,Primula Cheese with Ham 140g,Primula,"Dairy, eggs & chilled",Dairy & eggs,Cheese,,£1.85,,,£13.21 / kg,2001777.0,Cheese Spread with Ham,,https://assets.sainsburys-groceries.co.uk/gol/2001777/1/640x640.jpg,"Nutrient	Per 100g		Per 100g
Energy	845kJ / 203kcal
Fat	14.1g
of which saturates	9.5g
Carbohydrate	6.1g
of which sugars	3.4g
Protein	12.8g
Salt	2.29g
Calcium	(55.4%*NRV) 443mg","Cheese (51%) (Cheese (45%) (Milk), Medium Fat Soft Cheese (6%) (Medium Fat Soft Cheese (Milk), Sea Salt)), Reconstituted Skimmed Milk Powder (Water, Skimmed Milk Powder), Water, Smoked Ham (5%) (Pork, Water, Salt), Whey Powder (Milk), Emulsifying Salts (Sodium Phosphate, Polyphosphates, Triphosphates), Modified Maize Starch",https://www.sainsburys.co.uk/gol-ui/product/primula-cheese-spread--with-ham--tube-150g,,2024-08-20T15:38:46.908937-04:00
66-908-DAI,Oatly Oatgurt Greek 400g,Oatly,"Dairy, eggs & chilled",Dairy & eggs,Dairy free,,£2.60,,,65p / 100g,8035111.0,"Fermented oat product, Greek style, with added vitamins and minerals.",,https://assets.sainsburys-groceries.co.uk/gol/8035111/1/640x640.jpg,"Nutrient	per 100 g:		per 100 g:
Energy	603 kJ/ 145 kcal
Fat	10 g
of which saturates	0.8 g
Carbohydrate	10 g
of which sugars	4.1 g*
Fibre	0.9 g
Protein	3.3 g
Salt	0.11 g
Vitamin D	1.1 µg (22%**)
Vitamin B12	0.38 µg (15%**)
Calcium	120 mg (15%**)
Iodine	22.5 µg (15%**)","Water, Oats 11%, Rapeseed Oil, Potato Starch, Potato Protein, Acids (Malic Acid, Lactic Acid), Stabiliser (Pectin), Minerals (Calcium Carbonate, Calcium Phosphate, Potassium Iodide), Salt, Vitamins (D2, B12)",https://www.sainsburys.co.uk/gol-ui/product/oatly-oatgurt-greek-style-400g,,2024-08-20T15:39:00.561024-04:00
66-909-DAI,"Sainsbury's Parmigiano Reggiano Cheese, Taste the Difference 200g",Sainsbury's,"Dairy, eggs & chilled",Dairy & eggs,Cheese,,£4.10,,,£20.50 / kg,6924077.0,Parmigiano Reggiano PDO medium fat hard cheese,,https://assets.sainsburys-groceries.co.uk/gol/6924077/1/640x640.jpg,,,https://www.sainsburys.co.uk/gol-ui/product/sainsburys-parmigiano-reggiano--taste-the-difference-200g,,2024-08-20T15:39:22.212285-04:00
66-910-DAI,Magnum Vegan Almond Ice Cream Sticks 3x90ml,Magnum,"Dairy, eggs & chilled",Dairy & eggs,Dairy free,90ML,£4.00,3 for £4.00,,£1.48 / 100ml,7951659.0,Vegan vanilla ice cream coated with chocolate couverture (31%) with almonds (5%).,,https://assets.sainsburys-groceries.co.uk/gol/7951659/1/640x640.jpg,"Nutrient	Per 100g Unprepared	Per 100ml Unprepared	Per Serving Unprepared	%* per portion**
Energy (kJ)	1381 kJ	1105 kJ	994 kJ	12%
Energy (kcal)	331 kcal	264 kcal	238 kcal	12%
Fat (g)	21 g	17 g	15 g	21%
of which saturates (g)	12 g	9.9 g	8.9 g	45%
Carbohydrate (g)	31 g	25 g	22 g	8%
of which sugars (g)	25 g	20 g	18 g	20%
Protein (g)	2.7 g	2.2 g	2 g	4%
Salt (g)	0.1 g	0.08 g	0.07 g	1%","Water, sugar, cocoa butter¹, cocoa mass¹, glucose syrup, ALMONDS, coconut fat, fructose, glucose-fructose syrup, pea protein, emulsifier (lecithins), exhausted vanilla bean pieces, stabilisers (locust bean gum, guar gum), sea salt, carrot juice concentrate, natural vanilla flavourings, natural flavouring, lemon juice concentrate, apple juice concentrate. May contain milk, soy and other nuts. Gluten free. ¹Rainforest Alliance Certified™. Chocolate Couverture containing vegetable fats in addition to cocoa butter",https://www.sainsburys.co.uk/gol-ui/product/magnum-vegan-almond-ice-cream-3x90ml,3x90ml,2024-08-20T15:39:35.442942-04:00
66-911-DAI,Activia Vanilla & granola Breakfast Pot with Spoon Low Fat Yogurt 165g,Activia,"Dairy, eggs & chilled",Dairy & eggs,Special offers,,£1.85,,,£1.12 / 100g,7945896.0,Low fat vanilla yogurt with cereal clusters,,https://assets.sainsburys-groceries.co.uk/gol/7945896/1/640x640.jpg,,"Vanilla Yogurt (88%): Yogurt (Milk), Water, Sugar (5,5%), Natural Flavouring, Vanilla, Acidity Regulators (Citric Acid, Calcium Citrate), Modified Starch, Stabilisers (Pectin, Guar Gum), Colouring (Beta Caroten, Curcumin), Cereal Clusters (12%): Oat Flakes, Sugar, Cereal Crispies (Maize, Rice, Sugar, Whole Wheat Flour, Rye, Barley, Barley Malt, Low Fat Cocoa Powder, Salt), Sunflower Oil, Wheat Flour, Rye Flour, Wheat Germ, Coconut Flakes, Dextrose, Honey, Salt",https://www.sainsburys.co.uk/gol-ui/product/activia-low-fat-vanilla-yogurt-granola-165g,,2024-08-20T15:39:48.667740-04:00
66-912-DAI,Yeo Valley Organic 0% Fat Natural Yogurt 150g,Yeo,"Dairy, eggs & chilled",Dairy & eggs,Yogurts,,85p,,,57p / 100g,7284697.0,Fat Free Natural Yogurt,,https://assets.sainsburys-groceries.co.uk/gol/7284697/1/640x640.jpg,"Nutrient	Per 100g		Per 100g
Energy	236kJ / 56kcal
Fat	<0.5g
of which saturates	<0.1g
Carbohydrate	6.6g
of which sugars	6.6g
Protein	5.9g
Salt*	0.16g
Calcium	226mg†","No added ingredients, Contains the following Live Cultures: Bifidobacterium, Lactobacillus Bulgaricus, Streptococcus Thermophilus",https://www.sainsburys.co.uk/gol-ui/product/yeo-valley-organic-fat-free-natural-yogurt-150g,,2024-08-20T15:40:02.077008-04:00
66-913-DAI,Cadbury Heroes Wispa & Dairy Milk Chocolate Desserts 4x75g,Cadbury,"Dairy, eggs & chilled",Dairy & eggs,Special offers,,£3.50,4 for £3.50,£2.50,£1.17 / 100g,8035724.0,2x Milk chocolate dessert with milk chocolate chunks. 2x Milk chocolate dessert with aerated milk chocolate pieces.,,https://assets.sainsburys-groceries.co.uk/gol/8035724/1/640x640.jpg,"Nutrient	Per 100g	Per 75g pot	%* Per pot		Per 100g	Per 75g pot	%* Per pot
Energy kJ	1184	888	-
kcal	283	212	11%
Fat g	15.2	11.4	17%
of which saturates g	8.5	6.4	32%
Carbohydrate g	31.4	23.6	10%
of which sugars g	27.5	20.7	23%
Fibre g	1.0	0.8	-
Protein g	4.7	3.5	7%
Salt g	0.12	0.09	2%
Energy kJ	1104	828	-
kcal	264	198	10%
Fat g	13.8	10.4	15%
of which saturates g	7.8	5.8	29%
Carbohydrate g	29.7	22.3	9%
of which sugars g	27.0	20.3	23%
Fibre g	1.1	0.9	-
Protein g	4.6	3.5	7%
Salt g	0.13	0.10	2%","Water, Milk Chocolate (31%) (Milk, Sugar, Cocoa Butter, Cocoa Mass, Vegetable Fats (Palm, Shea), Emulsifier (E442), Flavourings), Concentrated Skimmed Milk, Sugar, Palm Oil, Cream, Fat Reduced Cocoa Powder, Modified Maize Starch, Emulsifier (E471), Pork Gelatine, Dried Whey (from Milk), Acidity Regulator (Sodium Citrates), Salt",https://www.sainsburys.co.uk/gol-ui/product/cadburys-twin-pot-wispa-4x85g,4x75g,2024-08-20T15:40:10.370792-04:00
66-914-DAI,Cadbury Dairy Milk Big Pots of Joy Chocolate Dessert 350g,Cadbury,"Dairy, eggs & chilled",Dairy & eggs,Yogurts,,£3.00,,,86p / 100g,8126554.0,Smooth Dessert Made with Melted Cadbury Milk Chocolate.,,https://assets.sainsburys-groceries.co.uk/gol/8126554/1/640x640.jpg,"Nutrient	Per 100g
Energy	940kJ (225kcal)
Fat	11.7g
of which saturates	7.2g
Carbohydrate	25.6g
of which sugars	24.6g
Fibre	0.1g
Protein	4.2g
Salt	0.10g","Water, Milk Chocolate (18%) (Milk, Sugar, Cocoa Butter, Cocoa Mass, Vegetable Fats (Palm, Shea), Emulsifier (E442), Flavourings), Concentrated Skimmed Milk, Sugar, Palm Oil, Cream, Fat Reduced Cocoa Powder, Modified Maize Starch, Pork Gelatine, Emulsifiers (E471), Dried Whey (from Milk), Stabilisers (Pectin, E412), Dried Glucose Syrup, Salt, Acidity Regulators (Sodium Citrates)",https://www.sainsburys.co.uk/gol-ui/product/cadbury-dairy-milk-pots-of-joy-350g,,2024-08-20T15:40:23.482308-04:00
66-915-DAI,Applewood Slices 160g,Applewood,"Dairy, eggs & chilled",Dairy & eggs,Cheese,,£2.50,,,£15.63 / kg,7298633.0,Smoke flavoured Cheddar,,https://assets.sainsburys-groceries.co.uk/gol/7298633/1/640x640.jpg,"Nutrient	per 100g
Energy	1702kJ/ 411kcal
Fat	34.5g
of which saturates	21.6g
Carbohydrates	0.1g
of which sugars	0.1g
Protein	24.9g
Salt	1.8g","Cheddar Cheese (Milk), Smoke Flavouring, Paprika",https://www.sainsburys.co.uk/gol-ui/product/applewood-slices-160g,,2024-08-20T15:40:36.728957-04:00
66-916-DAI,Rude Health Coconut Drink 1L,Rude,Drinks,Dairy & eggs,Dairy free,1L,£2.30,,,£2.30 / ltr,7765571.0,Organic Coconut Drink with rice,,https://assets.sainsburys-groceries.co.uk/gol/7765571/1/640x640.jpg,"Nutrient	per 100ml
Energy	244kJ / 58 kcal
Fat	1.4g
of which saturates	1.2g
Carbohydrates	11g
of which sugars	4.1g
Fibre	0.4g
Protein	<0.5g
Salt	0.08g","Spring Water, Organic Rice, Organic Coconut Milk (7.5%), Sea Salt",https://www.sainsburys.co.uk/gol-ui/product/rude-health-coconut-drink-1l,,2024-08-19T18:38:04.267066-04:00
66-917-DAI,Arla LactoFREE Long Life Semi Skimmed Milk Drink 1L,Arla,Drinks,Dairy & eggs,Dairy free,1L,£1.90,,,£1.90 / ltr,6455875.0,Lactose Free UHT Homogenised Semi Skimmed Filtered Milk Drink,,https://assets.sainsburys-groceries.co.uk/gol/6455875/1/640x640.jpg,"Nutrient	Per 100ml	Per 200ml		Per 100ml	Per 200ml
Energy	161kJ / 38kcal	321kJ / 77kcal
Fat	1.5g	3.1g
of which saturates	1.0g	2.0g
Carbohydrate	2.6g	5.2g
of which sugars	2.6g	5.2g
Protein	3.5g	6.9g
Salt	0.07g	0.14g
Vitamin B12	0.44µg (17.8% RI+)	0.89µg (35.5% RI+)
Calcium	113mg (14.1% RI+)	226mg (28.2% RI+)","Semi Skimmed Milk, Lactase Enzyme",https://www.sainsburys.co.uk/gol-ui/product/lactofree-long-life-milk--semi-skimmed-1l,,2024-08-19T18:37:51.240421-04:00
66-918-DAI,Little Yeos Organic Red Berries Whole Milk Yogurt 6m+ Smooth 4x90g,Little,"Dairy, eggs & chilled",Dairy & eggs,Special offers,,£3.00,4 for £3.00,£2.50,83p / 100g,8155142.0,4 Whole Milk Yogurts Blended with Strawberry Purée and Raspberry Purée,,https://assets.sainsburys-groceries.co.uk/gol/8155142/1/640x640.jpg,"Nutrient	Per 100g		Per 100g
Energy	376kJ/ 90kcal
Fat	4.0g
of which saturates	2.6g
Carbohydrate	9.7g
of which sugars	7.3g
Protein	3.7g
Salt*	0.11g
Calcium	139mg†","Organic Whole Milk Yogurt, Organic Concentrated Grape Juice, Water, Organic Strawberry Purée (3%), Organic Raspberry Purée (2%), Organic Maize Starch, Lactase Enzyme, Natural Strawberry Flavouring, Natural Raspberry Flavouring, Organic Concentrated Lemon Juice, Contains the following Live Cultures: Bifidobacterium, Lactococcus Cremoris, Streptococcus Thermophilus",https://www.sainsburys.co.uk/gol-ui/product/little-yeos-organic-red-berries-whole-milk-yogurt-6m-smooth-4x90g,4x90g,2024-08-20T15:40:44.901355-04:00
66-919-DAI,Castello Pineapple & Almond Cream Cheese Ring 125g,Castello,"Dairy, eggs & chilled",Dairy & eggs,Cheese,,£2.30,,,£18.40 / kg,6025254.0,"Soft cheese with pineapple, papaya and almonds",,https://assets.sainsburys-groceries.co.uk/gol/6025254/1/640x640.jpg,"Nutrient	per 100 g:
Energy	1330 kJ/ 320 kcal
Fat	25 g
of which saturates	13 g
Carbohydrate	16 g
of which sugars	15 g
Protein	8.3 g
Salt	0.58 g","Soft Cheese (Milk) (69%), Candied Papaya (8%) (Papaya, Sugar, Rice Flour, Acidity Regulator (Citric Acid)), Roasted Almonds (8%), Pineapple (8%), Pineapple Juice Concentrate (5%), Sugar, Gelatine, Stabiliser (Locust Bean Gum), Citrus Fibre, Preservative (Sorbic Acid)",https://www.sainsburys.co.uk/gol-ui/product/castello-pineapple-halo-125g,,2024-08-20T15:40:58.094729-04:00
66-920-DAI,"Sainsbury's Farmhouse Butter, Taste the Difference 250g",Sainsbury's,"Dairy, eggs & chilled",Dairy & eggs,"Butter, spreads & pastry",,£2.50,,£2.25,£10.00 / kg,7336787.0,West Country farmhouse butter with salt and Maldon® sea salt flakes.,,https://assets.sainsburys-groceries.co.uk/gol/7336787/1/640x640.jpg,,,https://www.sainsburys.co.uk/gol-ui/product/sainsburys-farmhouse-butter--taste-the-difference-250g,,2024-08-20T15:41:13.758411-04:00
66-921-DAI,Anchor Light Real Cream Spray 250g,Anchor,"Dairy, eggs & chilled",Dairy & eggs,Cream,,£2.25,,,90p / 100g,2317717.0,Reduced Fat Sweetened Stabilised UHT Cream,,https://assets.sainsburys-groceries.co.uk/gol/2317717/1/640x640.jpg,,"Cream (95%) (Milk), Sugar (4%), Emulsifier (Mono- and Diglycerides of Fatty Acids), Stabiliser (Carrageenan), Propellant Gas (Nitrous Oxide)",https://www.sainsburys.co.uk/gol-ui/product/anchor-aerosol-cream-light-250g,,2024-08-20T15:41:27.685052-04:00
66-922-DAI,Alpro Strawberry Gut Health Soya Plant Based Yoghurt Alternative 4x125g,Alpro,"Dairy, eggs & chilled",Dairy & eggs,Dairy free,,£2.50,4 for £2.50,£2.00,50p / 100g,8132957.0,"Fermented soya product, strawberry, with added calcium and vitamins.",,https://assets.sainsburys-groceries.co.uk/gol/8132957/1/640x640.jpg,"Nutrient	per 100 g		per 100 g
Energy	286 kJ / 68 kcal
Fat	1.9 g
of which Saturates	0.3 g
Carbohydrate	7.4 g
of which Sugars	7.1 g
Fibre	1.6 g
Protein	3.5 g
Salt	0.11 g
- D	0.75 µg*
- B12	0.38 µg*
- Riboflavin (B2)	0.21 mg*
Minerals: Calcium	120 mg*","Soya Base (Water, Hulled Soya Beans (9.4%)), Strawberry (8%), Sugar, Soluble Corn Fibre, Calcium (Tri-Calciumcitrate), Natural Flavourings, Carrot Extract, Modified Starch, Stabilisers (Pectins), Acidity Regulators (Citric Acid, Sodium Citrates), Sea Salt, Antioxidants (Tocopherol-Rich Extract, Fatty Acid Esters of Ascorbic Acid), Vitamins (B2, B12, D2), Yogurt Cultures (S. Thermophilus, L. Bulgaricus), L. Acidophilus",https://www.sainsburys.co.uk/gol-ui/product/alpro-plant-based-gut-health-strawberry-x125g,4x125g,2024-08-20T15:41:35.852550-04:00
66-923-DAI,Sainsbury's Reduced Fat Cheesy Slices 200g,Sainsbury's,"Dairy, eggs & chilled",Dairy & eggs,Cheese,,£1.40,,,£7.00 / kg,6720786.0,"10 reduced fat processed cheesy slices made using a blend of cheese, milk protein and vegetable oil with added calcium.",,https://assets.sainsburys-groceries.co.uk/gol/6720786/1/640x640.jpg,,,https://www.sainsburys.co.uk/gol-ui/product/sainsburys-reduced-fat-cheese-singles-200g,,2024-08-20T15:41:57.253850-04:00
66-924-DAI,Arla Skyr Creamy Icelandic Style Yogurt 450g,Arla,"Dairy, eggs & chilled",Dairy & eggs,Special offers,,£2.25,,£1.25,50p / 100g,8069836.0,Icelandic style strained yogurt with 5% fat,,https://assets.sainsburys-groceries.co.uk/gol/8069836/1/640x640.jpg,"Nutrient	Per 100g	Per 1/3 pot (150g)
Energy (kJ)	426	639
Energy (kcal)	102	153
Fat (g)	5.0	7.5
of which saturates (g)	3.5	5.3
Carbohydrate (g)	3.9	5.9
of which sugars (g)	3.9	5.9
Protein (g)	9.6	14
Salt (g)	0.13	0.20",Skyr Yogurt (Milk),https://www.sainsburys.co.uk/gol-ui/product/arla-skyr-creamy-icelandic-style-yogurt-450g,,2024-08-20T15:42:05.316331-04:00
66-925-DAI,Muller Corner Bliss Cheesecake Inspired Whipped Greek Style Salted Caramel Yogurt 4x100g,Muller,"Dairy, eggs & chilled",Dairy & eggs,Yogurts,,£3.00,4 for £3.00,,75p / 100g,7944997.0,Whipped Greek style yogurt with a salted caramel flavour sauce & a biscuit crumble (12%) on the side x 4,,https://assets.sainsburys-groceries.co.uk/gol/7944997/1/640x640.jpg,"Nutrient	Per 100g
Energy	763kJ (182 kcal)
Fat	8g
of which saturates	4.3g
Carbohydrate	22g
of which sugars	16g
Protein	4.8g
Salt	0.34g","Yogurt (Milk), Sugar, Water, Wheat Flour (with added Calcium, Iron, Niacin and Thiamin), Modified Maize Starch, Palm Oil, Rapeseed Oil, Emulsifier: E472b, Oats (Gluten), Flavouring, Gelatine, Raising Agents: Ammonium Carbonates, Sodium Carbonates, Salt, Invert Sugar Syrup, Colours: Calcium Carbonate, Plain Caramel, Stabiliser: Guar Gum, Acidity Regulators: Sodium Citrates, Citric Acid",https://www.sainsburys.co.uk/gol-ui/product/muller-bliss-cheesecake-greek-style-yogurt-with-lime-underlayer-crumble-4x100g,4x100g,2024-08-20T15:42:18.450913-04:00
66-926-DAI,Arla Mango Protein Yogurt Pouch 200g,Arla,"Dairy, eggs & chilled",Dairy & eggs,Yogurts,,£1.10,,,55p / 100g,7880513.0,Mango Yogurt with Added Sweetener.,,https://assets.sainsburys-groceries.co.uk/gol/7880513/1/640x640.jpg,"Nutrient	Per 100 g		Per 100 g
Energy	306 kJ/ 73 kcal
Fat	0.8 g
of which saturates	0.5 g
Carbohydrate	5.5 g
of which sugars	5.1 g
Protein	10 g
Salt	0.11 g
Calcium	214 mg (27 % RI*)","Yogurt (Milk) with Added Milk Protein (90%), Mango (5%), Grape Juice Concentrate, Corn Starch, Natural Flavouring, Sweetener: Steviol Glycosides",https://www.sainsburys.co.uk/gol-ui/product/arla-protein-mango-yogurt-pouch-200g,,2024-08-20T15:42:31.595322-04:00
66-927-DAI,Bonne Maman Salted Caramel Creme 2x90g,Bonne,"Dairy, eggs & chilled",Dairy & eggs,Yogurts,,£2.20,2 for £2.20,,£1.22 / 100g,7933459.0,Caramel dessert with sea salt.,,https://assets.sainsburys-groceries.co.uk/gol/7933459/1/640x640.jpg,"Nutrient	per 100g
Energy	1013 kJ/ 243 kcal
Fat	16 g
of which saturates	10 g
Carbohydrates	22 g
of which sugars	17 g
Fibre	<0.5 g
Protein	2 g
Salt	0.3 g","Whole Milk, Cream (34%) (Milk), Sea Salted Butter Caramel (13%) (Sweetened Condensed Skimmed Milk, Sugar, Water, Glucose Syrup, Sea Salted Butter (Milk), Salt, Gelling Agent (Pectin)), Sugar, Cornflour, Tapioca Starch, Caramel (Sugar, Water), Gelling Agent (Pectin), Salt",https://www.sainsburys.co.uk/gol-ui/product/bonne-maman-salted-caramel-creme-2x90g,2x90g,2024-08-20T15:42:44.773683-04:00
66-928-DAI,Jus-Rol Cinnamon Swirls 320g,Jus-Rol,"Dairy, eggs & chilled",Dairy & eggs,"Butter, spreads & pastry",,£2.60,,,£8.13 / kg,8171688.0,Chilled uncooked dough with a pot of cinnamon preparation and a pot of icing sugar.,,https://assets.sainsburys-groceries.co.uk/gol/8171688/1/640x640.jpg,"Nutrient	(uncooked) Per 100g	(uncooked) Each cinnamon swirl with icing sugar (53g)	%* (53g)
Energy	1613 kJ / 385 kcal	855 kJ / 204 kcal	10%
Fat	17.4 g	9.2 g	13%
of which saturates	7.5 g	4.0 g	20%
Carbohydrate	49.1 g	26.0 g	10%
of which sugars	22.6 g	12.0 g	13%
Fibre	1.8 g	1.0 g	-
Protein	5.0 g	2.7 g	5%
Salt	1.07 g	0.57 g	9%","Dough (76%): Wheat Flour, Margarine (Vegetable Fats and Oils (Palm, Rapeseed), Water, Emulsifier (Mono- and -Diglycerides of Fatty Acids), Salt, Acid (Citric Acid)), Water, Sugar, Wheat Gluten, Dextrose, Raising Agents (Glucono-Delta-Lactone, Potassium Carbonates, Diphosphates), Ethyl Alcohol, Salt, Thickener (Xanthan Gum), Flavouring, Stabiliser (Magnesium Chloride), Colour (Carotenes), Flour Treatment Agent (Ascorbic Acid), Cinnamon Preparation (15%): Sugar, Sunflower Oil, Corn Starch, Cinnamon (5%, expressed on 100% Cinnamon Preparation), Fat-Reduced Cocoa Powder, Emulsifier (Lecithins), Icing Sugar (9%): Powdered Sugar",https://www.sainsburys.co.uk/gol-ui/product/jus-rol-cinnamon-swirls-320g,,2024-08-20T15:42:59.066762-04:00
66-929-DAI,Muller Light Citrus Fat Free Yogurts 6x140g,Muller,"Dairy, eggs & chilled",Dairy & eggs,Yogurts,,£4.00,6 for £4.00,,48p / 100g,7509973.0,Mandarin Fat Free Yogurt with Sweetener and Added Vitamins B6 & D x 2 Peach & Pineapple Fat Free Yogurt with Sweetener and Added Vitamins B6 & D x 2 Mango & Passionfruit Fat Free Yogurt with Sweetener and Added Vitamins B6 & D x 2,,https://assets.sainsburys-groceries.co.uk/gol/7509973/1/640x640.jpg,"Nutrient	Per 100g		Per 100g		Per 100g		Per 100g		Per 100g		Per 100g
Energy	242kJ (57kcal)
Fat	<0.5g
of which saturates	0.1g
Carbohydrate	7.8g
of which sugars	7.2g
Protein	5.5g
Salt	0.23g
	(50% of NRV per pot)
	(50% of NRV per pot)
	(28% of NRV per pot)
Vitamin B6	0.5mg
Vitamin D	1.79µg
Calcium	161mg
Energy	239kJ (56kcal)
Fat	<0.5g
of which saturates	0.1g
Carbohydrate	7.7g
of which sugars	7.1g
Protein	5.4g
Salt	0.25g
	(50% of NRV per pot)
	(50% of NRV per pot)
	(28% of NRV per pot)
Vitamin B6	0.5mg
Vitamin D	1.79µg
Calcium	163mg
Energy	241kJ (57kcal)
Fat	<0.5g
of which saturates	0.1g
Carbohydrate	7.8g
of which sugars	7.0g
Protein	5.5g
Salt	0.23g
	(50% of NRV per pot)
	(50% of NRV per pot)
	(28% of NRV per pot)
Vitamin B6	0.5mg
Vitamin D	1.79µg
Calcium	161mg","Yogurt (Milk), Water, Mango (8%), Passionfruit Juice from Concentrate (1.5%), Modified Maize Starch, Flavourings, Sweetener: Aspartame, Acidity Regulator: Citric Acid, Stabilisers: Pectins, Vitamin B6, Vitamin D",https://www.sainsburys.co.uk/gol-ui/product/m%C3%BCller-light-citrus-fat-free-yogurts-6x140g,6x140g,2024-08-20T15:43:12.738167-04:00
66-930-DAI,Sainsbury's British Mild Cheddar 220g,Sainsbury's,"Dairy, eggs & chilled",Dairy & eggs,Cheese,,£2.35,,,£10.68 / kg,7971218.0,Mild Cheddar cheese,,https://assets.sainsburys-groceries.co.uk/gol/7971218/1/640x640.jpg,,,https://www.sainsburys.co.uk/gol-ui/product/sainsburys-british-mild-cheddar-220g,,2024-08-20T15:43:33.694663-04:00
66-931-DAI,Sainsbury's Fat Free Natural Yoghurt 1kg,Sainsbury's,"Dairy, eggs & chilled",Dairy & eggs,Yogurts,,£1.75,,,18p / 100g,7998056.0,Fat free natural yogurt,,https://assets.sainsburys-groceries.co.uk/gol/7998056/1/640x640.jpg,,,https://www.sainsburys.co.uk/gol-ui/product/sainsburys-fat-free-natural-yoghurt-1kg,,2024-08-20T15:43:55.311241-04:00
66-932-DAI,Alpro Soya Chilled Alternative to Single Cream 250ml,Alpro,"Dairy, eggs & chilled",Dairy & eggs,Cream,250ML,£1.25,,,50p / 100ml,6837205.0,"Reduced fat, soya based culinary liquid, alternative to single cream.",,https://assets.sainsburys-groceries.co.uk/gol/6837205/1/640x640.jpg,"Nutrient	per 100g
Energy	507 kJ / 122 kcal
Fat	10.2 g
Saturates	1.2 g
Mono-unsaturates	3.0 g
Poly-unsaturates	6.0 g
Carbohydrate	4.5 g
of which Sugars	1.6 g
Fibre	0.3 g
Protein	2.0 g
Salt	0.14 g","Soya Base (Water, Hulled Soya Beans (5.5%)), Sunflower Oil, Modified Starch, Fructose-Glucose Syrup, Emulsifiers (Lecithins (Soya), Sucrose Esters of Fatty Acids), Thickeners (Locust Bean Gum, Carrageenan), Natural Flavouring, Sea Salt",https://www.sainsburys.co.uk/gol-ui/product/alpro-chilled-alternative-to-cream-250ml,,2024-08-20T15:44:08.518214-04:00
66-933-DAI,Starbucks Chocolate Mocha Frappuccino Flavoured Milk Iced Coffee 250ml,Starbucks,Drinks,Dairy & eggs,Milk,250ML,£2.20,,,88p / 100ml,7490374.0,"Milk drink with Starbucks® Arabica coffee and chocolate flavour, sterilised.",,https://assets.sainsburys-groceries.co.uk/gol/7490374/1/640x640.jpg,"Nutrient	/ 100 ml:
Energy:	250kJ/ 59kcal
Fat:	1.2g
of which saturates:	0.8g
Carbohydrate:	9.1g
of which sugars:	8.6g
Protein:	2.9g
Salt:	0.10g","Semi Skimmed Milk (75%), Starbucks® Arabica Coffee (Water, Coffee Extract) (20%), Sugar (4.7 %), Fat-Reduced Cocoa Powder (0.2%), Acidity Regulator (Potassium Carbonate), Natural Coffee Flavouring, Natural Flavouring",https://www.sainsburys.co.uk/gol-ui/product/starbucks-mocha-frappucino-250ml,,2024-08-19T18:38:24.644424-04:00
66-934-DAI,Biotiful Gut Health Kefir Milk Drink Vanilla 1L,Biotiful,Drinks,Dairy & eggs,Milk,1L,£3.50,,£3.00,35p / 100ml,8126795.0,Kefir: fermented milk with vanilla flavour,,https://assets.sainsburys-groceries.co.uk/gol/8126795/1/640x640.jpg,"Nutrient	Per 100ml	% of reference intake per 100ml	1 serving (250ml)		Per 100ml	% of reference intake per 100ml	1 serving (250ml)
Energy kcal (kJ)	61 (256)	-	148 (623)
Fat (g)	2.6	-	6.4
of which saturates (g)	1.8	-	4.6
Carbohydrates (g)	6.1	-	15
of which sugars*** (g)	4.4	-	11
Protein (g)	3.3	-	8.3
Salt (g)	0.09	-	0.22
Riboflavin B2 (mg)	0.12	9%	-
Vitamin B12 (µg)	0.19	8%	-
Calcium (mg)	98	12%	-
Phosphorus (mg)	69	10%	-","Pasteurised Cow's Milk (88%) Fermented with Live Kefir Cultures†, Water, Fruit Extract (Apple, Carob, Grape), Natural Flavouring, Lemon Concentrate, Stabiliser (Pectin), † Includes: Bifidobacterium, Lactobacillus acidophilus, Lactobacillus Casei, Lactobacillus Rhamnosus",https://www.sainsburys.co.uk/gol-ui/product/biotiful-gut-health-kefir-drink-vanilla-1l,,2024-08-19T18:38:32.631593-04:00
66-935-DAI,Sainsbury's Sweetened Coconut Drink 1L,Sainsbury's,Drinks,Dairy & eggs,Dairy free,1L,£1.25,,,£1.25 / ltr,7825063.0,UHT sweetened coconut drink with added calcium and vitamins B12 and D2,,https://assets.sainsburys-groceries.co.uk/gol/7825063/1/640x640.jpg,,,https://www.sainsburys.co.uk/gol-ui/product/sainsburys-coconut-drink-1l,,2024-08-19T18:39:35.794159-04:00
66-936-DAI,Kinder Milk Slice Chilled Snack Cake Bar Multipack 3x28g,Kinder,"Dairy, eggs & chilled",Dairy & eggs,Yogurts,,£1.15,3 for £1.15,,£1.37 / 100g,8035574.0,Sponge Cake with a Milky Filling (65%),,https://assets.sainsburys-groceries.co.uk/gol/8035574/1/640x640.jpg,"Nutrient	Per 100 g	Per Portion (28 g)	% RI* per portion
Energy (kJ / kcal)	1754 / 421	490 / 118	6%
Fat (g)	27.9	7.8	11%
of which Saturates (g)	16.6	4.6	23%
Carbohydrates (g)	34	9.5	4%
of which Sugars (g)	29.5	8.3	9%
Protein (g)	7.9	2.2	4%
Salt (g)	0.61	0.171	3%","Fresh Pasteurised Milk (40%), Palm Oil, Sugar, Wheat Flour (10.5%), Skimmed Milk Powder (9%), Honey (5%), Concentrated Butter, Egg Powder, Fat-Reduced Cocoa, Fine Bran (Wheat), Raising Agents (Disodium Diphosphate, Sodium Bicarbonate, Ammonium Carbonate), Emulsifier (Monoglycerides of Fatty Acids), Salt, Flavourings",https://www.sainsburys.co.uk/gol-ui/product/kinder-milk-slice-84g,3x28g,2024-08-20T15:44:21.603044-04:00
66-937-DAI,Alpro Vanilla Custard 525g,Alpro,"Dairy, eggs & chilled",Dairy & eggs,Dairy free,,£1.15,,,22p / 100g,7139025.0,"Soya custard, vanilla flavour, with added calcium and vitamins.",,https://assets.sainsburys-groceries.co.uk/gol/7139025/1/640x640.jpg,"Nutrient	per 100 g		per 100 g
Energy	317 kJ / 75 kcal
Fat	1.7 g
of which Saturates	0.3 g
Carbohydrate	11.3 g
of which Sugars	8.2 g
Fibre	1.2 g
Protein	3.0 g
Salt	0.14 g
- D	0.75 µg*
- B12	0.38 µg*
- Riboflavin (B2)	0.21 mg*
- Calcium	120 mg*","Soya Base (Water, Hulled Soya Beans (8.1%)), Sugar, Modified Starch, Chicory Root Fibre, Calcium (Tri-Calcium Phosphate), Flavourings, Sea Salt, Thickener (Carrageenan), Curcuma Extract, Vitamins (B2, B12, D2)",https://www.sainsburys.co.uk/gol-ui/product/alpro-soya-dairy-free-custard-525g,,2024-08-20T15:44:34.900735-04:00
66-938-DAI,Sainsbury's Austrian Smoked Cheese 125g,Sainsbury's,"Dairy, eggs & chilled",Dairy & eggs,Cheese,,£1.75,,,£14.00 / kg,7878258.0,Smoke flavour processed cheese,,https://assets.sainsburys-groceries.co.uk/gol/7878258/1/640x640.jpg,,,https://www.sainsburys.co.uk/gol-ui/product/sainsburys-austrian-smoked-cheese-125g,,2024-08-20T15:44:56.344027-04:00
66-939-DAI,Dairylea Cheese Spread 145g,Dairylea,"Dairy, eggs & chilled",Dairy & eggs,Cheese,,£1.95,,£1.50,£13.45 / kg,7908147.0,Cheese spread with added calcium.,100 g,https://assets.sainsburys-groceries.co.uk/gol/7908147/1/640x640.jpg,"Nutrient	Per 100 g	Per Serving (25 g)		Per 100 g	Per Serving (25 g)
Energy	834 kJ / 201 kcal	209 kJ / 50 kcal
Fat	14 g	3.5 g
of which Saturates	9.2 g	2.3 g
Carbohydrate	4.8 g	1.2 g
of which Sugars	4.8 g	1.2 g
Fibre	2.3 g	0.6 g
Protein	12 g	3.1 g
Salt	1.52 g	0.38 g
Calcium	568 mg / 71 % NRV*	142 mg / 18 % NRV*","Skimmed Milk (Water, Skimmed Milk Powder), Cheese, Inulin, Milk Fat, Whey Powder (from Milk), Skimmed Milk Powder, Emulsifying Salts (Triphosphate, Polyphosphates), Milk Protein, Calcium Phosphate, Acidity Regulator (Citric Acid)",https://www.sainsburys.co.uk/gol-ui/product/dairylea-cheese-spread-145g,,2024-08-20T15:45:04.357835-04:00
66-940-DAI,Marvel Original Dried Skimmed Milk Powder 250g,Marvel,Drinks,Dairy & eggs,Milk,,£4.50,,,£18.00 / kg,7888067.0,Dried Skimmed Milk with Added Vitamins A & D,,https://assets.sainsburys-groceries.co.uk/gol/7888067/1/640x640.jpg,"Nutrient	Per 100g as sold	Per 200ml as prepared		Per 100g as sold	Per 200ml as prepared
Energy	1417kJ	268kJ
Energy	346kcal	63kcal
Fat	0.6g	<0.5g
of which Saturates	0.4g	0.1g
Carbohydrate	50.3g	9.2g
of which Sugars	49.8g	9.1g
Fibre	<0.5g	<0.5g
Protein	34.9g	6.4g
Salt	1.30g	0.24g
Vitamin A	730µg (91% RI)	132µg (16% RI)
Vitamin D	4.6µg (92% RI)	0.83µg (16% RI)
Calcium	1280mg (160% RI)	257mg (32% RI)","Dried Skimmed Milk, Vitamin A, Vitamin D",https://www.sainsburys.co.uk/gol-ui/product/marvel-dried-skimmed-milk-300g,,2024-08-19T18:38:53.732745-04:00
66-941-DAI,Yazoo Chocolate Milk Drink 400ml,Yazoo,Drinks,Dairy & eggs,Milk,400ML,£1.50,,75p,38p / 100ml,7896204.0,Chocolate flavour milk drink (UHT),,https://assets.sainsburys-groceries.co.uk/gol/7896204/1/640x640.jpg,,"Semi Skimmed Milk, Skimmed Milk, Sugar, Fat Reduced Cocoa Powder (1%), Stabilisers: Cellulose, Cellulose Gum and Carrageenan, Natural Flavouring",https://www.sainsburys.co.uk/gol-ui/product/yazoo-chocolate-milk-drink-400ml,,2024-08-19T18:38:11.719899-04:00
66-942-DAI,"Activia Tropical Coconut, Limited Edition x4 (460g)",Activia,"Dairy, eggs & chilled",Dairy & eggs,Yogurts,,£2.50,,,54p / 100g,8166162.0,Yogurt with Coconut and Live Cultures,100 g,https://assets.sainsburys-groceries.co.uk/gol/8166162/1/640x640.jpg,"Nutrient	per 100g	per serving (115g)	% RI* (115g)		per 100g	per serving (115g)	% RI* (115g)
Energy (kJ/kcal)	421/ 100	484/ 115	6
Fat (g)	3.2	3.7	5
of which saturates (g)	2.3	2.6	13
Carbohydrate (g)	13	15	6
of which sugars (g)	12	14	16
Protein (g)	3.9	4.5	9
Salt (g)	0.14	0.16	3
Calcium (mg)	153	175	22","Yogurt (Milk), Sugar, Oligofructose (Fibre), Coconut (1.3%), Tapioca Starch, Concentrated Lemon Juice, Natural Flavouring, Stabiliser (Pectin), Milk Minerals, Cultures (Bifidobacterium lactis (Bifidus ActiRegularis), Streptococcus Thermophilus, Lactobacillus Bulgaricus, Lactococcus Lactis)",https://www.sainsburys.co.uk/gol-ui/product/activia-tropical-coconut-limited-edition-x4-460g-,,2024-08-20T15:45:17.597987-04:00
66-943-DAI,Petits Filous Kids Strawberry Yoghurt Drink 4x100g,Petits,"Dairy, eggs & chilled",Dairy & eggs,Yogurts,,£2.40,4 for £2.40,,60p / 100g,7983246.0,Strawberry flavour drinking yogurt,,https://assets.sainsburys-groceries.co.uk/gol/7983246/1/640x640.jpg,"Nutrient	Per 100g		Per 100g
Energy kJ	266 kJ
Energy kcal	63 kcal
Fat	0.8 g
of which saturates	0.5 g
Carbohydrate	9.9 g
of which sugars	9.9 g
Protein	3.0 g
Salt	0.12 g
Calcium	120 mg 15% RI**
Vitamin D	0.75 µg 15% RI**","Reconstituted Skimmed Milk, Sugar 7.3%, Cream (Milk), Natural Flavouring, Milk Mineral Concentrate, Lactic Cultures (Milk), Vitamin D",https://www.sainsburys.co.uk/gol-ui/product/petits-filous-strawberry-flavour-yogurt-drink-4-x-100g,4x100g,2024-08-20T15:45:31.051692-04:00
66-944-DAI,Arla Lactofree Slightly Salted Spreadable Blend of Butter & Rapeseed Oil 250g,Arla,"Dairy, eggs & chilled",Dairy & eggs,"Butter, spreads & pastry",,£2.50,,,£10.00 / kg,7544693.0,"Lactose Free Blended Slightly Salted Butter Spread 75% (51% Milk Fat, 24% Rapeseed Oil)",,https://assets.sainsburys-groceries.co.uk/gol/7544693/1/640x640.jpg,"Nutrient	Per 100g
Energy	2792kJ/ 679kcal
Fat	75g
of which saturates	34g
Carbohydrate	<0.5g
of which sugars	<0.5g
Protein	<0.5g
Salt	1.2g","Butter (62%) (Milk), Rapeseed Oil, Water, Salt, Lactic Culture (Milk), Lactase Enzyme",https://www.sainsburys.co.uk/gol-ui/product/lactofree-spreadable-250g,,2024-08-20T15:45:44.302146-04:00
66-945-DAI,Pizza Express Pre-Rolled Pizza Dough 400g,Pizza,"Dairy, eggs & chilled",Bakery essentials,,,£2.40,,,£6.00 / kg,8079105.0,Pizza dough ready rolled pizza dough made with extra virgin olive oil,,https://assets.sainsburys-groceries.co.uk/gol/8079105/1/640x640.jpg,,"Wheat Flour (Wheat Flour, Calcium Carbonate, Iron, Niacin, Thiamin), Water, Ethanol, Extra Virgin Olive Oil (2%), Raising Agents (Sodium Bicarbonate, Calcium Phosphates, Diphosphates), Sugar, Salt, Preservative (Potassium Sorbate), Wheat Protein, Deactivated Yeast, Flour Treatment Agent (Ascorbic Acid)",https://www.sainsburys.co.uk/gol-ui/product/pizza-express-pre-rolled-pizza-dough-400g,,2024-08-20T15:45:57.623834-04:00
66-946-DAI,Magnum Vegan Classic Chocolate Ice Cream Sticks 3x90ml,Magnum,"Dairy, eggs & chilled",Dairy & eggs,Dairy free,90ML,£4.00,3 for £4.00,,£1.48 / 100ml,7951687.0,Vegan vanilla ice cream coated with chocolate couverture (33%).,,https://assets.sainsburys-groceries.co.uk/gol/7951687/1/640x640.jpg,"Nutrient	Per 100g Unprepared	Per 100ml Unprepared	Per Serving Unprepared	%* per portion**
Energy (kJ)	1316 kJ	1037 kJ	935 kJ	11%
Energy (kcal)	315 kcal	248 kcal	224 kcal	11%
Fat (g)	19 g	15 g	14 g	20%
of which saturates (g)	13 g	10 g	9.2 g	46%
Carbohydrate (g)	32 g	26 g	23 g	9%
of which sugars (g)	26 g	21 g	19 g	21%
Protein (g)	1.6 g	1.3 g	1.2 g	2%
Salt (g)	0.13 g	0.1 g	0.09 g	2%","Water, sugar, cocoa butter ¹, cocoa mass ¹, glucose syrup, coconut fat, fructose, glucose-fructose syrup, pea protein, emulsifier (lecithins), natural vanilla flavourings, exhausted vanilla bean pieces, stabilisers (locust bean gum, guar gum), sea salt, carrot juice concentrate, apple juice concentrate, natural flavouring. May contain almond, hazelnut, milk and soy. Gluten free. ¹ Rainforest Alliance Certified ™. Chocolate couverture containing vegetable fats in addition to cocoa butter",https://www.sainsburys.co.uk/gol-ui/product/magnum-vegan-classic-ice-cream-3x90ml,3x90ml,2024-08-20T15:46:11.207388-04:00
66-947-DAI,Yeo Valley Organic British Blackcurrant Creamy Bio Live Yogurt 450g,Yeo,"Dairy, eggs & chilled",Dairy & eggs,Yogurts,,£2.25,,,50p / 100g,8166606.0,Blackcurrant Yogurt,,https://assets.sainsburys-groceries.co.uk/gol/8166606/1/640x640.jpg,"Nutrient	Per 100g		Per 100g
Energy	394kJ/ 94kcal
Fat	3.3g
of which saturates	2.2g
Carbohydrate	11.6g
of which sugars	10.0g
Protein	4.3g
Salt*	0.10g
Calcium	148mg†","Organic Whole Milk Yogurt, Organic Blackcurrants (5.1%), Organic Sugar (5%), Organic Maize Starch, Natural Flavouring, Organic Concentrated Lemon Juice, Organic Tapioca Starch, Contains the following Live Cultures: Bifidobacterium, Lactobacillus Acidophilus, Streptococcus Thermophilus",https://www.sainsburys.co.uk/gol-ui/product/yeo-valley-organic-british-blackcurrant-creamy-bio-live-yogurt-450g,,2024-08-20T15:46:24.356282-04:00
66-948-DAI,Arctic Coffee Caramel Latte 1L,Arctic,Drinks,Dairy & eggs,Milk,1L,£2.20,,£1.95,22p / 100ml,8032091.0,Caramel Flavour Coffee Milk Drink,,https://assets.sainsburys-groceries.co.uk/gol/8032091/1/640x640.jpg,"Nutrient	per 100ml
Energy	253kJ/ 60kcal
Fat	1.5g
of which saturates	0.9g
Carbohydrate	8.7g
of which sugars	8.0g
Fibre	<0.5g
Protein	2.9g
Salt	0.21g","1.8% Fat Milk (76%), Arabica Coffee (Water, Natural Coffee Extract*) (20%), Sugar, Stabilisers (Cellulose, Cellulose Gum), Natural Flavourings, Sodium Phosphate, Caramelised Sugar Syrup, *100% Rainforest Alliance Certified coffee",https://www.sainsburys.co.uk/gol-ui/product/arctic-coffee-caramel-latte-1l,,2024-08-19T18:38:40.311495-04:00
66-949-DAI,Flora Original Spread with Natural Ingredients 1kg,Flora,"Dairy, eggs & chilled",Dairy & eggs,"Butter, spreads & pastry",,£4.60,,,£4.60 / kg,8168361.0,70% Vegetable Fat Spread,,https://assets.sainsburys-groceries.co.uk/gol/8168361/1/640x640.jpg,"Nutrient	Per 100g		Per 100g
Energy	2599kJ/ 632kcal
Fat	70g
of which saturates	21g
of which monounsaturates	30g
of which polyunsaturates	18g
Carbohydrates	0.5g
of which sugars	0.5g
Protein	<0.5g
Salt	1.3g
Climate impact (kg CO₂-eq per 100g)	0.39
Vitamin A	(15% DRI*) 120µg","Plant Oils (Rapeseed, Sunflower, Linseed), Water, Coconut Fat, Salt (1.3%), Plant Based Emulsifier (Lecithin), Faba Bean preparation, Natural Flavourings, Vitamin A",https://www.sainsburys.co.uk/gol-ui/product/flora-100-natural-dairy-free-spread-1kg,,2024-08-20T15:46:37.522844-04:00
66-950-DAI,Petits Filous Kids Dairy Free Raspberry Yoghurt Pots 4x95g,Petits,"Dairy, eggs & chilled",Dairy & eggs,Dairy free,,£2.50,4 for £2.50,,66p / 100g,8080343.0,Fermented Almond Specialty with Raspberry,,https://assets.sainsburys-groceries.co.uk/gol/8080343/1/640x640.jpg,,"Almond Base 44.7% (Water, Almond Puree 7.2%), Water, Sugar, Raspberry Puree from Concentrate 5%, Modified Manioc Starch, Carrot Juices from Concentrate, Lemon Juice from Concentrate, Calcium Phosphate, Thickener: Pectin, Natural Flavouring, Cultures, Vitamin D2",https://www.sainsburys.co.uk/gol-ui/product/petits-filous-dairy-free-raspberry-yogurt-4x95g,4x95g,2024-08-20T15:46:51.605659-04:00
66-951-DAI,Cathedral City Our Plant Based Deliciously Dairy Free 280g,Cathedral,"Dairy, eggs & chilled",Dairy & eggs,Cheese,,£3.60,,,£12.86 / kg,8144180.0,"A blend of coconut oil and starch with added calcium, used as a dairy free alternative to cheese.",30 g,https://assets.sainsburys-groceries.co.uk/gol/8144180/1/640x640.jpg,"Nutrient	per 100g	per 30g serving		per 100g	per 30g serving
Energy	1392kJ / 336kcal	418kJ / 101kcal
Fat	25.6g	7.7g
(of which saturates)	22.1g	6.6g
Carbohydrate	23.7g	7.1g
(of which sugars)	0.4g	0.1g
Fibre	4.9g	1.5g
Protein	0.2g	0.1g
Salt	2.1g	0.6g
Calcium	170mg (21% RI)	51mg (6% RI)","Rice Base (Water, Dried Rice Syrup), Coconut Oil (26%), Modified Potato Starch, Potato Starch, Bamboo Fibre, Sea Salt, Flavourings, Calcium, Acid (Lactic Acid), Gelling Agent (Agar), Colour (Carotenes)",https://www.sainsburys.co.uk/gol-ui/product/cathedral-city-our-plant-based-deliciously-dairy-free-280g,,2024-08-20T15:47:05.471969-04:00
66-952-DAI,Lurpak Softest Spreadable Blend of Slightly Salted Butter & Rapeseed Oil 400g,Lurpak,"Dairy, eggs & chilled",Dairy & eggs,"Butter, spreads & pastry",,£4.00,,,£10.00 / kg,8161442.0,Blended Spread 75% (45% milk fat & 30% rapeseed oil).,,https://assets.sainsburys-groceries.co.uk/gol/8161442/1/640x640.jpg,"Nutrient	per 100 g:
Energy	2801 kJ/ 681 kcal
Fat	75 g
of which saturates	31 g
Carbohydrate	0.8 g
of which sugars	0.8 g
Protein	0.7 g
Salt	0.95 g","Butter (55%) (Milk), Rapeseed Oil, Buttermilk (6.5%) (Milk), Lactic Culture (Milk), Salt",https://www.sainsburys.co.uk/gol-ui/product/lurpak-slightly-salted-softest-400g,,2024-08-20T15:47:18.683801-04:00
66-953-DAI,Biotiful Gut Health Kefir Protein Yogurt Original 250g,Biotiful,"Dairy, eggs & chilled",Dairy & eggs,Yogurts,,£1.85,,,74p / 100g,8144688.0,High protein kefir quark,,https://assets.sainsburys-groceries.co.uk/gol/8144688/1/640x640.jpg,"Nutrient	Per 100g	% of reference intake per 100g	Per pot (250g)		Per 100g	% of reference intake per 100g	Per pot (250g)
Energy, kcal (kJ)	66 (278)	-	165 (695)
Fat (g)	0.4	-	1.0
of which saturates (g)	0.2	-	0.5
Carbohydrate (g)	3.5	-	8.8
of which sugars*** (g)	3.5	-	8.8
Protein (g)	12	-	30
Salt (g)	0.10	-	0.25
Riboflavin B2 (mg)	0.24	17%	-
Vitamin B12 (µg)	0.64	26%	-
Calcium (mg)	139	17%	-
Phosphorus (mg)	160	23%	-",Pasteurised Cow's Milk fermented with Live Kefir and Quark Cultures,https://www.sainsburys.co.uk/gol-ui/product/biotiful-gut-health-kefir-protein-original-250g,,2024-08-20T15:47:31.691419-04:00
66-954-DAI,Irish Yogurts Diet Fat Free 4x125g,Irish,"Dairy, eggs & chilled",Dairy & eggs,Special offers,,£1.50,4 for £1.50,£1.00,30p / 100g,6296005.0,Fat Free Fruits of the Forest Live Yogurt with Sweetener. Fat Free Pear & Mango Live Yogurt with Sweetener. Fat Free Apricot & Nectarine Live Yogurt with Sweeteners. Fat Free Strawberry Live Yogurt with Sweetener.,,https://assets.sainsburys-groceries.co.uk/gol/6296005/1/640x640.jpg,"Nutrient	Per 100g		Per 100g		Per 100g		Per 100g		Per 100g		Per 100g		Per 100g		Per 100g
Energy	226 kJ / 53 kcal
Fat	0.2 g
of which saturates	<0.1 g
Carbohydrate	7.6 g
of which sugars	6.9 g
Fibre	0.6 g
Protein	5.0 g
Salt	0.26 g
Calcium / NRV	200 mg / 25 %
Energy	222 kJ / 52 kcal
Fat	0.2 g
of which saturates	<0.1 g
Carbohydrate	7.9 g
of which sugars	6.6 g
Fibre	<0.5 g
Protein	4.7 g
Salt	0.29 g
Calcium / NRV	190 mg / 24 %
Energy	217 kJ / 51 kcal
Fat	0.2 g
of which saturates	<0.1 g
Carbohydrate	7.3 g
of which sugars	6.9 g
Fibre	<0.5 g
Protein	5.0 g
Salt	0.28 g
Calcium / NRV	190 mg / 24 %
Energy	213 kJ / 50 kcal
Fat	0.2 g
of which saturates	<0.1 g
Carbohydrate	7.1 g
of which sugars	6.1 g
Fibre	0.6 g
Protein	4.7 g
Salt	0.23 g
Calcium / NRV	190 mg / 24 %","Yogurt (87.5%) (Milk, Live Yogurt Cultures**), Strawberries (2.5%), Raspberries (2%), Blueberries (2%), Blackberries (2%), Modified Maize Starch, Flavourings, Sweetener (Aspartame), Colour (Anthocyanin), Salt, **Our yogurt contains more than 100 million live microorganisms (Lactobacillus delbrueckii Subsp. Bulgaricus & Streptococcus Thermophilus) per gram which improve lactose digestion of the product in individuals who have difficulty digesting lactose",https://www.sainsburys.co.uk/gol-ui/product/irish-yogurts-diet-variety-pack-4x125g,4x125g,2024-08-20T15:47:40.251623-04:00
66-955-DAI,Actimel Raspberry 0% Added Sugar Fat Free Yogurt Drink 8x100g,Actimel,"Dairy, eggs & chilled",Dairy & eggs,Special offers,,£3.75,8 for £3.75,£2.50,47p / 100g,7945841.0,"Yogurt drink with L. Casei Danone cultures, vitamins B6 and D, raspberry, cranberry and sweeteners.",,https://assets.sainsburys-groceries.co.uk/gol/7945841/1/640x640.jpg,"Nutrient	Per 100 g	%RI**		Per 100 g	%RI**
Energy	117 kJ/ 27 kcal	1
Fat	0.1 g	0
of which saturates	0 g	0
Carbohydrate	3.2 g	1
of which sugars	2.9 g	3
Fibre	0.3 g	-
Protein	2.6 g	5
Salt	0.11 g	2
Calcium	120 mg	15
Vitamin B6	0.21 mg	15
Vitamin D	1.7 µg	33","Yogurt (Milk), Water, Skimmed Milk, Raspberry Purée (1.7%), Concentrated Cranberry Purée (0.35%), Modified Tapioca Starch, Stabiliser (Pectin), Natural Flavourings, Milk Minerals Concentrate, Acidity Regulators (Sodium Citrate, Citric Acid), Sweeteners (Sucralose, Acesulfame K), Lactobacillus Casei (L. Casei Danone®), Vitamins (B6, D)",https://www.sainsburys.co.uk/gol-ui/product/actimel-0-fat-no-added-sugar-raspberry-8x100g,8x100g,2024-08-20T15:47:48.488955-04:00
66-956-DAI,Oatly Creamy Oat Fraiche Chilled 200ml,Oatly,"Dairy, eggs & chilled",Dairy & eggs,Cream,200ML,£1.75,,,88p / 100ml,7929517.0,Plant-based fermented cooking base.,,https://assets.sainsburys-groceries.co.uk/gol/7929517/1/640x640.jpg,"Nutrient	per 100 g:		per 100 g:
Energy	731 kJ / 177 kcal
Fat	15 g
of which saturates	7.0 g
Carbohydrate	8.9 g
of which sugars	4.0 g
Fibre	1.0 g
Protein	1.0 g
Salt	0.01 g
Calcium	180 mg (24%*)","Water, Rapeseed Oil, Fully Hydrogenated Oils (Coconut, Rapeseed), Oats 10%, Potato Starch, Emulsifier (E472e), Stabiliser (E407), Acids (Malic Acid, Lactic Acid), Calcium Carbonate, Calcium Phosphate",https://www.sainsburys.co.uk/gol-ui/product/oatly-the-original-creamy-oat-fraiche-200ml,,2024-08-20T15:48:02.044530-04:00
66-957-DAI,Stamford Street Co. Low Fat Strawberry Yogurt 450g,Stamford,"Dairy, eggs & chilled",Dairy & eggs,Yogurts,,95p,,,21p / 100g,7998115.0,Low fat strawberry yogurt,,https://assets.sainsburys-groceries.co.uk/gol/7998115/1/640x640.jpg,,,https://www.sainsburys.co.uk/gol-ui/product/mary-anns-dairy-strawberry-yoghurt,,2024-08-20T15:48:23.637505-04:00
66-958-DAI,Biotiful Gut Health Kefir Milk Drink Strawberry 1L,Biotiful,Drinks,Dairy & eggs,Milk,1L,£3.50,,£3.00,35p / 100ml,8126798.0,Kefir: Fermented milk with strawberry,,https://assets.sainsburys-groceries.co.uk/gol/8126798/1/640x640.jpg,"Nutrient	Per 100ml	% of reference intake per 100ml	1 serving (250ml)		Per 100ml	% of reference intake per 100ml	1 serving (250ml)
Energy kcal (kJ)	65 (273)	-	164 (688)
Fat (g)	2.6	-	6.5
of which saturates (g)	1.9	-	4.7
Carbohydrates (g)	7.1	-	18
of which sugars*** (g)	5.1	-	13
Protein (g)	3.3	-	8.3
Salt (g)	0.09	-	0.23
Riboflavin B2 (mg)	0.12	9%	-
Vitamin B12 µg	0.19	8%	-
Calcium (mg)	98	12%	-
Phosphorus (mg)	69	10%	-","Pasteurised Cow's Milk (88%) Fermented with Live Kefir Cultures†, Strawberry Puree (4%), Fruit Extract (Apple, Carob, Grape), Elderflower Extract, Stabiliser (Pectin), Lemon Concentrate, Natural Flavouring, † Includes: Bifidobacterium, Lactobacillus Acidophilus, Lactobacillus Casei, Lactobacillus Rhamnosus",https://www.sainsburys.co.uk/gol-ui/product/biotiful-gut-health-kefir-drink-strawberry-1l,,2024-08-19T18:39:44.423749-04:00
66-959-DAI,Yeo Valley Organic 0% Fat Natural Yogurt 450g,Yeo,"Dairy, eggs & chilled",Dairy & eggs,Special offers,,£2.00,,£1.50,44p / 100g,6027551.0,Fat Free Natural Yogurt,,https://assets.sainsburys-groceries.co.uk/gol/6027551/1/640x640.jpg,"Nutrient	Per 100g		Per 100g
Energy	236kJ/ 56kcal
Fat	<0.5g
of which saturates	<0.1g
Carbohydrate	6.6g
of which sugars	6.6g
Protein	5.9g
Salt*	0.16g
Calcium	226mg†","This Yogurt contains only Milk's Naturally occurring Sugar (Lactose), Contains the following Live Cultures: Bifidobacterium, Lactobacillus Acidophilus, Lactobacillus Bulgaricus, Streptococcus Thermophilus",https://www.sainsburys.co.uk/gol-ui/product/yeo-valley-organic-natural-fat-free-yogurt-500g,,2024-08-20T15:48:31.881448-04:00
66-960-DAI,"Sainsbury's Free Range Golden Yolk Eggs, Taste the Difference x12",Sainsbury's,"Dairy, eggs & chilled",Dairy & eggs,Eggs,,£4.45,,,37p / ea,8186900.0,Free Range British Golden Yolk Eggs.,,https://assets.sainsburys-groceries.co.uk/gol/8186900/1/640x640.jpg,"Nutrient	(boiled) per 100g:	For average egg (boiled):		(boiled) per 100g:	For average egg (boiled):
Energy	596kJ/ 143kcal	309kJ/ 74kcal
Fat	9.6g	5.0g
of which saturates	2.7g	1.4g
mono-unsaturates	3.7g	-
polyunsaturates	1.5g	-
Carbohydrate	<0.5g	<0.5g
of which sugars	<0.5g	<0.5g
Fibre	<0.5g	-
Protein	14.1g	7.3g
Salt	0.38g	0.19g
Vitamin D	3.2µg (64% NRV)	1.7µg (34% NRV)
Vitamin B12	2.0µg (80% NRV)	1.0µg (40% NRV)",,https://www.sainsburys.co.uk/gol-ui/product/sainsburys-free-range-golden-yolk-eggs-taste-the-difference-x12,,2024-08-20T15:48:53.522503-04:00
66-961-DAI,Dairylea Dunkers Ritz Cheese Snack 3x43g,Dairylea,"Dairy, eggs & chilled",Dairy & eggs,Cheese,,£2.25,3 for £2.25,,£17.44 / kg,8201397.0,Cheese dip (7% fat) with added calcium and mini-sized Ritz savoury crackers (28%).,,https://assets.sainsburys-groceries.co.uk/gol/8201397/1/640x640.jpg,,"Dairylea Cheese Dip: Skimmed Milk (Water, Skimmed Milk Powder), Cheese, Concentrated Whey (from Milk), Inulin, Milk Protein, Emulsifying Salt (Polyphosphates), Modified Starch, Calcium Phosphates, Acidity Regulator (Lactic Acid), Milk Fat, Mini-Sized Ritz Savoury Crackers: Wheat Flour, Palm Oil, Sugar, Glucose-Fructose Syrup, Raising Agents (Calcium Phosphates, Ammonium Carbonates, Sodium Carbonates, Potassium Carbonates), Barley Malt Flour, Salt",https://www.sainsburys.co.uk/gol-ui/product/dairylea-dunkers-3x43g,3x43g,2024-08-20T15:49:06.726239-04:00
66-962-DAI,After Eight Chocolate Peppermint Flavoured Mousse 4X57g,After,"Dairy, eggs & chilled",Dairy & eggs,Yogurts,,£2.20,,,96p / 100g,7689056.0,Mint Mousse with chocolate layer pieces.,,https://assets.sainsburys-groceries.co.uk/gol/7689056/1/640x640.jpg,,"Wholemilk (63%), Sugar, Cream (Milk), Chocolate Layer Pieces 8.8% (Cocoa Mass, Cocoa Butter, Natural Flavouring), Skimmed Milk Powder, Lactose (Milk), Beef Gelatine, Emulsifier (E472b), Thickeners (Sodium Alginate, Carrageenan), Natural Mint Flavouring",https://www.sainsburys.co.uk/gol-ui/product/after-eight-mousse-4x57g,,2024-08-20T15:49:20.186025-04:00
66-963-DAI,Flora Lighter Spread with Natural Ingredients 1kg,Flora,"Dairy, eggs & chilled",Dairy & eggs,"Butter, spreads & pastry",,£4.60,,,£4.60 / kg,2430065.0,Flora is made with natural ingredients and is free from palm oil,,https://assets.sainsburys-groceries.co.uk/gol/2430065/1/640x640.jpg,"Nutrient	Per 100g		Per 100g		Per 100g
Energy	1036kJ/ 252kcal
Fat	28g
of which saturates	5.7g
of which mono-unsaturates	15g
of which polyunsaturates	7.4g
Carbohydrate	<0.5g
of which sugars	<0.5g
Protein	<0.5g
Salt	1.2g
Vitamin A	(16% DRI*) 125µg
Omega 3 / alpha-linolenic acid	2.0g
Climate impact	0.25","Water, Vegetable Oils (Rapeseed, Sunflower, Linseed), Coconut Fat, Salt 1.2%, Emulsifier (Mono- and Diglycerides of Fatty Acids), Vinegar, Natural Flavourings, Vitamin A",https://www.sainsburys.co.uk/gol-ui/product/flora-light-spread-1kg,,2024-08-20T15:49:33.349647-04:00
66-964-DAI,Jus-Rol Shortcrust Pastry Block 500g,Jus-Rol,"Dairy, eggs & chilled",Dairy & eggs,"Butter, spreads & pastry",,£1.60,,,£3.20 / kg,7197304.0,Chilled uncooked shortcrust pastry dough block.,,https://assets.sainsburys-groceries.co.uk/gol/7197304/1/640x640.jpg,"Nutrient	(uncooked) Per 100 g	(uncooked) Per portion (50g)	%* (50g)
Energy	1883kJ	942kJ	11%
Energy	452kcal	226kcal	11%
Fat	27.9g	14.0g	20%
of which saturates	11.5g	5.7g	29%
Carbohydrate	41.0g	20.5g	8%
of which sugars	1.4g	0.7g	1%
Fibre	1.1g	0.5g	-
Protein	5.3g	2.7g	5%
Salt	0.75g	0.37g	6%","Wheat Flour, Vegetable Oils and Fats (Palm, Rapeseed), Water, Alcohol, Sugar, Salt, Lemon Juice Concentrate, Preservative (Potassium Sorbate), Emulsifier (Mono- and Diglycerides of Fatty Acids), Flavouring, Flour Treatment Agent (Ascorbic Acid), Colour (Beta Carotene)",https://www.sainsburys.co.uk/gol-ui/product/jus-rol-shortcrust-pastry-block-500g,,2024-08-20T15:49:46.775515-04:00
66-965-DAI,Sainsbury's Mature British Cheddar Sticks 5x20g,Sainsbury's,"Dairy, eggs & chilled",Dairy & eggs,Cheese,,£2.00,5 for £2.00,,£20.00 / kg,8048412.0,5 Mature Cheddar cheese sticks,,https://assets.sainsburys-groceries.co.uk/gol/8048412/1/640x640.jpg,,,https://www.sainsburys.co.uk/gol-ui/product/sainsburys-mature-british-cheddar-sticks-5x20g,5x20g,2024-08-20T15:50:08.468867-04:00
66-966-DAI,Koko Dairy Free Unsweetened Drink 1L,Koko,"Dairy, eggs & chilled",Dairy & eggs,Dairy free,1L,£1.80,,,£1.80 / ltr,7862123.0,Unsweetened coconut-based drink fortified with calcium and vitamins D2 & B12,,https://assets.sainsburys-groceries.co.uk/gol/7862123/1/640x640.jpg,"Nutrient	per 100ml		per 100ml
Energy	80kJ / 19kcal
Fat	1.4g
Of which Saturates	1.2g
Mono-unsaturates	0.1g
Polyunsaturates	<0.1g
Carbohydrate	0.4g
Of which Sugars	0.2g
Fibre	0.2g
Protein	1.2g
Salt	0.10g
Calcium	120mg (15% NRV*)
Vitamin D2	0.75µg (15% NRV*)
Vitamin B12	0.38µg (15% NRV*)","Water, Coconut Milk (9%), Tricalcium Phosphate, Emulsifier (Sucrose Esters of Fatty Acids), Stabilisers (Guar Gum, Gellan Gum), Sea Salt, Vitamin D2, Vitamin B12, Colour (Carotene)",https://www.sainsburys.co.uk/gol-ui/product/koko-dairy-free-milk--unsweetened-1l,,2024-08-20T15:50:21.786996-04:00
66-967-DAI,Biotiful Gut Health Kefir Milk Drink Mango 500ml,Biotiful,Drinks,Dairy & eggs,Milk,500ML,£2.60,,,52p / 100ml,8047234.0,Kefir: fermented milk with mango,,https://assets.sainsburys-groceries.co.uk/gol/8047234/1/640x640.jpg,"Nutrient	Per 100ml	1 serving (250ml)		Per 100ml	1 serving (250ml)
Energy, kcal (kJ)	65 (274)	163 (685)
Fat (g)	2.6	6.5
of which saturates (g)	1.8	4.5
Carbohydrates (g)	7.1	18
of which sugars*** (g)	5.5	14
Protein (g)	3.3	8.3
Salt (g)	0.09	0.23
Vitamins and Minerals	% of reference intake per 100ml	Per 100ml
Riboflavin B2 (mg)	9%	0.12
Vitamin B12 (µg)	8%	0.19
Calcium (mg)	12%	98
Phosphorus (mg)	10%	69","Pasteurised Cow's Milk (88%) Fermented with Live Kefir Cultures†, Mango Puree (4%), Fruit Extract (Apple, Carob, Grape), Stabiliser (Pectin), Natural Flavouring, Lemon Concentrate, †Includes: Bifidobacterium, Lactobacillus Acidophilus, Lactobacillus Casei, Lactobacillus Rhamnosus",https://www.sainsburys.co.uk/gol-ui/product/biotiful-kefir-mango-500ml,,2024-08-19T18:39:06.835655-04:00
66-968-DAI,Philadelphia Chives Soft Cheese 165g,Philadelphia,"Dairy, eggs & chilled",Dairy & eggs,Cheese,,£2.20,,,£13.33 / kg,7708546.0,Medium fat soft cheese with chives.,,https://assets.sainsburys-groceries.co.uk/gol/7708546/1/640x640.jpg,,"Medium Fat Soft Cheese, Chives, Salt, Stabilisers (Guar Gum, Carrageenan), Acid (Citric Acid)",https://www.sainsburys.co.uk/gol-ui/product/philadelphia-light-chives-170g,,2024-08-20T15:50:34.703971-04:00
66-969-DAI,Oatly Oat Drink No Sugars Chilled 1L,Oatly,"Dairy, eggs & chilled",Dairy & eggs,Dairy free,1L,£2.10,,,£2.10 / ltr,8151112.0,"Oat drink, with added vitamins and minerals. Free from sugars.",,https://assets.sainsburys-groceries.co.uk/gol/8151112/1/640x640.jpg,"Nutrient	per 100 ml:		per 100 ml:
Energy	185 kJ / 44 kcal
Fat	1.5 g
of which saturates	0.2 g
Carbohydrate	6.3 g
of which sugars	0 g
Fibre	0.7 g
Protein	1.0 g
Salt	0.12 g
Vitamin D	1.1 µg (22%*)
Riboflavin	0.21 mg (15%*)
Vitamin B12	0.38 µg (15%*)
Calcium	120 mg (15%*)
Iodine	22.5 µg (15%*)","Water, Oats 10%, Rapeseed Oil, Acidity Regulator (Dipotassium Phos-Phate), Minerals (Calcium Carbonate, Potassium Iodide), Salt, Vitamins (D2, Riboflavin, B12)",https://www.sainsburys.co.uk/gol-ui/product/oatly%21-the-original-no-sugars-oat-drink-1l,,2024-08-20T15:50:47.849239-04:00
66-970-DAI,Violife Creamy Original Flavour Vegan Alternative To Cheese 200g,Violife,"Dairy, eggs & chilled",Dairy & eggs,Cheese,,£2.75,,,£13.75 / kg,8096548.0,Food Preparation with Coconut Oil.,,https://assets.sainsburys-groceries.co.uk/gol/8096548/1/640x640.jpg,"Nutrient	per 100g:		per 100g:
Energy	987kJ/ 239kcal
Fat	23g
of which Saturates	21g
Carbohydrates	8g
of which Sugars	0g
Protein	0g
Salt	1.2g
Vitamin B12	2.5µg (100% of NRV*)","Water, Coconut Oil (23%), Starch, Sea Salt, Acidity Regulator: Glucono-Delta-Lactone, Flavourings, Olive Extract, Vitamin B12",https://www.sainsburys.co.uk/gol-ui/product/violife-creamy-original-flavour-vegan-alternative-to-cheese-200g,,2024-08-20T15:51:00.823088-04:00
66-971-DAI,Plenish Organic Cashew Dairy Alternative Long Life Drink 1L,Plenish,"Dairy, eggs & chilled",Dairy & eggs,Dairy free,1L,£2.25,,,£2.25 / ltr,7852268.0,"Organic cashew drink, UHT.",,https://assets.sainsburys-groceries.co.uk/gol/7852268/1/640x640.jpg,"Nutrient	Per 100ml
Energy	99kJ/ 24kcal
Fat	1.8g
of which saturates	0.3g
Carbohydrate	1.2g
of which sugars	0.2g
Fibre	0g
Protein	0.7g
Salt	0.1g","Spring Water, Organic Cashews 4%, Sea Salt",https://www.sainsburys.co.uk/gol-ui/product/plenish-organic-cashew-milk-1l,,2024-08-20T15:51:14.781179-04:00
66-972-DAI,Alpro Smooth Chocolate Dessert 4x125g,Alpro,"Dairy, eggs & chilled",Dairy & eggs,Dairy free,,£1.85,4 for £1.85,,37p / 100g,2813578.0,"Soya dessert, chocolate, with added calcium and vitamins.",,https://assets.sainsburys-groceries.co.uk/gol/2813578/1/640x640.jpg,"Nutrient	per 100 g		per 100 g
Energy	349 kJ / 83 kcal
Fat	2.0 g
of which Saturates	0.6 g
Carbohydrate	12.7 g
of which Sugars	10.1 g
Fibre	1.2 g
Protein	3.1 g
Salt	0.14 g
D	0.75 µg*
Riboflavin (B2)	0.21 mg*
Minerals: Calcium	120 mg*","Soya Base (Water, Hulled Soya Beans (6.8%)), Sugar, Modified Starch, Fat Reduced Cocoa* (2%), Chocolate (1%), Calcium (Calcium Carbonate), Acidity Regulator (Potassium Phosphates), Thickener (Carrageenan), Flavouring, Sea Salt, Vitamins (B2, D2), *Rainforest Alliance Certified™",https://www.sainsburys.co.uk/gol-ui/product/alpro-soya-chocolate-dessert-4x125g,4x125g,2024-08-20T15:51:28.752179-04:00
66-973-DAI,"Sainsbury's Woodland Trust Free Range Blue Mixed Weight Eggs, Taste the Difference x6",Sainsbury's,"Dairy, eggs & chilled",Dairy & eggs,Eggs,,£2.65,,,44p / ea,7827544.0,Free Range Eggs. Class A.,,https://assets.sainsburys-groceries.co.uk/gol/7827544/1/640x640.jpg,,,https://www.sainsburys.co.uk/gol-ui/product/sainsburys-woodland-free-range-golden-yolked-mixed-weight-blue-eggs-taste-the-difference-x6,,2024-08-20T15:51:50.155602-04:00
66-974-DAI,Oatly Oat Drink Light Chilled 1L,Oatly,"Dairy, eggs & chilled",Dairy & eggs,Dairy free,1L,£2.10,,,£2.10 / ltr,7937865.0,"Oat drink, with added vitamins and minerals. 0.5% fat.",,https://assets.sainsburys-groceries.co.uk/gol/7937865/1/640x640.jpg,,"Water, Oats 10%, Acidity Regulator (Dipotassium Phosphate), Minerals (Calcium Carbonate, Potassium Iodide), Salt, Vitamins (D2, Riboflavin, B12)",https://www.sainsburys.co.uk/gol-ui/product/oatly-the-original-oat-drink-skinny-1l,,2024-08-20T15:52:03.231741-04:00
66-975-DAI,"Sainsbury's Belgian Chocolate Mousse, Taste the Difference 100g",Sainsbury's,"Dairy, eggs & chilled",Dairy & eggs,Yogurts,,£1.00,,,£1.00 / 100g,8184291.0,Belgian dark chocolate mousse,,https://assets.sainsburys-groceries.co.uk/gol/8184291/1/640x640.jpg,,,https://www.sainsburys.co.uk/gol-ui/product/sainsburys-belgian-chocolate-mousse-taste-the-difference-100g,,2024-08-20T15:52:24.546069-04:00
66-976-DAI,Biotiful Gut Health Kefir Yogurt Madagascan Vanilla 350g,Biotiful,"Dairy, eggs & chilled",Dairy & eggs,Yogurts,,£2.00,,,57p / 100g,8189673.0,Gut-health kefir yogurt with vanilla,,https://assets.sainsburys-groceries.co.uk/gol/8189673/1/640x640.jpg,"Nutrient	Per 100g	% of the reference intake per 100g	1 serving (115g)		Per 100g	% of the reference intake per 100g	1 serving (115g)
Energy, kcal (kJ)	74 (312)	-	85 (359)
Fat (g)	1.8	-	2.1
of which saturates (g)	1.1	-	1.3
Carbohydrates (g)	9.1	-	10
of which sugars*** (g)	6.0	-	6.9
Protein (g)	5.3	-	6.1
Salt (g)	0.18	-	0.21
Riboflavin B2 (mg)	0.26	19%	-
Vitamin B12 (µg)	0.40	16%	-
Calcium (mg)	176	22%	-
Phosphorus (mg)	142	20%	-","Pasteurised Cow's Milk Fermented with Live Kefir and Yogurt Cultures†, Water, Fruit Extract (Apple, Carob, Grape), Tapioca Starch, Natural Flavouring, Lemon Concentrate, Stabiliser (Pectin), Madagascan Vanilla Extract, Vanilla Seeds, †Includes: Bifidobacterium, Streptococcus Thermophilus, Lactobacillus Bulgaricus, Lactobacillus Acidophilus",https://www.sainsburys.co.uk/gol-ui/product/biotiful-gut-health-kefir-yogurt-madagascan-vanilla-350g,,2024-08-20T15:52:38.901144-04:00
66-977-DAI,Whole Earth Smooth Peanut Butter 1kg,Whole,"Dairy, eggs & chilled",Dairy & eggs,"Butter, spreads & pastry",,£6.80,,£5.50,68p / 100g,8090062.0,Smooth Peanut Butter with No Added Sugar,,https://assets.sainsburys-groceries.co.uk/gol/8090062/1/640x640.jpg,,"Roasted Peanuts (96%), Sustainable Palm Oil, Sea Salt",https://www.sainsburys.co.uk/gol-ui/product/whole-earth-smooth-peanut-butter-1kg,,2024-08-20T15:52:46.981002-04:00
66-978-DAI,Sainsbury's Kids Fruited Yogurt Pack 6x45g,Sainsbury's,"Dairy, eggs & chilled",Dairy & eggs,New,,£1.00,6 for £1.00,,37p / 100g,8199432.0,"Greek style yogurts (3 apricot, 3 strawberry), fortified with vitamin D",,https://assets.sainsburys-groceries.co.uk/gol/8199432/1/640x640.jpg,,,https://www.sainsburys.co.uk/gol-ui/product/sainsburys-kids-fruited-yogurt-pack-6x45g,6x45g,2024-08-20T15:53:07.998718-04:00
66-979-DAI,Müller Light Fat Free Yogurt Limited Edition 160g,Müller,"Dairy, eggs & chilled",Dairy & eggs,Special offers,,90p,,50p,56p / 100g,7510033.0,Turkish delight flavour fat free yogurt with dark chocolate sprinkles (0.5%) with sugars & sweeteners and added vitamins B6 & D,,https://assets.sainsburys-groceries.co.uk/gol/7510033/1/640x640.jpg,"Nutrient	per 100g		per 100g
Energy	264kJ (62kcal)
Fat	<0.5g
of which saturates	0.3g
Carbohydrate	8.3g
of which sugars	8.0g
Protein	5.7g
Salt	0.26g
Vitamin B6	0.53mg (60% of NRV Per Pot)
Vitamin D	1.9µg (60% of NRV Per Pot)
Calcium	172mg (34% of NRV Per Pot)","Yogurt (Milk), Water, Fructose Syrup, Modified Maize Starch, Cocoa Butter, Cocoa Powder, Fat Reduced Cocoa Powder, Concentrated Butter (Milk), Sugar, Stabilisers: Pectins, Guar Gum; Acidity Regulators: Citric Acid, Sodium • Citrates; Sweeteners: Aspartame, Acesulfame K; Flavouring, Colouring Food: Black Carrot Juice Concentrate; Vitamin B6, Vitamin D",https://www.sainsburys.co.uk/gol-ui/product/muller-light-limited-edition-165g,,2024-08-20T15:53:16.043993-04:00
66-980-DAI,Clover Light Spread Alternative to Butter 1kg,Clover,"Dairy, eggs & chilled",Dairy & eggs,"Butter, spreads & pastry",,£4.00,,£3.00,£4.00 / kg,8081144.0,49% fat spread with buttermilk,10 g,https://assets.sainsburys-groceries.co.uk/gol/8081144/1/640x640.jpg,"Nutrient	per 100g	per 10g serving
Energy	1878kJ / 456kcal	188kJ / 46kcal
Fat	49.2g	4.9g
of which saturates	17.6g	1.8g
Carbohydrate	2.0g	0.2g
of which sugars	2.0g	0.2g
Protein	1.3g	0.1g
Salt	1.4g	0.1g","Buttermilk (40%), Sustainable Palm Oil, Rapeseed Oil, Water, Acid (Lactic Acid), Natural Flavouring, Natural Colour (Carotenes)",https://www.sainsburys.co.uk/gol-ui/product/clover-light-spread-1kg,,2024-08-20T15:53:23.655886-04:00
66-981-DAI,The Collective Gourmet Passion Fruit Greek-Style Yoghurt 425g,The,"Dairy, eggs & chilled",Dairy & eggs,Yogurts,,£2.95,,,69p / 100g,7782037.0,Passion fruit yoghurt,,https://assets.sainsburys-groceries.co.uk/gol/7782037/1/640x640.jpg,"Nutrient	Per 100g
Energy	461kJ/ 110kcal
Fat	4.6g
- Of which Saturates	2.9g
Carbohydrate	12.5g
- Of which Sugars	11.2g
Protein	4.4g
Salt	0.10g","Live Yoghurt* (Milk) (86%), Sugar, Passion Fruit Puree with Seeds (2%), Apple Puree, Honey, Cornflour, Gelling Agent (Fruit Pectin), Acidity Regulator (Citric Acid), Natural Flavouring, Natural Colour (Curcumin), Tapioca Starch, * Contains Cultures: S. Thermophilus, L. Acidophilus, Bifidobacterium",https://www.sainsburys.co.uk/gol-ui/product/collective-passionfruit-yogurt-450g,,2024-08-20T15:53:36.857958-04:00
66-982-DAI,Dairylea Strip Cheese x8 168g,Dairylea,"Dairy, eggs & chilled",Dairy & eggs,Cheese,,£2.50,,,£14.88 / kg,3422281.0,Cheese Food Snack with added Calcium,,https://assets.sainsburys-groceries.co.uk/gol/3422281/1/640x640.jpg,,"Cheese (70 %), Skimmed Milk (Water, Skimmed Milk Powder), Butter, Skimmed Milk Powder, Stabilisers (Sodium Carbonate, Citric Acid), Calcium Phosphate, Milk Protein, Flavouring, Emulsifying Salt (Potassium Citrate)",https://www.sainsburys.co.uk/gol-ui/product/dairylea-strip-cheese-x8-168g,,2024-08-20T15:53:50.125040-04:00
66-983-DAI,Graham's Protein 25 Strawberry Yogurt 190g,Graham's,"Dairy, eggs & chilled",Dairy & eggs,Yogurts,,£1.20,,,63p / 100g,7849491.0,Strawberry Quark,,https://assets.sainsburys-groceries.co.uk/gol/7849491/1/640x640.jpg,"Nutrient	Per 100g
Energy	348kJ/ 83kcal
Fat	0.4g
(of which saturates	0.2g)
Carbohydrate	7.5g
(of which sugars	5.3g)
Protein	12.4g
Salt	<0.1g","Quark (Milk) (89%), Strawberries (5%), Sugar Water, Corn Flour, Natural Flavourings, Acid (Citric Acid), Concentrates (Carrot, Safflower)",https://www.sainsburys.co.uk/gol-ui/product/grahams-protein-22-strawberry-yogurt-190g,,2024-08-20T15:54:03.477362-04:00
66-984-DAI,Sainsbury's Wensleydale & Apricot Cheese 200g,Sainsbury's,"Dairy, eggs & chilled",Dairy & eggs,Cheese,,£2.65,,,£13.25 / kg,7530691.0,Wensleydale cheese with dried apricots.,,https://assets.sainsburys-groceries.co.uk/gol/7530691/1/640x640.jpg,,,https://www.sainsburys.co.uk/gol-ui/product/sainsburys-wensleydale---apricot-200g,,2024-08-20T15:54:24.401400-04:00
66-985-DAI,"Sainsbury's Aged Shropshire Red, Taste the Difference 200g",Sainsbury's,"Dairy, eggs & chilled",Dairy & eggs,Cheese,,£3.40,,,£17.00 / kg,7578038.0,Shropshire Red cheese,,https://assets.sainsburys-groceries.co.uk/gol/7578038/1/640x640.jpg,,,https://www.sainsburys.co.uk/gol-ui/product/sainsburys-shropshire-red-cheese--taste-the-difference-200g,,2024-08-20T15:54:46.055566-04:00
66-986-DAI,Primula Cheese with Chives 140g,Primula,"Dairy, eggs & chilled",Dairy & eggs,Cheese,,£1.85,,,£13.21 / kg,2001708.0,Cheese Spread with Chives,,https://assets.sainsburys-groceries.co.uk/gol/2001708/1/640x640.jpg,"Nutrient	Per 100g		Per 100g
Energy	904kJ / 217kcal
Fat	14.3g
of which saturates	9.8g
Carbohydrate	9.0g
of which sugars	3.4g
Protein	12.8g
Salt	2.2g
Calcium	(60.9%*NRV) 487mg","Cheese (53%) (Cheese (47%) (Milk), Medium Fat Soft Cheese (6%) (Medium Fat Soft Cheese (Milk), Sea Salt)), Reconstituted Skimmed Milk Powder (Water, Skimmed Milk Powder), Water, Whey Powder (Milk), Emulsifying Salts (Sodium Phosphate, Polyphosphates, Triphosphates), Chives, Modified Maize Starch",https://www.sainsburys.co.uk/gol-ui/product/primula-cheese-spread--with-chives--tube-150g,,2024-08-20T15:54:59.279768-04:00
66-987-DAI,Caprice des Dieux French Cheese 200g,Caprice,"Dairy, eggs & chilled",Dairy & eggs,Cheese,,£3.00,,£2.50,£15.00 / kg,8083627.0,Cheese strength: 1. Mild and creamy soft ripened cheese made from pasteurised cows' milk,,https://assets.sainsburys-groceries.co.uk/gol/8083627/1/640x640.jpg,,Full Fat Soft Cheese made from Pasteurised Milk,https://www.sainsburys.co.uk/gol-ui/product/caprice-des-dieux-french-cheese-200g,,2024-08-20T15:55:07.554936-04:00
66-988-DAI,Seriously Spreadable Cheese 250g,Seriously,"Dairy, eggs & chilled",Dairy & eggs,Cheese,,£3.15,,£2.55,£12.60 / kg,7463620.0,Cheddar Cheese Spread.,,https://assets.sainsburys-groceries.co.uk/gol/7463620/1/640x640.jpg,"Nutrient	(per 100g)
Energy:	1099 kJ/ 264 kcal
Fat:	20g
(of which saturates	14g)
Carbohydrate:	5.6g
(of which sugars	4.1g)
Protein:	15g
Salt:	1.8g
Calcium:	451mg (56% RI*)","Cheddar Cheese (Milk) (54%), Water, Skimmed Milk Powder, Butter (Milk), Emulsifying Salts (E331, E452, E450), Thickener (Pectin), Preservative (Potassium Sorbate)",https://www.sainsburys.co.uk/gol-ui/product/seriously-strong-spreadable-250g,,2024-08-20T15:55:16.173622-04:00
66-989-DAI,Muller Bliss Mascarpone Cherry Yogurt 4x110g,Muller,"Dairy, eggs & chilled",Dairy & eggs,Yogurts,,£3.00,4 for £3.00,,68p / 100g,8140043.0,Italian inspired mascarpone style yogurt with cream and a layer of cherry compote x 4,,https://assets.sainsburys-groceries.co.uk/gol/8140043/1/640x640.jpg,"Nutrient	Per 100g
Energy	498kJ (119kcal)
Fat	4.8g
of which saturates	3.1g
Carbohydrate	15.0g
of which sugars	13.0g
Protein	3.1g
Salt	0.15g","Yogurt (Milk), Water, Whipping Cream (Milk) (11%), Cherries (10%), Sugar, Modified Maize Starch, Lemon Juice from Concentrate, Emulsifier: E472b, Gelatine, Stabiliser: Pectins, Flavourings, Acidity Regulators: Citric Acid, Calcium Citrate, Colour: Carmine",https://www.sainsburys.co.uk/gol-ui/product/muller-bliss-macarpone-cherry-yogurt-4x110g,4x110g,2024-08-20T15:55:29.325966-04:00
66-990-DAI,Lindahls Protein Pudding Chocolate 140g,Lindahls,"Dairy, eggs & chilled",Dairy & eggs,Special offers,,£1.40,,£1.00,£1.00 / 100g,8102494.0,Chocolate Flavour Dairy Dessert with Sweeteners,,https://assets.sainsburys-groceries.co.uk/gol/8102494/1/640x640.jpg,,"Skimmed Milk (85.4%) Milk Protein, Modified Starch, Fat Reduced Cocoa Powder (2.0%), Thickener (Pectin), Sweeteners (Acesuitame-K, Sucralose)",https://www.sainsburys.co.uk/gol-ui/product/lindahls-protein-pudding-chocolate-140g,,2024-08-20T15:55:37.965784-04:00
66-991-DAI,Boursin Velvety Garlic & Herb Cheese Dip 125g,Boursin,"Dairy, eggs & chilled",Dairy & eggs,Cheese,,£2.60,,£1.75,£20.80 / kg,8084158.0,Whipped Soft Cheese Preparation with Garlic and Herbs.,,https://assets.sainsburys-groceries.co.uk/gol/8084158/1/640x640.jpg,"Nutrient	Per 100g:
Energy	1198kj/ 290kcal
Fat	28g
of which saturates	19g
Carbohydrate	3g
of which sugars	2.5g
Protein	6.5g
Salt	1.1g","Pasteurised Milk and Cream, Water, Lactic Ferments, Garlic and Herbs 1%, Salt, Pepper, Preservative (Potassium Sorbate)",https://www.sainsburys.co.uk/gol-ui/product/boursin-velvety-garlic-herb-cheese-dip-125g,,2024-08-20T15:55:46.263130-04:00
66-992-DAI,Paysan Breton French Sea Salt Cream Cheese 150g,Paysan,"Dairy, eggs & chilled",Dairy & eggs,Cheese,,£2.50,,,£16.67 / kg,8084753.0,Whipped full fat soft cheese with sea salt from Guérande.,,https://assets.sainsburys-groceries.co.uk/gol/8084753/1/640x640.jpg,"Nutrient	per 100g:
Energy	1039kJ / 252kcal
Fat	24g
(of which Saturates	17g)
Carbohydrate	3.0g
(of which Sugars	3.0g)
Protein	5.9g
Salt	1.1g","Cheese (Milk), Sea Salt (1.1%), Made with Pasteurised Milk",https://www.sainsburys.co.uk/gol-ui/product/paysan-breton-french-sea-salt-cream-cheese-150g,,2024-08-20T15:55:59.358302-04:00
66-993-DAI,Yeo Valley Organic Soured Cream 200g,Yeo,"Dairy, eggs & chilled",Dairy & eggs,Cream,,£1.30,,,65p / 100g,7969369.0,Soured Cream,,https://assets.sainsburys-groceries.co.uk/gol/7969369/1/640x640.jpg,"Nutrient	Per 100g
Energy	581kJ/ 140kcal
Fat	11.8g
of which saturates	7.3g
Carbohydrate	5.0g
of which sugars	5.0g
Protein	3.6g
Salt*	0.12g","Organic Soured Cream (Milk), Contains Live Cultures",https://www.sainsburys.co.uk/gol-ui/product/yeo-valley-family-farm-organic-soured-cream-200g,,2024-08-20T15:56:12.980086-04:00
66-994-DAI,Alpro Hazelnut Long Life Drink 1L,Alpro,Drinks,Dairy & eggs,Dairy free,1L,£2.20,,,£2.20 / ltr,7544275.0,Hazelnut drink with added calcium and vitamins.,,https://assets.sainsburys-groceries.co.uk/gol/7544275/1/640x640.jpg,"Nutrient	per 100 ml		per 100 ml
Energy	122 kJ / 29 kcal
Fat	1.6g
of which Saturates	0.2g
Carbohydrate	3.2g
of which Sugars	3.2g
Fibre	0.3g
Protein	0.4g
Salt	0.14g
D2	0.75µg*
- E	1.8mg*
- B12	0.38µg*
- Riboflavin (B2)	0.21mg*
- Calcium	120mg*","Water, Sugar, Hazelnuts [2.8%], Calcium [Tri-Calcium Phosphate], Sea Salt, Stabilisers [Locust Bean Gum, Gellan Gum], Emulsifier [Lecithins], Vitamins B2, B12, D2, E",https://www.sainsburys.co.uk/gol-ui/product/alpro-long-life-milk-alternative--hazelnut-1l,,2024-08-19T18:40:47.493044-04:00
66-995-DAI,Sainsbury's Fruit Fool Lemon 114g,Sainsbury's,"Dairy, eggs & chilled",Dairy & eggs,Yogurts,,95p,,,83p / 100g,6878323.0,"Lemon fool made with a blend of lemon compote, yogurt and cream",,https://assets.sainsburys-groceries.co.uk/gol/6878323/1/640x640.jpg,,,https://www.sainsburys.co.uk/gol-ui/product/sainsburys-lemon-fruit-fool-113g,,2024-08-20T15:56:35.750929-04:00
66-996-DAI,Crusha Strawberry Flavour No Added Sugar Milkshake Mix 500ml,Crusha,Drinks,Dairy & eggs,Milk,500ML,£2.25,,£1.50,£4.50 / ltr,6740847.0,Strawberry Flavour Milkshake Mix with Sweeteners,,https://assets.sainsburys-groceries.co.uk/gol/6740847/1/640x640.jpg,"Nutrient	per 100g	Per 200ml Crusha shake made with semi-skimmed milk*
Energy kJ	25kJ	366kJ
- kcal (Calories)	6kcal	87kcal
Fat	0g	3.1g
or which saturates	0g	1.9g
Carbohydrate	1.0g	9.1g
of which sugars	0g	8.6g
Protein	0g	6.2g
Salt	0.09g	0.22g","Water, Colour (Concentrate of Beetroot and Carrot), Acid (Citric Acid), Preservative (Potassium Sorbate), Flavouring, Acidity Regulator (Tri Sodium Citrate), Antioxidant (Ascorbic Acid), Sweeteners (Sucralose, Acesulfame-K)",https://www.sainsburys.co.uk/gol-ui/product/crusha-milkshake-mix--strawberry--no-added-sugar-500ml,,2024-08-19T18:39:52.087654-04:00
66-997-DAI,Müller Corner Mississippi Mud Pie Chocolate Yogurt,Müller,"Dairy, eggs & chilled",Dairy & eggs,Yogurts,,90p,,,73p / 100g,8188906.0,Toffee & coffee flavour yogurt with chocolate sauce underlayer (12%) & chocolate crumble (8%).,,https://assets.sainsburys-groceries.co.uk/gol/8188906/1/640x640.jpg,"Nutrient	(Per 100g)		(Per 100g)
Energy	569kJ (135kcal)
Fat	0.3g
of which saturates	1.7g
Carbohydrate	21.8g
of which sugars	16.8g
Protein	4.5g
Salt	0.21g
Calcium	110mg (17% of NRV per pot)","Yogurt (Milk), Water, Sugar, Wheat Flour (Gluten) (with Added Calcium, Iron, Niacin, Thiamin), Vegetable Oils (Palm, Rapeseed), Glucose-Fructose Syrup, Modified Maize Starch, Fat Reduced Cocoa Powder, Whole Milk Powder, Flavourings, Salt, Cocoa Powder, Cocoa Mass, Cocoa Butter, Lactose (Milk), Coffee Extract, Colour: Plain Caramel, Stabiliser: Carrageenan, Emulsifier: Soya Lecithins",https://www.sainsburys.co.uk/gol-ui/product/m%C3%BCller-corner-mississippi-mud-pie-chocolate-yogurt,,2024-08-20T15:56:49.207089-04:00
66-998-DAI,Sainsbury's Pastel De Nata x4,Sainsbury's,"Dairy, eggs & chilled",Cakes & tarts,All cakes & tarts,,£2.25,,,56p / ea,7903864.0,"A light, crisp pastry case filled with a sweet egg custard filling",,https://assets.sainsburys-groceries.co.uk/gol/7903864/1/640x640.jpg,,,https://www.sainsburys.co.uk/gol-ui/product/sainsburys-pastel-de-nata-x4,,2024-08-20T15:57:10.967602-04:00
66-999-DAI,Attis Cyprus Halloumi Burger Slices x4 200g,Attis,"Dairy, eggs & chilled",Dairy & eggs,Cheese,,£3.00,,,£15.00 / kg,7875704.0,Cyprus Halloumi 4 Burger Slices,,https://assets.sainsburys-groceries.co.uk/gol/7875704/1/640x640.jpg,"Nutrient	per 100g:	Per burger slice:
Energy	1377kJ/ 332kcal	689kJ/ 166kcal
Fat	26.0g	13.0g
of which saturates	18.2g	9.1g
mono-unsaturates	6.7g	-
polyunsaturates	0.7g	-
Carbohydrate	1.2g	0.6g
of which sugars	1.2g	-
Fibre	<0.5g	-
Protein	23.2g	11.6g
Salt	2.2g	1.1g","Halloumi Cheese (Cows', Sheeps' and Goats' Milk)",https://www.sainsburys.co.uk/gol-ui/product/attis-cyprus-halloumi-burger-slices-x4-200g,,2024-08-20T15:57:24.615864-04:00
66-1000-DAI,Primula Cheese with Prawns 140g,Primula,"Dairy, eggs & chilled",Dairy & eggs,Cheese,,£1.85,,,£13.21 / kg,2001906.0,Cheese Spread with Prawns,,https://assets.sainsburys-groceries.co.uk/gol/2001906/1/640x640.jpg,"Nutrient	Per 100g		Per 100g
Energy	856kJ / 206kcal
Fat	14.0g
of which saturates	9.3g
Carbohydrate	6.1g
of which sugars	3.4g
Protein	13.6g
Salt	2.2g
Calcium	(56.4%* NRV) 451mg","Cheese (52%) (Cheese (46%) (Milk), Medium Fat Soft Cheese (6%) (Medium Fat Soft Cheese (Milk), Sea Salt)), Reconstituted Skimmed Milk Powder (Water, Skimmed Milk Powder), Prawns (8%) (Prawns, Salt) (Crustaceans), Whey Powder (Milk), Emulsifying Salts (Sodium Phosphate, Polyphosphates, Triphosphates), Modified Maize Starch, Water",https://www.sainsburys.co.uk/gol-ui/product/primula-cheese-spread--with-shrimp--tube-150g,,2024-08-20T15:57:37.960776-04:00
66-1001-DAI,Müller Frijj Strawberry Flavour Milkshake 330ml,Müller,Drinks,Dairy & eggs,Milk,330ML,£1.50,,£1.00,45p / 100ml,7895945.0,Ultra Heat Treated (UHT) long life strawberry flavour milkshake.,,https://assets.sainsburys-groceries.co.uk/gol/7895945/1/640x640.jpg,"Nutrient	Per 100ml		Per 100ml
Energy	300kJ / 71kcal
Fat	1.3g
of which saturates	0.8g
Carbohydrate	11.0g
of which sugars	10.4g
Protein	3.7g
Salt	0.12g
Calcium	126mg (15% NRV)
Vitamin B12	0.3µg (12% NRV)","Skimmed Milk (61%), Whole Milk (30%), Sugar Syrup, Buttermilk Powder, Fructose, Modified Maize Starch, Stabilisers: Cellulose, Cellulose Gum, Carrageenan, Guar Gum, Flavourings, Colour: Carotenes",https://www.sainsburys.co.uk/gol-ui/product/frijj-strawberry-flavoured-milk-400ml,,2024-08-19T18:40:13.118446-04:00
66-1002-DAI,Violife Smoky Cheddar Flavour Slices Vegan Alternative to Cheese 200g,Violife,"Dairy, eggs & chilled",Dairy & eggs,"Butter, spreads & pastry",,£2.80,,,£14.00 / kg,8082873.0,Smoky Cheddar Flavour Slices. Food Preparation with Coconut Oil.,,https://assets.sainsburys-groceries.co.uk/gol/8082873/1/640x640.jpg,"Nutrient	Per 100g	Per Slice (25g)***	%RI* Per Slice***		Per 100g	Per Slice (25g)***	%RI* Per Slice***
Energy	1255kJ/ 302kcal	314kJ/ 76kcal	4%
Fat	24g	6g	9%
-of which Saturates	22g	5.5g	28%
Carbohydrates	20g	5g	2%
of which Sugars	0.2g	0.1g	0%
Protein	1.3g	0.3g	1%
Salt	2.2g	0.55g	9%
Vitamin B12	2.5µg (100% of NRV**)	0.6µg	24%","Water, Coconut Oil (24%), Modified Starch*, Starch, Sea Salt, Lentil Protein, Smoky Cheddar Flavour, Acidity Regulator: Lactic Acid, Olive Extract, Colour: B-carotene, Vitamin B12, *Not to Be Confused with GMO (Genetically Modified) Ingredients",https://www.sainsburys.co.uk/gol-ui/product/violife-smoky-cheddar-flavour-slices-vegan-alternative-to-cheese-200g,,2024-08-20T15:57:51.237291-04:00
66-1003-DAI,Yeo Valley Organic Kefir Strawberry Yogurt 350g,Yeo,"Dairy, eggs & chilled",Dairy & eggs,Yogurts,,£2.00,,,57p / 100g,7922970.0,Fermented Strawberry Yogurt with Live Kefir Cultures,,https://assets.sainsburys-groceries.co.uk/gol/7922970/1/640x640.jpg,"Nutrient	Per 100g		Per 100g
Energy	332kJ/ 79kcal
Fat	1.9g
of which saturates	1.3g
Carbohydrate	11.1g
of which sugars	9.5g
Protein	4.2g
Salt	0.11g
Calcium	161mg/20% NRV
Phosphorus	117mg/16% NRV","Organic Milk Fermented with Live Kefir Cultures, Organic Strawberries (5%), Organic Sugar (5%), Organic Maize Starch, Natural Flavouring, Organic Concentrated Lemon Juice",https://www.sainsburys.co.uk/gol-ui/product/yeo-valley-kefir-strawberry-organic-yogurt-350g,,2024-08-20T15:58:04.476564-04:00
66-1004-DAI,"Naturli Vegan Block, Organic 200g",Naturli,"Dairy, eggs & chilled",Dairy & eggs,"Butter, spreads & pastry",,£2.00,,,£10.00 / kg,7950220.0,Fat spread 75%,,https://assets.sainsburys-groceries.co.uk/gol/7950220/1/640x640.jpg,"Nutrient	per 100g:
Energy	2784kJ/ 665kcal
Fat	75g
of which saturates	39g
Carbohydrate	<0,5g
of which sugars	<0,5g
Protein	<0,5g
Salt	1,2g","Shea Butter Oil* (43%), Water, Coconut Oil* (21%), Rapeseed Oil* (11%), Salt, Almond* (1%), Carrot Juice*, Emulsifier (Lecithin*), Lemon Juice*, Natural Flavouring, *Organic",https://www.sainsburys.co.uk/gol-ui/product/naturli-vegan-block-organic-200g,,2024-08-20T15:58:17.245847-04:00
66-1005-DAI,Philadelphia Garlic & Herbs Soft Cheese 280g,Philadelphia,"Dairy, eggs & chilled",Dairy & eggs,Cheese,,£3.25,,,£11.61 / kg,8115488.0,Medium fat soft cheese with garlic and herbs.,,https://assets.sainsburys-groceries.co.uk/gol/8115488/1/640x640.jpg,,"Medium Fat Soft Cheese, Garlic (1%), Salt, Herbs, Stabilisers (Guar Gum, Carrageenan), Acid (Citric Acid)",https://www.sainsburys.co.uk/gol-ui/product/philadelphia-garlic-herbs-soft-cheese-280g,,2024-08-20T15:58:30.579125-04:00
66-1006-DAI,Stamford Street Co. Soft Spread 500g,Stamford,"Dairy, eggs & chilled",Dairy & eggs,"Butter, spreads & pastry",,95p,,,£1.90 / kg,8148544.0,Vegetable fat spread (42%),,https://assets.sainsburys-groceries.co.uk/gol/8148544/1/640x640.jpg,"Nutrient	per 100g:	Per 2 Teaspoons:		per 100g:	Per 2 Teaspoons:
Energy	1568kJ/ 381kcal	157kJ/ 38kcal
Fat	42.1g	4.2g
of which saturates	11.0g	1.1g
mono-unsaturates	21.3g	2.1g
polyunsaturates	8.0g	0.8g
Carbohydrate	<0.5g	<0.5g
of which sugars	<0.5g	<0.5g
Fibre	<0.5g	<0.5g
Protein	<0.5g	<0.5g
Salt	1.06g	0.11g
Vitamin A	800µg (100% NRV)	80.0µg (10% NRV)
Vitamin D	7.5µg (150% NRV)	0.75µg (15% NRV)","Water, Palm Oil, Rapeseed Oil, Salt (1%), Acidity Regulator: Citric Acid, Colour: Carotenes, Flavouring, Vitamin A, Vitamin D",https://www.sainsburys.co.uk/gol-ui/product/stamford-street-co-soft-spread-500g,,2024-08-20T15:58:43.798005-04:00
66-1007-DAI,"Sainsbury's Jersey Milk, Taste the Difference 1L",Sainsbury's,Drinks,Dairy & eggs,Milk,1L,£1.35,,,£1.35 / ltr,8105537.0,Unhomogenised pasteurised milk from Jersey Cows,,https://assets.sainsburys-groceries.co.uk/gol/8105537/1/640x640.jpg,,,https://www.sainsburys.co.uk/gol-ui/product/sainsburys-jersey-milk-tate-the-difference-1l,,2024-08-19T18:40:34.386524-04:00
66-1008-DAI,Müller Corner Originals Mississippi Mud Pie Strawberry & Chocolate Orange Balls Yogurt,Müller,"Dairy, eggs & chilled",Dairy & eggs,Special offers,,£4.00,,£2.50,54p / 100g,8171616.0,Strawberry flavour yogurt with plain chocolate and coated orange flavour cereal balls (8%) on the side x3 Toffee & coffee flavour yogurt with chocolate sauce underlayer (12%) & chocolate crumble (8%) on the side x3,,https://assets.sainsburys-groceries.co.uk/gol/8171616/1/640x640.jpg,"Nutrient	Per 100g		Per 100g		Per 100g		Per 100g
Energy	546kJ (129kcal)
Fat	3.9g
of which saturates	2.3g
Carbohydrate	18.0g
of which sugars	16.2g
Protein	4.9g
Salt	0.2g
Calcium (22% of NRV per pot)	143mg
Energy	569kJ (135kcal)
Fat	3.0g
of which saturates	1.7g
Carbohydrate	21.8g
of which sugars	16.8g
Protein	4.5g
Salt	0.21g
Calcium (17% of NRV per pot)	110mg","Yogurt (Milk), Sugar, Water, Wholemeal Wheat Flour (Gluten), Cocoa Mass, Cocoa Butter, Whole Milk Powder, Modified Maize Starch, Rice Flour, Sweet Whey Powder (Milk), Flavourings, Emulsifier: Soya Lecithin, Stabiliser: Pectins, Colours: Carmines, Paprika Extract, Natural Orange Flavouring, Salt, Acidity Regulator: Citric Acid, Glazing Agent: Acacia Gum, Glucose Syrup, Coconut Oil",https://www.sainsburys.co.uk/gol-ui/product/m%C3%BCller-corner-originals-mississippi-mud-pie-strawberry-chocolate-orange-balls-yogurt,,2024-08-20T15:58:52.496613-04:00
66-1009-DAI,Starbucks Caffé Latte Flavoured Milk Iced Coffee 220ml,Starbucks,Drinks,Dairy & eggs,Milk,220ML,£2.20,,£1.00,£1.00 / 100ml,7260789.0,Milk drink with Starbucks® Arabica coffee. UHT.,,https://assets.sainsburys-groceries.co.uk/gol/7260789/1/640x640.jpg,"Nutrient	per 100 ml:
Energy:	301kJ/ 72kcal
Fat:	2.6g
of which saturates:	1.7g
Carbohydrate:	8.9g
of which sugars:	8.5g
Protein:	2.8g
Salt:	0.08g","3.1% Fat Milk (75%), Starbucks® Arabica Coffee (Water, Coffee Extract) (19.2%), Sugar (4.7%), Chicory Inulin, Natural Coffee Flavouring, Acidity Regulator (Potassium Carbonate), Emulsifiers (Mono- and Diglycerides of Fatty Acids of Vegetable Origin), Stabilisers (Carrageenan, Guar Gum)",https://www.sainsburys.co.uk/gol-ui/product/starbucks-seattle-latte-220ml,,2024-08-19T18:42:38.626198-04:00
66-1010-DAI,"Sainsbury's Extra Thick Jersey Double Cream, Taste the Difference 284ml",Sainsbury's,"Dairy, eggs & chilled",Dairy & eggs,Cream,284ML,£2.50,,,88p / 100ml,6459294.0,Extra Thick Jersey Double Cream pasteurised,,https://assets.sainsburys-groceries.co.uk/gol/6459294/1/640x640.jpg,,,https://www.sainsburys.co.uk/gol-ui/product/sainsburys-jersey-double-cream--taste-the-difference-284ml,,2024-08-20T15:59:14.059830-04:00
66-1011-DAI,Flora Plant Butter Spreadable Butter Alternative 400g,Flora,"Dairy, eggs & chilled",Dairy & eggs,"Butter, spreads & pastry",,£3.00,,,£7.50 / kg,8190328.0,Plant-Based Fat Spread 79%,,https://assets.sainsburys-groceries.co.uk/gol/8190328/1/640x640.jpg,"Nutrient	Per 100g
Energy	2931kJ/ 713kcal
Fat	79g
- of which saturates	32g
Carbohydrate	0.5g
- of which sugars	0.5g
Protein	<0.5g
Salt	1.1g","Plant Oils (Rapeseed, Coconut, Sunflower, in varying proportions), Water, Sea Salt (1,1%), Faba Bean Preparation, Emulsifier (Sunflower Lecithin), Natural Flavourings, Colour (Carotene)",https://www.sainsburys.co.uk/gol-ui/product/flora-plant-butter-spreadable-butter-alternative-400g,,2024-08-20T15:59:27.374581-04:00
66-1012-DAI,Yakult Plus 8x65ml,Yakult,"Dairy, eggs & chilled",Dairy & eggs,Yogurts,65ML,£3.75,8 for £3.75,,72p / 100ml,8149917.0,"Fermented skimmed milk drink with L. casei Shirota bacteria, vitamin C and fibre. With sugars and sweeteners.",,https://assets.sainsburys-groceries.co.uk/gol/8149917/1/640x640.jpg,"Nutrient	per 100 ml	per bottle 65 ml		per 100 ml	per bottle 65 ml
Energy	193 kJ / 46 kcal	125 kJ / 30 kcal
Fat	0 g	0 g
of which saturates	0 g	0 g
Carbohydrate	10.5 g	6.8 g
of which sugars	4.2 g	2.7 g
Dietary fibre	3.2 g	2.1 g
Protein	1.3 g	0.8 g
Salt	0.04 g	0.03 g
Vitamin C	37 mg (46%****)	24 mg (30%****)","Water, Skimmed Milk (Reconstituted), Sweetener: Maltitol Syrup, Dextrin, Glucose-Fructose Syrup, Flavourings, Vitamin C, Sweetener: Steviol Glycosides From Stevia, Contains L. Casei Shirota Bacteria",https://www.sainsburys.co.uk/gol-ui/product/yakult-plus-8x65ml,8x65ml,2024-08-20T15:59:40.281844-04:00
66-1013-DAI,Flora Plant Butter Spreadable Alternative Paper Tub 215g,Flora,"Dairy, eggs & chilled",Dairy & eggs,"Butter, spreads & pastry",,£1.95,,£1.25,£9.07 / kg,8190510.0,Rich and creamy alternative to dairy butter.,,https://assets.sainsburys-groceries.co.uk/gol/8190510/1/640x640.jpg,"Nutrient	Per 100 g
Energy	2931 kJ/ 713 kcal
Fat	79 g
of which saturates	32 g
Carbohydrate	0,5 g
of which sugars	0,5 g
Protein	<0,5 g
Salt	1,1 g
Climate impact (kg CO2-eq per 100g)	0,50","Plant Oils (Rapeseed, Coconut, Sunflower, in varying proportions), Water, Sea Salt (1.1%), Faba Bean Preparation, Emulsifier (Sunflower Lecithin), Natural Flavour, Colour (Carotene)",https://www.sainsburys.co.uk/gol-ui/product/flora-plant-butter-spreadable-butter-alternative-215g,,2024-08-20T15:59:48.358295-04:00
66-1014-DAI,Bonne Maman Blackcurrant Mousse 2x70g,Bonne,"Dairy, eggs & chilled",Dairy & eggs,Yogurts,,£2.20,2 for £2.20,,£1.57 / 100g,7964825.0,Blackcurrant mousse.,,https://assets.sainsburys-groceries.co.uk/gol/7964825/1/640x640.jpg,"Nutrient	per 100g
Energy	698 kJ/ 166 kcal
Fat	7.6 g
of which saturates	4.7 g
Carbohydrates	20.8 g
of which sugars	19.3 g
Fibre	2.0 g
Protein	2.6 g
Salt	0.08 g","Blackcurrant (30%) (Blackcurrant 15% and Blackcurrant Purée 15%), Yoghurt (26%) (Milk), Cream (18%) (Milk), Sugar, Cornflour, Pork Gelatine, Concentrated Lemon Juice",https://www.sainsburys.co.uk/gol-ui/product/bonne-maman-blackcurrant-mousse-2-x-70g,2x70g,2024-08-20T16:00:01.898076-04:00
66-1015-DAI,"Sainsbury's Parmigiano Reggiano Cheese, SO Organic 200g",Sainsbury's,"Dairy, eggs & chilled",Dairy & eggs,Cheese,,£4.10,,,£20.50 / kg,6923999.0,Organic Parmigiano Reggiano DOP Medium Fat Hard Cheese,,https://assets.sainsburys-groceries.co.uk/gol/6923999/1/640x640.jpg,,,https://www.sainsburys.co.uk/gol-ui/product/sainsburys-parmigiano-reggiano--so-organic-200g,,2024-08-20T16:00:23.435869-04:00
66-1016-DAI,Violife Greek White Block Vegan Alternative to Cheese 230g,Violife,"Dairy, eggs & chilled",Dairy & eggs,Cheese,,£3.00,,£2.50,£13.04 / kg,8114922.0,Food Preparation with Coconut Oil.,100 g,https://assets.sainsburys-groceries.co.uk/gol/8114922/1/640x640.jpg,"Nutrient	Per 100g	Per Serving (30g)***	%RI* Per Serving***		Per 100g	Per Serving (30g)***	%RI* Per Serving***
Energy	1260kJ/ 305kcal (15% of RI*)	378kJ/ 92kcal	5%
Fat	29g	8.7g	12%
-Of Which Saturates	26g	7.8g	39%
Carbohydrates	11g	3.3g	1%
-Of Which Sugars	0g	0g	0%
Protein	0g	0g	0%
Salt	1.7g	0.5g	8%
Vitamins	-	-	%NRV**
Vitamin B12	2.5µg (100% of NRV**)	0.75µg	30%","Water, Coconut Oil (29%), Starch, Sea Salt, Acidity Regulator: Glucono Delta Lactone, Flavourings, Olive Extract, Vitamin B12",https://www.sainsburys.co.uk/gol-ui/product/violife-greek-white-block-vegan-alternative-to-cheese-230g,,2024-08-20T16:00:31.335387-04:00
66-1017-DAI,Alpro Soya Vanilla Long Life Drink 1L,Alpro,Drinks,Dairy & eggs,Dairy free,1L,£1.90,,,£1.90 / ltr,3726655.0,"Soya drink, vanilla flavour, with added calcium and vitamins.",,https://assets.sainsburys-groceries.co.uk/gol/3726655/1/640x640.jpg,"Nutrient	per 100 ml		per 100 ml
Energy	240 kJ / 57 kcal
Fat	1.8 g
of which Saturates	0.3 g
Carbohydrate	6.7 g
of which Sugars	6.7 g
Fibre	0.5 g
Protein	3.0 g
Salt	0.14 g
D	0.75 µg*
B12	0.38 µg*
Riboflavin (B2)	0.21 mg*
Calcium	120 mg*","Soya Base [Water, Hulled Soya Beans (7.8%)), Sugar, Calcium (Calcium Carbonate), Flavourings, Sea Salt, Acidity Regulator (Potassium Phosphates), Carrot Extract, Stabiliser (Gellan Gum), Vitamins (B2, B12, D2)",https://www.sainsburys.co.uk/gol-ui/product/alpro-long-life-soya-milk-alternative--vanilla-1l,,2024-08-19T18:42:05.522927-04:00
66-1018-DAI,Pizza Express Ready to Roll Pizza Dough 400g,Pizza,"Dairy, eggs & chilled",Bakery essentials,,,£2.40,,,£6.00 / kg,8079113.0,Pizza dough made with extra virgin olive oil.,,https://assets.sainsburys-groceries.co.uk/gol/8079113/1/640x640.jpg,,"Wheat Flour (Wheat Flour, Calcium Carbonate Iron, Niacin, Thiamin), Water, Ethanol, Extra Virgin Olive Oil (2%), Raising Agents (Calcium Phosphates, Sodium Hydrogen Carbonate, Diphosphates), Sugar, Salt, Deactivated Yeast, Preservative (Potassium Sorbate)",https://www.sainsburys.co.uk/gol-ui/product/pizza-express-ready-to-roll-pizza-dough-400g,,2024-08-20T16:00:44.288367-04:00
66-1019-DAI,Stamford Street Co. Low Fat Fruit Yogurts Peach & Strawberry 4x125g,Stamford,"Dairy, eggs & chilled",Dairy & eggs,Yogurts,,95p,4 for 95p,,19p / 100g,6280389.0,"Low fat fruit yogurts (2 peach, 2 strawberry)",,https://assets.sainsburys-groceries.co.uk/gol/6280389/1/640x640.jpg,,,https://www.sainsburys.co.uk/gol-ui/product/mary-anns-dairy-low-fat-fruit-yogurts-peach-and-strawberry-4x125g,4x125g,2024-08-20T16:01:06.034748-04:00
66-1020-DAI,Sainsbury's Free From Grated Cheddar Style 200g,Sainsbury's,"Dairy, eggs & chilled",Dairy & eggs,Cheese,,£2.60,,,£13.00 / kg,7800587.0,"A blend of coconut oil and starches, fortified with calcium",,https://assets.sainsburys-groceries.co.uk/gol/7800587/1/640x640.jpg,,,https://www.sainsburys.co.uk/gol-ui/product/sainsburys-deliciously-freefrom-grated-cheddar-style-dairy-free-cheese-200g,,2024-08-20T16:01:27.310570-04:00
66-1021-DAI,Dairylea Dunkers Breadsticks Cheese Snack 3x43g,Dairylea,"Dairy, eggs & chilled",Dairy & eggs,Cheese,,£2.25,3 for £2.25,,£17.44 / kg,8201403.0,"Cheese dip (7 % fat) and white breadsticks (29%) with added wheat dextrin, wheat germ and calcium.",,https://assets.sainsburys-groceries.co.uk/gol/8201403/1/640x640.jpg,,"Dairylea Cheese Dip: Skimmed Milk (Water, Skimmed Milk Powder), Cheese, Concentrated Whey (from Milk), Inulin, Milk Protein, Milk Fat, Emulsifying Salt (Polyphosphates), Modified Starch, Calcium Phosphate, Acidity Regulator (Lactic Acid), White Breadsticks: Wheat Flour, Coconut Oil, Wheat Dextrin (2.9 %), Barley Malt Extract, Yeast, Wheat Germ (1%), Salt",https://www.sainsburys.co.uk/gol-ui/product/dairylea-dunkers-bread-sticks-3x43g,3x43g,2024-08-20T16:01:40.455164-04:00
66-1022-DAI,Sainsbury's White Cheshire Cheese 250g,Sainsbury's,"Dairy, eggs & chilled",Dairy & eggs,Cheese,,£2.80,,,£11.20 / kg,7299646.0,White Cheshire Cheese,,https://assets.sainsburys-groceries.co.uk/gol/7299646/1/640x640.jpg,,,https://www.sainsburys.co.uk/gol-ui/product/sainsburys-white-cheshire-250g,,2024-08-20T16:02:02.194888-04:00
66-1023-DAI,Arla Protein Salted Caramel Flavour Pudding 200g,Arla,"Dairy, eggs & chilled",Dairy & eggs,Yogurts,,£1.75,,,88p / 100g,8144573.0,Lactose Free Salted Caramel Flavour. UHT Dairy Dessert with sweeteners.,,https://assets.sainsburys-groceries.co.uk/gol/8144573/1/640x640.jpg,"Nutrient	PER 100 G		PER 100 G
Energy	304 kJ / 72 kcal
Fat	1,5 g
of which saturates	0,9 g
Carbohydrates	7,4 g
of which sugars	4,4 g
Protein	10 g
Salt	0,25 g
Calcium	208 mg (26%²)
Magnesium	28,2 mg (7,5%²)
Vitamin D	1,05 µg (21%²)","Milk (87%), Milk Protein, Sweeteners (Erythritol, Steviol Glycosides from Stevia), Stabilisers (Carrageenan, Guar Gum), Natural Flavourings, Lactase Enzyme, Branched Chain Amino Acids (Leucine, Isoleucine, Valine), Acidity Regulator (Trisodium Citrate Dihydrate), Magnesium Carbonate, Salt, Vitamin D3, Lactose Content <0,01g/100g",https://www.sainsburys.co.uk/gol-ui/product/arla-protein-salted-caramel-flavour-pudding-200g,,2024-08-20T16:02:15.468956-04:00
66-1024-DAI,Huel Chocolate Flavour Ready-to-Drink Complete Meal 500ml,Huel,Drinks,Dairy & eggs,Milk,500ML,£3.50,,,70p / 100ml,7984299.0,Chocolate flavour nutritionally complete drink with sweetener,,https://assets.sainsburys-groceries.co.uk/gol/7984299/1/640x640.jpg,,"Water, Pea Protein, Tapioca Starch, Gluten-Free Oat Flour, Rapeseed Oil, Cocoa Powder (1.5%), Ground Flaxseed, Medium-Chain Triglyceride Powder(from Coconut), Chicory Root Fibre, Micronutrient Blend*, Natural Flavourings, Brown Rice Flour, Emulsifier: Sunflower Lecithin, Sea Salt, Thickener: Gellan Gum, Sweetener: Sucralose, Flavouring, *Micronutrient Blend: Potassium Citrate, Potassium Chloride, Calcium Carbonate, Vitamin C (as L-Ascorbic Acid), Magnesium Phosphate, L-Choline Bitartrate, Vitamin E (as D-Alpha Tocopheryl Acetate), Niacin (as Niacinamide), Vitamin K2 (as Menaquinone-7), Vitamin A (as Retinyl Acetate), Vitamin D2 (Ergocalciferol), Pantothenic Acid (as Calcium D-Pantothenate), Vitamin B6 (as Pyridoxine Hydrochloride), Riboflavin, Thiamine Mononitrate, Potassium Iodide, Vitamin B12 (as Cyanocobalamin), D-Biotin, Selenium Yeast, Copper Gluconate, Zinc Oxide, Calcium L-Methylfolate, Chromium Picolinate",https://www.sainsburys.co.uk/gol-ui/product/huel-chocolate-flavour-ready-to-drink-complete-meal-500ml,,2024-08-19T18:41:30.056095-04:00
66-1025-DAI,Pie d'Angloys Cheese 200g,Pie,"Dairy, eggs & chilled",Dairy & eggs,Cheese,,£2.90,,,£14.50 / kg,3053508.0,,,https://assets.sainsburys-groceries.co.uk/gol/3053508/1/640x640.jpg,"Nutrient	per: 100 g	per: 30 g		per: 100 g	per: 30 g
Energy	1345 kJ / 325 kcal	404 kJ / 98 kcal
Fat	29 g	8,7 g
of which saturates	21 g	6,3 g
Carbohydrate	<0,5 g	<0,2 g
of which sugars	<0,5 g	<0,2 g
Protein	16 g	4,8 g
Salt	1,3 g	0,39 g
Calcium (RI*)	300 mg (38%)	90 mg (11%)",,https://www.sainsburys.co.uk/gol-ui/product/coeur-de-lion-pie-dangloys-cheese-200g,,2024-08-20T16:02:42.351516-04:00
66-1026-DAI,Flora Plant Butter Unsalted Block 200g,Flora,"Dairy, eggs & chilled",Dairy & eggs,"Butter, spreads & pastry",,£1.65,,,£8.25 / kg,8190323.0,Plant-based fat spread 79%.,,https://assets.sainsburys-groceries.co.uk/gol/8190323/1/640x640.jpg,"Nutrient	Per 100 G
Energy	2932 kJ / 713 kcal
Fat	79g
of which saturates	45g
Carbohydrate	0,5g
of which sugars	0,5g
Protein	<0,5g
Salt	0g","Plant Oils (Sunflower, Rapeseed in varying proportions), Coconut Oil, Water, FABA Bean Preparation, Emulsifier (Sunflower Lecithin), Natural Flavouring, Colour (Carotenes)",https://www.sainsburys.co.uk/gol-ui/product/flora-plant-butter-unsalted-block-200g,,2024-08-20T16:02:55.862206-04:00
66-1027-DAI,"Sainsbury's Roquefort Blue Cheese, Taste the Difference 100g",Sainsbury's,"Dairy, eggs & chilled",Dairy & eggs,Cheese,,£2.60,,,£26.00 / kg,7908039.0,Unpasteurised blue cheese made from raw sheep's milk AOP,,https://assets.sainsburys-groceries.co.uk/gol/7908039/1/640x640.jpg,,,https://www.sainsburys.co.uk/gol-ui/product/sainsburys-roquefort-cheese-taste-the-difference-100g,,2024-08-20T16:03:17.469988-04:00
66-1028-DAI,Arla Skyr Strawberry Icelandic Style Yogurt 150g,Arla,"Dairy, eggs & chilled",Dairy & eggs,Yogurts,,£1.00,,,67p / 100g,7749484.0,Fat Free Icelandic Style Strained Yogurt with Strawberry,,https://assets.sainsburys-groceries.co.uk/gol/7749484/1/640x640.jpg,"Nutrient	Per 100g	Per 150g Pot
Energy (kJ)	313	469
Energy (kcal)	74	111
Fat (g)	<0.5	<0.5
of which saturates (g)	<0.1	0.1
Carbohydrates (g)	7.7	11.5
of which sugars (g)	7.2	10.7
Fibre (g)	0.2	0.2
Protein (g)	9.5	14.3
Salt (g)	0.13	0.19","Skyr Yogurt (Skimmed Milk) (86%), Strawberries (7%), Sugar, Maize Starch, Lemon Juice from Concentrate, Natural Flavouring",https://www.sainsburys.co.uk/gol-ui/product/arla-skyr-icelandic-style-yogurt--strawberry-150g,,2024-08-20T16:03:30.690425-04:00
66-1029-DAI,Castello Danish Blue Cheese 150g,Castello,"Dairy, eggs & chilled",Dairy & eggs,Cheese,,£2.80,,,£18.67 / kg,3611975.0,Full fat blue veined cheese.,,https://assets.sainsburys-groceries.co.uk/gol/3611975/1/640x640.jpg,"Nutrient	per 100 g
Energy	1415 kJ/ 341 kcal
Fat	29 g
of which saturates	18 g
Carbohydrate	<0.5 g
of which sugars	<0.5 g
Protein	20 g
Salt	3.3 g",,https://www.sainsburys.co.uk/gol-ui/product/castello-danish-blue-cheese-150g,,2024-08-20T16:03:52.344077-04:00
66-1030-DAI,Yeo Valley Greek Recipe 0% Strain Natural Yogurt 450g,Yeo,"Dairy, eggs & chilled",Dairy & eggs,Special offers,,£3.00,,£2.00,67p / 100g,8027211.0,Fat Free Strained Natural Yogurt,,https://assets.sainsburys-groceries.co.uk/gol/8027211/1/640x640.jpg,"Nutrient	Per 100g		Per 100g
Energy	241kJ/ 57kcal
Fat	<0.5g
of which saturates	0.3g
Carbohydrate	3.5g
of which sugars	3.5g
Protein	10.0g
Salt*	0.10g
Calcium	131mg†",,https://www.sainsburys.co.uk/gol-ui/product/yeo-valley-super-thick-0-natural-yoghurt-450g,,2024-08-20T16:04:09.512436-04:00
66-1031-DAI,Biotiful Gut Health Kefir Yogurt Original 350g,Biotiful,"Dairy, eggs & chilled",Dairy & eggs,Yogurts,,£2.00,,,57p / 100g,8169436.0,Gut-health kefir yogurt,,https://assets.sainsburys-groceries.co.uk/gol/8169436/1/640x640.jpg,"Nutrient	Per 100g	% of reference intake per 100g	1 serving (115g)		Per 100g	% of reference intake per 100g	1 serving (115g)
Energy, kcal (kJ)	72 (302)	-	82 (347)
Fat (g)	2.0	-	1.5
of which saturates (g)	1.3	-	8.5
Carbohydrates (g)	7.4	-	8.5
of which sugars*** (g)	4.8	-	5.5
Protein (g)	6.0	-	6.9
Salt (g)	0.20	-	0.23
Riboflavin B2 (mg)	0.30	21%	-
Vitamin B12 (µg)	0.45	18%	-
Calcium (mg)	200	25%	-
Phosphorus (mg)	161	23%	-","Pasteurised Cow's Milk Fermented with Live Kefir and Yogurt Cultures†, †Includes: Bifidobacterium, Streptococcus Thermophilus, Lactobacillus Bulgaricus, Lactobacillus Acidophilus",https://www.sainsburys.co.uk/gol-ui/product/biotiful-original-gut-health-kefir-yogurt-350g,,2024-08-20T16:04:23.078075-04:00
66-1032-DAI,Alpro Soya Chocolate Chilled Drink 1L,Alpro,"Dairy, eggs & chilled",Dairy & eggs,Dairy free,1L,£2.00,,,£2.00 / ltr,4216513.0,"Soya drink, chocolate flavour, with added calcium and vitamins, flash pasteurised.",,https://assets.sainsburys-groceries.co.uk/gol/4216513/1/640x640.jpg,"Nutrient	per 100 ml		per 100 ml
Energy	286 kJ / 68 kcal
Fat	2.1 g
of which Saturates	0.6 g
Carbohydrate	8.0 g
of which Sugars	6.4 g
Fibre	2.2 g
Protein	3.3 g
Salt	0.14 g
D2	0.75 µg*
Riboflavin (B2)	0.21 mg*
Calcium	120 mg*","Soya Base (89%) (Water, Hulled Soya Beans (7.4%)), Sugar, Cocoa* (2%), Chicory Root Fibre, Maltodextrin, Calcium (Tri-Calcium Phosphate), Sea Salt, Natural Flavourings, Stabiliser (Carrageenan), Vitamins B2, D2, *Rainforest Alliance Certified",https://www.sainsburys.co.uk/gol-ui/product/alpro-chilled-chocolate-soya-milk-alternative-drink-1l,,2024-08-20T16:04:36.423116-04:00
66-1033-DAI,The Coconut Collab Natural Coconut 750g,The,"Dairy, eggs & chilled",Dairy & eggs,Dairy free,,£4.75,,,63p / 100g,8194820.0,Cultured Coconut Dessert.,,https://assets.sainsburys-groceries.co.uk/gol/8194820/1/640x640.jpg,"Nutrient	per 100g:		per 100g:
Energy	506kJ/ 121kcal
Fat	9.8g
of which Saturates	8.8g
Carbohydrate	7.0g
of which Sugars	1.0g
Fibre	1.7g
Protein	0.90g
Salt	0.05g
Potassium	221mg (11%RI*)","Coconut Milk (68%) (Coconut Extract, Water), Coconut Water (27%), Corn Starch, Vegetable Fibre, Potato Starch, Stabiliser (Fruit Pectin), Cultures",https://www.sainsburys.co.uk/gol-ui/product/the-coconut-collab-natural-coconut-750g,,2024-08-20T16:04:49.834830-04:00
66-1034-DAI,"Sainsbury's Triple Belgian Chocolate Milk, Taste the Difference 750ml",Sainsbury's,"Dairy, eggs & chilled",Dairy & eggs,Milk,750ML,£2.10,,,28p / 100ml,8185106.0,High temperature pasteurised chocolate flavour whole milk drink with added sugar,,https://assets.sainsburys-groceries.co.uk/gol/8185106/1/640x640.jpg,,,https://www.sainsburys.co.uk/gol-ui/product/sainsburys-triple-belgian-chocolate-milk-taste-the-difference-750ml,,2024-08-20T16:05:11.229118-04:00
66-1035-DAI,Müller Frijj Chocolate Flavour Milkshake 330ml,Müller,Drinks,Dairy & eggs,Milk,330ML,£1.50,,£1.00,45p / 100ml,7895942.0,Ultra Heat Treated (UHT) long life chocolate flavour milkshake.,,https://assets.sainsburys-groceries.co.uk/gol/7895942/1/640x640.jpg,"Nutrient	Per 100ml		Per 100ml
Energy	317kJ / 75kcal
Fat	1.3g
of which saturates	0.9g
Carbohydrate	11.9g
of which sugars	11.4g
Protein	3.7g
Salt	0.11g
Calcium	124mg (15% NRV)
Vitamin B12	0.3µg (12% NRV)","Skimmed Milk (59%), Whole Milk (29%), Sugar Syrup, Buttermilk Powder, Cocoa Powder, Modified Maize Starch, Fructose, Stabilisers: Cellulose, Cellulose Gum, Carrageenan, Flavourings, Salt",https://www.sainsburys.co.uk/gol-ui/product/frijj-chocolate-flavoured-milk-400ml,,2024-08-19T18:41:08.860775-04:00
66-1036-DAI,"Sainsbury's French Goats Cheese, Mild 150g",Sainsbury's,"Dairy, eggs & chilled",Dairy & eggs,Cheese,,£2.45,,,£16.33 / kg,371339.0,Medium fat soft goats' cheese,,https://assets.sainsburys-groceries.co.uk/gol/371339/1/640x640.jpg,,,https://www.sainsburys.co.uk/gol-ui/product/sainsburys-french-goats-cheese--mild-150g,,2024-08-20T16:05:32.967326-04:00
66-1037-DAI,Emmi Caffe Latte Cappuccino Iced Coffee 230ml,Emmi,Drinks,Dairy & eggs,Milk,230ML,£1.85,,,80p / 100ml,6465226.0,Pasteurised iced coffee with cocoa.,,https://assets.sainsburys-groceries.co.uk/gol/6465226/1/640x640.jpg,"Nutrient	Per 100 ml	Per 230 ml	% RI / 230ml**	Adult RI		Per 100 ml	Per 230 ml	% RI / 230ml**	Adult RI
Energy	254 kJ (60 kcal)	584 kJ (138 kcal)	7%	2000 kcal
Fat	1.2 g	2.8 g	4%	70 g
of which saturates	0.7 g	1.6 g	8%	20 g
Carbohydrate	9.2 g	21.2 g	8%	260 g
of which sugars	8.8 g	20.2 g	22%	90 g
Protein	2.9 g	6.7 g	13%	50 g
Salt	0.08 g	0.18 g	3%	6 g
Calcium	99 mg	228 mg	29% NRV***	800 mg NRV***","Semi-Skimmed Milk 80% (1.5% Fat), Brewed Arabica Coffee* 15%, Sugar, Cocoa Powder* 0.2%, *Rainforest Alliance Certified",https://www.sainsburys.co.uk/gol-ui/product/emmi-cappuccino-caffe-latte-iced-coffee-230ml,,2024-08-19T18:40:05.201365-04:00
66-1038-DAI,Yeo Valley Greek Recipe 0% Strain Natural Yogurt 850g,Yeo,"Dairy, eggs & chilled",Dairy & eggs,Yogurts,,£4.25,,,50p / 100g,8027200.0,Fat Free Strained Natural Yogurt,,https://assets.sainsburys-groceries.co.uk/gol/8027200/1/640x640.jpg,"Nutrient	Per 100g		Per 100g
Energy	241kJ/ 57kcal
Fat	<0.5g
of which saturates	0.3g
Carbohydrate	3.5g
of which sugars	3.5g
Protein	10.0g
Salt*	0.10g
Chloride	131mg†",This Yogurt contains only Milk's naturally occurring Sugar (Lactose),https://www.sainsburys.co.uk/gol-ui/product/yeo-valley-super-thick-0-natural-yoghurt-850g,,2024-08-20T16:05:46.587822-04:00
66-1039-DAI,Cathedral City Red Leicester Cheese 300g,Cathedral,"Dairy, eggs & chilled",Dairy & eggs,Cheese,,£3.50,,,£11.67 / kg,8168716.0,Red Leicester Cheese.,30 g,https://assets.sainsburys-groceries.co.uk/gol/8168716/1/640x640.jpg,"Nutrient	per 100g	per 30g serving		per 100g	per 30g serving
Energy	1759kJ / 424kcal	528kJ / 127kcal
Fat	35.5g	10.7g
(of which saturates)	23.7g	7.1g
Carbohydrate	2.2g	0.7g
(of which sugars)	0.1g	0g
Protein	24g	7.2g
Salt	1.86g	0.6g
Calcium	723mg (90% RI)	217mg (27% RI)","Red Leicester Cheese (Milk), Colour: Annatto Norbixin",https://www.sainsburys.co.uk/gol-ui/product/cathedral-city-our-red-leicester-300g,,2024-08-20T16:05:59.936144-04:00
66-1040-DAI,Arla Protein Hazelnut Latte Flavour Pudding 200g,Arla,"Dairy, eggs & chilled",Dairy & eggs,Yogurts,,£1.75,,,88p / 100g,8144575.0,Lactose Free Hazelnut and Coffee Flavour. UHT Dairy Dessert With Sweeteners.,,https://assets.sainsburys-groceries.co.uk/gol/8144575/1/640x640.jpg,"Nutrient	Per 100 G		Per 100 G
Energy	311 kj / 74 kcal
Fat	1,5 g
of which saturates	1 g
Carbohydrates	7,9 g
of which sugars	4,7 g
Protein	10 g
Salt	0,18 g
Dietary fibre	0,3 g
Calcium	200 mg (25%**)
Magnesium	28,2 mg (7,5%**)
Vitamin D	1,5 µg (30%**)","Milk 87%, Milk Protein, Sweeteners (Erythritol, Steviol Glycosides From Stevia), Stabilisers (Carrageenan, Guar Gum), Natural Flavourings, Lactase Enzyme, Branched Chain Amino Acids (Leucine, Isoleucine, Valine), Magnesium Carbonate, Acidity Regulators (E450, E451), Vitamin D3, Lactose Content <0,01g/100g",https://www.sainsburys.co.uk/gol-ui/product/arla-protein-hazelnut-latte-flavour-pudding-200g,,2024-08-20T16:06:12.964770-04:00
66-1041-DAI,"Sainsbury's Blue Stilton Cheese Burger Melts, Summer Edition 100g",Sainsbury's,"Dairy, eggs & chilled",Dairy & eggs,Cheese,,£1.75,,,£17.50 / kg,8110620.0,Blue Stilton® cheese,,https://assets.sainsburys-groceries.co.uk/gol/8110620/1/640x640.jpg,,,https://www.sainsburys.co.uk/gol-ui/product/sainsburys-blue-stilton-burger-melts-summer-edition-100g,,2024-08-20T16:06:35.302828-04:00
66-1042-DAI,Cathedral City Plant Based Dairy Free Extra Mature Block Vegan Cheese 280g,Cathedral,"Dairy, eggs & chilled",Dairy & eggs,Cheese,,£3.60,,,£12.86 / kg,8168729.0,Dairy Free Alternative to Cheese with Added Calcium.,30 g,https://assets.sainsburys-groceries.co.uk/gol/8168729/1/640x640.jpg,"Nutrient	per 100g	per 30g serving		per 100g	per 30g serving
Energy	1437kJ / 346kcal	431kJ / 104kcal
Fat	25.9g	7.8g
(of which saturates)	22.5g	6.8g
Carbohydrate	26.6g	8g
(of which sugars)	1g	0.3g
Fibre	2.6g	0.8g
Protein	0.3g	0.1g
Salt	2.5g	0.7g
Calcium	133mg (17% RI)	39.9mg (5% RI)","Rice Base (Water, Dried Rice Syrup), Coconut Oil, Modified Potato Starch, Potato Starch, Bamboo Fibre, Sea Salt, Flavourings, Calcium, Acid (Lactic Acid), Gelling Agent (Agar), Colour (Carotenes)",https://www.sainsburys.co.uk/gol-ui/product/cathedral-city-extra-mature-cheddar-flavour-280g,,2024-08-20T16:06:48.538960-04:00
66-1043-DAI,Actimel Plus Cherry & Elderberry Twist 8x100g,Actimel,Drinks,Dairy & eggs,Yogurts,,£3.85,8 for £3.85,,48p / 100g,8166156.0,"Yogurt drink with L. casei Danone cultures, vitamins D, B6 and B12, cherry and elderberry.",,https://assets.sainsburys-groceries.co.uk/gol/8166156/1/640x640.jpg,"Nutrient	Per 100g	% RI*		Per 100g	% RI*
Energy	310 kJ / 73 kcal	4
Fat	1.4 g	2
of which saturates	1.0 g	5
Carbohydrate	11 g	4
of which sugars	11 g	12
Fibre	1.0 g	-
Protein	2.9 g	6
Salt	0.10 g	2
Calcium	120 mg	15
Vitamin D	5 µg	100
Vitamin B6	0.21 mg	15
Vitamin B12	0.38 µg	15","Yogurt (Milk), Skimmed Milk, Sugar / Liquid Sugar, Oligofructose (Fibre), Sour Cherry Purée from Concentrate (1.1%), Elderberry Purée from Concentrate (0.9%), Dextrose, Modified Starch, Milk Minerals, Natural Flavourings, Lemon Juice Concentrate, Acidity Regulator (Sodium Citrate), Lactobacillus Casei (L. Casei Danone®), Vitamins (D, B6, B12)",https://www.sainsburys.co.uk/gol-ui/product/actimel-plus-cherry-elderberry-twist-8x100g,8x100g,2024-08-19T21:22:39.350025-04:00
66-1044-DAI,Müller Corner Skyr Nuts & Chocolate Balls Granola Yogurt 170g,Müller,"Dairy, eggs & chilled",Dairy & eggs,Special offers,,£1.50,,£1.00,88p / 100g,8035632.0,"Icelandic style full fat yogurt & Quark mix, with a muesli of cereals, almonds, hazelnuts and chocolate coated cereal balls (11%)",,https://assets.sainsburys-groceries.co.uk/gol/8035632/1/640x640.jpg,"Nutrient	Per 100g
Energy	628kJ (150kcal)
Fat	7.1g
of which saturates	3.1g
Carbohydrate	12.9g
of which sugars	10.0g
Protein	7.7g
Salt	0.15g","Yogurt (Milk) (47%), Quark (Milk) (37%), Sugar, Oat Flakes (Gluten), Glucose Powder, Roasted Almonds (2%), Roasted Hazelnuts (1.5%), Puffed Rice, Sunflower Oil, Cocoa Mass, Wheat, Cocoa Butter, Coconut Flakes, Wheat Germ, Maize, Dextrose, Rye, Honey, Salt, Barley, Barley Malt, Glucose, Fat Reduced Cocoa Powder, Natural Flavourings, Glazing Agent: Gum Arabic",https://www.sainsburys.co.uk/gol-ui/product/muller-corner-skyr-choc-balls-180g,,2024-08-20T16:06:57.132199-04:00
66-1045-DAI,Sainsbury's Sweetened Almond Drink 1L,Sainsbury's,Drinks,Dairy & eggs,Dairy free,1L,99p,,,99p / ltr,7825059.0,"UHT sweetened almond drink with added calcium and vitamins E, B2, B12 and D2",,https://assets.sainsburys-groceries.co.uk/gol/7825059/1/640x640.jpg,,,https://www.sainsburys.co.uk/gol-ui/product/sainsburys-almond-sweetened-milk-1l,,2024-08-19T18:43:37.683627-04:00
66-1046-DAI,"Sainsbury's Chipotle Chilli Cheddar Slices, Summer Edition 110g",Sainsbury's,"Dairy, eggs & chilled",Dairy & eggs,Cheese,,£1.50,,,£13.64 / kg,8182100.0,Cheddar cheese with chilli paste and chipotle chillies,,https://assets.sainsburys-groceries.co.uk/gol/8182100/1/640x640.jpg,,,https://www.sainsburys.co.uk/gol-ui/product/sainsburys-chipotle-chilli-cheddar-slices-110g,,2024-08-20T16:07:18.568080-04:00
66-1047-DAI,Stamford Street Co. Low Fat Mango & Passion Fruit Yogurt 450g,Stamford,"Dairy, eggs & chilled",Dairy & eggs,Yogurts,,95p,,,21p / 100g,8124900.0,Low fat mango and passion fruit yogurt,,https://assets.sainsburys-groceries.co.uk/gol/8124900/1/640x640.jpg,,,https://www.sainsburys.co.uk/gol-ui/product/sainsburys-mary-anns-mango-passionfruit-450g,,2024-08-20T16:07:40.206699-04:00
66-1048-DAI,Cravendale Filtered Fresh Whole Milk Fresher for Longer 3L,Cravendale,Drinks,Dairy & eggs,Milk,3L,£3.40,,£2.75,£1.13 / ltr,7862487.0,"Pasteurised, homogenised, standardised, whole, fresh filtered milk",,https://assets.sainsburys-groceries.co.uk/gol/7862487/1/640x640.jpg,"Nutrient	per 100ml		per 100ml
Energy	271kJ/ 65kcal
Fat	3.6g
of which saturates	2.3g
Carbohydrate	4.7g
of which sugars	4.7g
Protein	3.4g
Salt	0.1g
Phosphorous	99mg (14% RI†)
Riboflavin (Vit B2)	0.24mg (17% RI†)
Vitamin B12	0.9µg (36% RI†)
Potassium	162mg (8% RI†)
Calcium	124mg (15% RI†)
Iodine	32µg (21% RI†)",,https://www.sainsburys.co.uk/gol-ui/product/cravendale-whole-milk-3l,,2024-08-19T18:43:07.703384-04:00
66-1049-DAI,Bonne Maman Rhubarb Mousse 2x70g,Bonne,"Dairy, eggs & chilled",Dairy & eggs,Yogurts,,£2.20,2 for £2.20,,£1.57 / 100g,8016988.0,Rhubarb Mousse,,https://assets.sainsburys-groceries.co.uk/gol/8016988/1/640x640.jpg,"Nutrient	per 100g
Energy	717 kJ/ 171 kcal
Fat	7.6 g
of which saturates	4.7 g
Carbohydrates	22.8 g
of which sugars	21.0 g
Fibre	1.0 g
Protein	2.4 g
Salt	0.1 g","Rhubarb (28.5%), Yoghurt (26%) (Milk), Cream (18%) (Milk), Sugar, Cornflour, Concentrated Lemon Juice, Pork Gelatine",https://www.sainsburys.co.uk/gol-ui/product/bonne-maman-rhubarb-mousse-2x70g,2x70g,2024-08-20T16:07:53.226743-04:00
66-1050-DAI,Dairylea Lunchers Chicken & Cheese Snacks 68g,Dairylea,"Dairy, eggs & chilled",Dairy & eggs,Cheese,,£1.60,,,£23.43 / kg,8079196.0,Cheese food slices (38 %) with added vitamin D. Butter flavour wheat crackers. Cooked cured chicken breast slices (25 %) formed from chicken breast pieces with starch.,,https://assets.sainsburys-groceries.co.uk/gol/8079196/1/640x640.jpg,,"Cheese Food: Cheese (75 %), Skimmed Milk (Water, Skimmed Milk Powder), Emulsifying Salts (Sodium Citrates, Potassium Citrates), Milk Proteins, Butter, Skimmed Milk Powder, Whey Powder (from Milk), Vitamin D, Preservative (Sorbic Acid), Acidity Regulator (Citric Acid), Anti-Caking Agent (Sunflower Lecithins), Wheat Crackers: Wheat Flour (71 %), Sunflower Oil (8 %), Wheat Bran, Sugar, Butter, Glucose-Fructose Syrup, Raising Agents (Ammonium Carbonates, Sodium Carbonates), Whey Powder (from Milk), Wheat Germ, Potassium Chloride, Flavourings (contains Milk), Flour Treatment Agent (Sodium Metabisulphite), Cooked Formed Chicken: Chicken Breast (88 %), Starch, Acidity Regulators (Potassium Lactate, Sodium Acetates), Salt, Flavour Enhancer (Potassium Chloride), Stabiliser (Polyphosphates), Antioxidant (Sodium Ascorbate), Preservative (Sodium Nitrite)",https://www.sainsburys.co.uk/gol-ui/product/dairylea-lunchables-chicken-n-cheese-683g,,2024-08-20T16:08:06.416328-04:00
66-1051-DAI,Jarlsberg Original 190g,Jarlsberg,"Dairy, eggs & chilled",Dairy & eggs,Cheese,,£2.70,,,£14.21 / kg,8062686.0,Medium Fat Hard Cheese,,https://assets.sainsburys-groceries.co.uk/gol/8062686/1/640x640.jpg,"Nutrient	per 100g:		per 100g:
Energy	1512kJ / 364kcal
Fat	28g
(of which Saturates	18g)
Carbohydrates	0g
(of which Sugars	0g)
Protein	28g
Salt	1.2g
Calcium	780mg","Pasteurised Cow's Milk, Bacterial Cultures, Salt, Microbial Rennet",https://www.sainsburys.co.uk/gol-ui/product/jarlsberg-original-190g,,2024-08-20T16:08:19.387646-04:00
66-1052-DAI,Yeo Valley Organic Lemon Curd 4x110g,Yeo,"Dairy, eggs & chilled",Dairy & eggs,Special offers,,£2.50,4 for £2.50,£1.50,57p / 100g,8189677.0,4 Lemon Curd Yogurts,,https://assets.sainsburys-groceries.co.uk/gol/8189677/1/640x640.jpg,"Nutrient	Per 100g		Per 100g
Energy	483kJ / 115kcal
Fat	4.0g
of which saturates	2.5g
Carbohydrate	15.6g
of which sugars	14.2g
Protein	4.1g
Salt*	0.12g
Calcium	170mg†","Organic Whole Milk Yogurt, Organic Sugar (9%), Organic Pasteurised Egg**, Organic Double Cream (Milk), Organic Concentrated Lemon Juice (0.4%), Organic Unsalted Butter (Milk), Rice Starch, Organic Lemon Oil, **Produced to EU Standards",https://www.sainsburys.co.uk/gol-ui/product/yeo-valley-organic-lemon-curd-4x110g,4x110g,2024-08-20T16:08:27.876075-04:00
66-1053-DAI,The Coconut Collaborative Little Choc Pots 4x45g,The,"Dairy, eggs & chilled",Dairy & eggs,Dairy free,,£2.95,4 for £2.95,,£1.64 / 100g,7852048.0,Chocolate Coconut Ganache,,https://assets.sainsburys-groceries.co.uk/gol/7852048/1/640x640.jpg,,"Coconut Cream (32%) (Coconut Extract, Water), Water, Dark Chocolate (18%) (Cocoa Mass, Sugar, Emulsifier (Soya Lecithin), Natural Vanilla Flavouring), Sugar, Cocoa Powder (2%), Modified Corn Starch, Stabilisers (Carrageenan, Guar Gum), Modified Tapioca Starch, Salt, Emulsifier (Mono & Diglycerides of Fatty Acids), Natural Flavouring",https://www.sainsburys.co.uk/gol-ui/product/coconut-co-chocolate-pots-4x45g,4x45g,2024-08-20T16:08:41.442811-04:00
66-1054-DAI,Sainsbury's Mature British Cheddar Sticks 10x20g,Sainsbury's,"Dairy, eggs & chilled",Dairy & eggs,Cheese,,£2.32,10 for £2.32,,£11.60 / kg,8048408.0,10 Mature Cheddar cheese sticks.,,https://assets.sainsburys-groceries.co.uk/gol/8048408/1/640x640.jpg,,,https://www.sainsburys.co.uk/gol-ui/product/sainsburys-mature-british-cheddar-sticks-10x20g,10x20g,2024-08-20T16:09:02.419157-04:00
66-1055-DAI,Arctic Rainforest Alliance Arabica Bean Coffee Cafe Latte To Go 330ml,Arctic,Drinks,Dairy & eggs,Milk,330ML,£1.15,,,35p / 100ml,7862496.0,Café Latte Coffee Milk Drink High Temperature Pasteurised,,https://assets.sainsburys-groceries.co.uk/gol/7862496/1/640x640.jpg,"Nutrient	per 100ml
Energy	224kJ/ 53kcal
Fat	0.7g
of which saturates	0.5g
Carbohydrate	8.5g
of which sugars	7.9g
Protein	3.0g
Salt	0.21g","1% Fat Milk (75%), Coffee (Water, Coffee Powder*) (20%), Sugar, Caramelised Sugar Powder, Stabilisers (Cellulose, Cellulose Gum), Acidity Regulator: Sodium Phosphate, *Rainforest Alliance Certified",https://www.sainsburys.co.uk/gol-ui/product/arctic-fairtrade-arabica-bean-coffee-cafe-latte-to-go-330ml,,2024-08-19T18:42:31.224862-04:00
66-1056-DAI,Benecol Peach Yogurt 4x115g,Benecol,"Dairy, eggs & chilled",Dairy & eggs,Yogurts,,£4.00,4 for £4.00,,87p / 100g,8173223.0,Peach lactose free yogurt with added plant stanols and low in saturated fat,115 g,https://assets.sainsburys-groceries.co.uk/gol/8173223/1/640x640.jpg,"Nutrient	100 g	per 115 g serving
Energy	299 kJ/ 71 kcal	344 kJ/ 82 kcal
Fat	1.5 g	1.7 g
Saturated fat	0.3 g	0.3 g
Carbohydrates	10 g	12 g
of which sugars	8.9 g	10 g
Protein	3.8 g	4.4 g
Salt	0.11 g	0.13 g
Plant stanols	1.8 g	2.0 g
Lactose	<0.01 g	-","Lactose Free Yogurt 79% (Milk), Peach 7%, Sugar, Plant Stanol Ester (Plant Stanol 1,8% ), Modified Starch, Natural Flavours, Lemon Juice Concentrate, Colour (Betacarotene)",https://www.sainsburys.co.uk/gol-ui/product/benecol-peach-4x115g,4x115g,2024-08-20T16:09:16.513020-04:00
66-1057-DAI,Starbucks Caramel Macchiato Flavoured Milk Iced Coffee 220ml,Starbucks,Drinks,Dairy & eggs,Milk,220ML,£2.20,,£1.00,£1.00 / 100ml,7358062.0,Milk drink with Starbucks® Arabica coffee and caramel flavour. UHT.,,https://assets.sainsburys-groceries.co.uk/gol/7358062/1/640x640.jpg,"Nutrient	per 100 ml:
Energy:	261kJ/ 62kcal
Fat:	1,6g
of which saturates:	1,0g
Carbohydrate:	9,0g
of which sugars:	8,6g
Protein:	2,9g
Salt:	0,09g","1.8% Fat Milk (75%), Starbucks® Arabica Coffee (Water, Coffee Extract) (20%), Sugar (4.7%), Caramel Flavouring (contains Milk), Acidity Regulator (Potassium Carbonate), Emulsifiers (Mono- and Diglycerides of Fatty Acids of Vegetable Origin), Stabilisers (Carrageenan, Guar Gum)",https://www.sainsburys.co.uk/gol-ui/product/starbucks-discoveries-qandi-caramel-220ml,,2024-08-19T18:43:16.207346-04:00
66-1058-DAI,"Sainsbury's Cheddar & Truffle Burger Melts, Taste the Difference 100g",Sainsbury's,"Dairy, eggs & chilled",Dairy & eggs,Cheese,,£2.50,,£1.66,£25.00 / kg,8182371.0,Mature cheddar cheese blended with minced black summer truffle.,,https://assets.sainsburys-groceries.co.uk/gol/8182371/1/640x640.jpg,,,https://www.sainsburys.co.uk/gol-ui/product/sainsburys-cheddar-truffle-burger-melts-taste-the-difference-100g,,2024-08-20T16:09:33.052008-04:00
66-1059-DAI,Lurpak Slightly Salted Butter Box 180g,Lurpak,"Dairy, eggs & chilled",Dairy & eggs,"Butter, spreads & pastry",,£2.15,,,£11.94 / kg,8156809.0,Salted Butter.,,https://assets.sainsburys-groceries.co.uk/gol/8156809/1/640x640.jpg,"Nutrient	per 100 g:
Energy	3038 kJ/ 739 kcal
Fat	82 g
of which saturates	52 g
Carbohydrate	0,7 g
of which sugars	0,7 g
Protein	0,6 g
Salt	1,2 g","Butter (Milk), Lactic Culture (Milk), Salt, Minimum Fat content 80 %",https://www.sainsburys.co.uk/gol-ui/product/lurpak-butter-slightly-salted-180g,,2024-08-20T16:09:46.402898-04:00
66-1060-DAI,Alpro Soya Light Milk Long Life Dairy Alternative 1L,Alpro,Drinks,Dairy & eggs,Dairy free,1L,£2.00,,,£2.00 / ltr,6638272.0,Reduced fat soya drink with added calcium and vitamins.,,https://assets.sainsburys-groceries.co.uk/gol/6638272/1/640x640.jpg,"Nutrient	per 100 ml		per 100 ml
Energy	177 kJ / 28 kcal
Fat	1.2 g
of which Saturates	0.2 g
Carbohydrate	1.7 g
of which Sugars	1.5 g
Fibre	0.9 g
Protein	2.1 g
Salt	0.13 g
- D2	0.75 µg*
- B12	0.38 µg*
- Riboflavin (B2)	0.21 mg*
- Calcium	120 mg*","Soya Base [97%] [Water, Hulled Soya Beans [5.6%]], Soluble Corn Fibre, Fructose, Sugar, Calcium [Calcium Carbonate], Acidity Regulator [Potassium Phosphates], Sea Salt, Flavouring, Stabiliser [Gellan Gum], Natural Flavouring, Vitamins B2, B12, D2",https://www.sainsburys.co.uk/gol-ui/product/alpro-light-long-life-soya-milk-alternative-1l,,2024-08-19T18:42:51.601470-04:00
66-1061-DAI,"Sainsbury's Vintage Cheddar, SO Organic 270g",Sainsbury's,"Dairy, eggs & chilled",Dairy & eggs,Cheese,,£3.20,,,£11.85 / kg,7180946.0,Organic Vintage Cheddar,,https://assets.sainsburys-groceries.co.uk/gol/7180946/1/640x640.jpg,,,https://www.sainsburys.co.uk/gol-ui/product/sainsburys-vintage-cheddar--so-organic-270g,,2024-08-20T16:10:07.613366-04:00
66-1062-DAI,Actimel Plus Mango & Turmeric Twist 8x100g,Actimel,Drinks,Dairy & eggs,Yogurts,,£3.85,8 for £3.85,,48p / 100g,8168223.0,"Yogurt drink with L. casei Danone cultures, vitamins D, B6 and B12, mango and turmeric.",,https://assets.sainsburys-groceries.co.uk/gol/8168223/1/640x640.jpg,"Nutrient	Per 100g	% RI*		Per 100g	% RI*
Energy	310 kJ / 74 kcal	4
Fat	1.4 g	2
of which saturates	1.0 g	5
Carbohydrate	11 g	4
of which sugars	11 g	12
Fibre	1.0 g	-
Protein	2.8 g	6
Salt	0.10 g	2
Calcium	120 mg	15
Vitamin D	5 µg	100
Vitamin B6	0.21 mg	15
Vitamin B12	0.38 µg	15","Yogurt (Milk), Skimmed Milk, Sugar / Liquid Sugar, Mango Purée from Concentrate (2.3%), Oligofructose (Fibre), Dextrose, Modified Starch, Milk Minerals, Turmeric Extract (0.03%), Acidity Regulators (Citric Acid, Sodium Citrate), Natural Flavouring, Lactobacillus Casei (L. Casei Danone®), Vitamins (D, B6, B12)",https://www.sainsburys.co.uk/gol-ui/product/actimel-plus-mango-turmeric-twist-8x100g,8x100g,2024-08-19T21:23:06.073239-04:00
66-1063-DAI,Yeo Valley Organic Long Life Semi Skimmed Milk 1L,Yeo,Drinks,Dairy & eggs,Milk,1L,£2.00,,,£2.00 / ltr,8169825.0,"UHT Homogenised, Organic Semi-Skimmed Milk",,https://assets.sainsburys-groceries.co.uk/gol/8169825/1/640x640.jpg,"Nutrient	Per 100ml		Per 100ml
Energy	201kJ / 47kcal
Fat	1.8g
of which saturates	1.1g
Carbohydrate	4.8g
of which sugars	4.8g
Protein	3.6g
Salt	0.11g
Calcium (mg)	124 (15.5% RI†)",,https://www.sainsburys.co.uk/gol-ui/product/yeo-valley-organic-long-life-semi-skimmed-milk-1l,,2024-08-19T18:41:51.392931-04:00
66-1064-DAI,Nush Almond Chive Cream Cheese 150g,Nush,"Dairy, eggs & chilled",Dairy & eggs,Cheese,,£2.75,,,£18.33 / kg,8024943.0,,,https://assets.sainsburys-groceries.co.uk/gol/8024943/1/640x640.jpg,"Nutrient	per 100g	per 50g
Energy	868kJ/ 209kcal	434kJ/ 104kcal
Fat	17g	8.5g
of which saturates	1.6g	0.8g
Carbohydrates	5.8g	2.9g
of which sugars	1.4g	0.7g
Protein	6.9g	3.4g
Salt	1.1g	0.55g","Almond Milk (93%) (Filtered Water/Almonds), Chive (3%), Potato Starch, Thickener: Carob Gum, Salt, Thickener: Enzyme, Live Vegan Cheese Cultures",https://www.sainsburys.co.uk/gol-ui/product/nush-almond-chive-cream-cheese-150g,,2024-08-20T16:10:26.823893-04:00
66-1065-DAI,Starbucks DoubleShot Espresso Iced Coffee 200ml,Starbucks,Drinks,Dairy & eggs,Milk,200ML,£1.00,,£2.20,50p / 100ml,7260786.0,Milk drink with Starbucks® Arabica coffee.,,https://assets.sainsburys-groceries.co.uk/gol/7260786/1/640x640.jpg,"Nutrient	per 100 ml:
Energy:	309kJ / 74kcal
Fat:	2.6g
of which saturates:	1.7g
Carbohydrate:	9.2g
of which sugars:	8.6g
Protein:	2.8g
Salt:	0.1g","3.3% Fat Milk (75%), Starbucks® Arabica Coffee (Water, Coffee Extract) (19.2%), Sugar (4.7%), Chicory Inulin, Acidity Regulator (Potassium Carbonate)",https://www.sainsburys.co.uk/gol-ui/product/starbucks-doubleshot-200ml,,2024-08-19T18:45:37.657995-04:00
66-1066-DAI,All Things Butter British Organic Salted Butter 250g,All,"Dairy, eggs & chilled",Dairy & eggs,"Butter, spreads & pastry",,£3.15,,£2.50,£12.60 / kg,8187961.0,Salted Organic Butter,,https://assets.sainsburys-groceries.co.uk/gol/8187961/1/640x640.jpg,"Nutrient	per 100g
Energy	3059 kJ / 744 kcal
Fat	82.2g
(of which saturates)	52.1g
Carbohydrates	0.6g
(of which sugars)	0.6g
Protein	0.6g
Salt	1.9g
Fibre	Nil","Butter (Milk) (minimum 80% Fat), Salt (1.9%)",https://www.sainsburys.co.uk/gol-ui/product/all-things-butter-salted-250g,,2024-08-20T16:10:35.027335-04:00
66-1067-DAI,Sainsbury's Smoky Cheddar Cheese 200g,Sainsbury's,"Dairy, eggs & chilled",Dairy & eggs,Cheese,,£2.65,,£2.25,£13.25 / kg,7911040.0,Smoke flavour Cheddar cheese.,,https://assets.sainsburys-groceries.co.uk/gol/7911040/1/640x640.jpg,,,https://www.sainsburys.co.uk/gol-ui/product/sainsburys-smokey-cheddar-cheese-200g,,2024-08-20T16:10:51.172618-04:00
66-1068-DAI,Müller Corner Skyr Raspberry & Hazelnut Granola Yogurt 170g,Müller,"Dairy, eggs & chilled",Dairy & eggs,Special offers,,£1.50,,£1.00,88p / 100g,8035642.0,"Icelandic style full fat yogurt & Quark mix, with cocoa cereals, hazelnuts, almonds and dried raspberry pieces (11%)",,https://assets.sainsburys-groceries.co.uk/gol/8035642/1/640x640.jpg,"Nutrient	Per 100g
Energy	616kJ (147kcal)
Fat	6.8g
of which saturates	2.9g
Carbohydrate	12.8g
of which sugars	9.9g
Protein	7.6g
Salt	0.17g","Yogurt (Milk) (47%), Quark (Milk) (37%), Sugar, Roasted Hazelnuts (2.5%), Roasted Almonds (1%), Glucose Powder, Oat Flakes (Gluten), Freeze Dried Raspberry Pieces (0.2%), Maize, Sunflower Oil, Oligo Fructose, Puffed Rice, Cocoa Mass, Wheat, Cocoa Butter, Coconut Flakes, Rye, Honey, Salt, Barley, Barley Malt, Fat Reduced Cocoa Powder, Stabiliser: Sodium Alginate",https://www.sainsburys.co.uk/gol-ui/product/muller-corner-skyr-raspberry-180g,,2024-08-20T16:10:59.164943-04:00
66-1069-DAI,Alpro High Protein Mixed Berries Dairy Free Soya Yoghurt Alternative 200g,Alpro,"Dairy, eggs & chilled",Dairy & eggs,Dairy free,,£1.50,,£1.00,75p / 100g,8189063.0,"Fermented soya product, red berries, with added calcium and vitamins.",,https://assets.sainsburys-groceries.co.uk/gol/8189063/1/640x640.jpg,"Nutrient	per 100 g		per 100 g
Energy	342 kJ / 81 kcal
Fat	2.2 g
Saturates	0.4 g
Carbohydrate	7.0 g
Sugars	6.8 g
Fibre	1.1 g
Protein	7.5 g
Salt	0.18 g
- D2	0.75 µg*
- B12	0.38 µg*
- Calcium	120 mg*","Soya Base (85%) (Water, Hulled Soya Beans (9.8%)), Sugar, Soya Protein Isolate, Strawberry-Red Currant-Raspberry Mix (2%) (Strawberry (0.8%), Red Currant (0.8%), Raspberry (0.4%)), Faba Bean Protein, Calcium (Tri-Calciumcitrate), Stabiliser (Pectins), Natural Flavourings, Modified Starch, Black Carrot Concentrate, Acidity Regulators (Citric Acid, Sodium Citrates), Vitamins B12, D2, Live Cultures (S. Thermophilus, L. Bulgaricus)",https://www.sainsburys.co.uk/gol-ui/product/alpro-plant-protein-red-berries-200g,,2024-08-20T16:11:07.247518-04:00
66-1070-DAI,The Collective Great Dairy Suckies Fridge Pack Strawberry 4x90g,The,"Dairy, eggs & chilled",Dairy & eggs,Yogurts,,£3.40,4 for £3.40,,94p / 100g,8189067.0,Live Strawberry Yoghurt,,https://assets.sainsburys-groceries.co.uk/gol/8189067/1/640x640.jpg,"Nutrient	Per 100g	Per 90g Pouch		Per 100g	Per 90g Pouch
Energy	333kJ/ 79kcal	300kJ/ 71kcal
Fat	2.7g	2.4g
- Of which Saturates	1.9g	1.7g
Carbohydrate	10.1g	9.0g
- Of which Sugars	7.9g	7.1g
Protein*	3.8g	3.4g
Salt	0.09g	0.08g
Calcium (%RI)	138mg (17%)	124mg (15%)
Vitamin D (%RI)	0.83µg (16%)	0.75µg (15%)","Live Yoghurt** (Milk) (82%), Strawberry Puree (9%), Concentrated Apple Juice, Concentrated Grape Juice, Cornflour, Natural Flavourings, Concentrated Lemon Juice, Vitamin D, **Contains Cultures: L. Bulgaricus and S. Thermophilus",https://www.sainsburys.co.uk/gol-ui/product/the-collective-great-dairy-suckies-fridge-pack-strawberry-4x90g,4x90g,2024-08-20T16:11:20.729979-04:00
66-1071-DAI,Yeo Valley Organic Kefir Strawberry Yogurt Pack 4x100g,Yeo,"Dairy, eggs & chilled",Dairy & eggs,Special offers,,£2.50,4 for £2.50,£1.50,63p / 100g,8081414.0,4 Fermented Strawberry Yogurts with Live Kefir Cultures,,https://assets.sainsburys-groceries.co.uk/gol/8081414/1/640x640.jpg,"Nutrient	Per 100g		Per 100g
Energy	332kJ/ 79kcal
Fat	1.9g
of which saturates	1.3g
Carbohydrate	11.1g
of which sugars	9.5g
Protein	4.2g
Salt	0.11g
Calcium	161mg/20% NRV
Phosphorus	117mg/16% NRV","Organic Milk Fermented with Live Kefir Cultures, Organic Strawberries (5%), Organic Sugar (5%), Organic Maize Starch, Natural Flavouring, Organic Concentrated Lemon Juice",https://www.sainsburys.co.uk/gol-ui/product/yeo-valley-organic-kefir-strawberry-yogurt-4x100g,4x100g,2024-08-20T16:11:28.677327-04:00
66-1072-DAI,Dairylea Baked Dunkers Ritz Cheese Snack x6 258g,Dairylea,"Dairy, eggs & chilled",Dairy & eggs,Cheese,,£3.30,,£2.50,£12.79 / kg,8084331.0,"Made with milk and cheese, heated and blended into a yummy, creamy tasting cheese dip. Cheese dip (7 % fat) with added calcium and mini-sized Ritz savoury crackers (28 %).",,https://assets.sainsburys-groceries.co.uk/gol/8084331/1/640x640.jpg,,"Dairylea Cheese Dip: Skimmed Milk (Water, Skimmed Milk Powder), Cheese, Concentrated Whey (from Milk), Inulin, Milk Protein, Milk Fat, Emulsifying Salt (Polyphosphates), Modified Starch, Calcium Phosphate, Acidity Regulator (Lactic Acid), Mini-Sized Ritz Savoury Crackers: Wheat Flour, Sunflower Oil, Sugar, Glucose-Fructose Syrup, Raising Agents (Calcium Phosphates, Ammonium Carbonates, Sodium Carbonates, Potassium Carbonates), Barley Malt Flour, Salt",https://www.sainsburys.co.uk/gol-ui/product/dairylea-baked-dunkers-ritz-cheese-snack-x6-258g,,2024-08-20T16:11:36.952408-04:00
66-1073-DAI,Bonne Maman Rum Baba Sponge Cake 2x140g,Bonne,"Dairy, eggs & chilled",Dairy & eggs,Special offers,,£3.20,2 for £3.20,£2.20,£1.14 / 100g,7482224.0,Sponge cake dessert.,,https://assets.sainsburys-groceries.co.uk/gol/7482224/1/640x640.jpg,"Nutrient	per 100g
Energy	857 kJ/ 203 kcal
Fat	3.9 g
of which saturates	2.4 g
Carbohydrates	34 g
of wich sugars	26 g
Fibre	0.5 g
Protein	2.2 g
Salt	0.5 g","Water, Sugar, Cream (Milk) (10%), Wheat Flour, Rum 54° (6.9%), Whole Egg, Egg White, Raising Agents (Sodium Diphosphates, Sodium Carbonates, Wheat Flour), Honey, Salt, Natural Vanilla Flavouring, Gelling Agent (Pectin)",https://www.sainsburys.co.uk/gol-ui/product/bonne-maman-rum-baba-2x140g,2x140g,2024-08-20T16:11:45.665327-04:00
66-1074-DAI,Strings & Things Limited Sports Edition Yollies Strawberry Flavour Yogurt Lollies 4x25g,Strings,"Dairy, eggs & chilled",Dairy & eggs,Yogurts,,£1.75,4 for £1.75,,£1.75 / 100g,8116040.0,Pasteurised thickened yogurt lolly with fruit puree.,,https://assets.sainsburys-groceries.co.uk/gol/8116040/1/640x640.jpg,,"Yogurt* (63%) (Milk), Dried Glucose Syrup, Cream (Milk), Starch, Strawberry Puree (4.1%), Milk Protein, Inulin, Sugar, Stabilisers (Agar, Locust Bean Gum, Guar Gum), Firming Agent (Calcium Phosphate), Natural Flavourings, Acidity Regulator (Citric Acid), Colour (Carmine), Vitamin B6, Vitamin B12, Vitamin D, *EU Origin",https://www.sainsburys.co.uk/gol-ui/product/strings-things-limited-sports-edition-yollies-strawberry-flavour-yogurt-lollies-4x25g,4x25g,2024-08-20T16:11:59.484498-04:00
66-1075-DAI,Biotiful Gut Health Raspberry Kefir Milk Drink 500ml,Biotiful,Drinks,Dairy & eggs,Milk,500ML,£2.60,,,52p / 100g,8189665.0,Kefir: Fermented milk with raspberry,,https://assets.sainsburys-groceries.co.uk/gol/8189665/1/640x640.jpg,"Nutrient	Per 100ml	% of reference intake per 100ml	1 serving (250ml)		Per 100ml	% of reference intake per 100ml	1 serving (250ml)
Energy, kcal (kJ)	64 (267)	-	160 (267)
Fat (g)	2.6	-	6.5
of which saturates (g)	1.8	-	4.5
Carbohydrates (g)	6.8	-	17
of which sugars*** (g)	4.9	-	12.3
Protein (g)	3.3	-	8.3
Salt (g)	0.09	-	0.23
Riboflavin B2 (mg)	0.12	9	-
Vitamin B12 (µg)	0.19	8	-
Calcium (mg)	98	12	-
Phosphorus (mg)	69	10	-","Pasteurised Cow's Milk Fermented with Live Kefir Cultures†, Raspberry Puree (3%), Fruit Extract (Apple, Carob, Grape), Stabiliser (Pectin), Natural Flavouring, Lemon Concentrate, † Includes: Bifidobacterium, Lactobacillus Acidophilus, Lactobacillus Casei, Lactobacillus Rhamnosus",https://www.sainsburys.co.uk/gol-ui/product/biotiful-gut-health-raspberry-kefir-drink-500ml,,2024-08-19T18:42:18.560120-04:00
66-1076-DAI,Galbani Cucina Mozzarella 400g,Galbani,"Dairy, eggs & chilled",Dairy & eggs,Cheese,,£4.65,,,£11.63 / kg,8064023.0,Fresh soft cheese,,https://assets.sainsburys-groceries.co.uk/gol/8064023/1/640x640.jpg,,"Pasteurised Milk (EU), Salt, Non-Animal Rennet, Acidity Regulator: Citric Acid",https://www.sainsburys.co.uk/gol-ui/product/galbani-cucina-mozzarella%C2%A0cheese%C2%A0400g,,2024-08-20T16:12:12.618502-04:00
66-1077-DAI,Bonne Maman Crème Brûlée 2x100g,Bonne,"Dairy, eggs & chilled",Dairy & eggs,Special offers,,£3.20,2 for £3.20,£2.20,£1.60 / 100g,7481930.0,Dairy dessert.,,https://assets.sainsburys-groceries.co.uk/gol/7481930/1/640x640.jpg,"Nutrient	per 100g
Energy	989 kJ/ 237 kcal
Fat	15 g
of which saturates	8.5 g
Carbohydrates	21 g
of which sugars	21 g
Fibre	0.0 g
Protein	4.5 g
Salt	0.11 g","Fresh Cream 36%, Skimmed Milk, Sugar, Fresh Egg Yolk, Whole Fresh Egg 6,7%, Natural Vanilla Extract, Vanilla Seeds, Topping: Caramel Powder",https://www.sainsburys.co.uk/gol-ui/product/bonne-maman-cr%C3%A8me-br%C3%BBl%C3%A9e-2x100g,2x100g,2024-08-20T16:12:20.510882-04:00
66-1078-DAI,Ilchester British Cheese Selection 230g,Ilchester,"Dairy, eggs & chilled",Dairy & eggs,Cheese,,£3.35,,,£14.57 / kg,7618607.0,12 Individually Wrapped Cheese Portions,,https://assets.sainsburys-groceries.co.uk/gol/7618607/1/640x640.jpg,"Nutrient	per 100g:		Per 100g:		Per 100g:		per 100g:		per 100g:		per 100g:
Energy	1700kJ/ 410kcal
Fat	34.4g
(of which saturates	21.7g)
Carbohydrates	0.1g
(of which sugars	0.1g)
Protein	25g
Salt	1.8g
Energy	1644kJ/ 396kcal
Fat	31.3g
(of which saturates	18.9g)
Carbohydrate	5.3g
(of which sugars	0.6g)
Protein	23.7g
Salt	1.8g
Energy	1653kJ/ 399kcal
Fat	33.7g
(of which saturates	21.7g)
Carbohydrates	0.1g
(of which sugars	0.1g)
Protein	23.8g
Salt	1.8g
Energy	1700kJ/ 410kcal
Fat	34.4g
(of which saturates	21.7g)
Carbohydrates	0.1g
(of which sugars	0.1g)
Protein	25g
Salt	1.8g
Energy	1458kJ/ 351kcal
Fat	27g
(of which saturates	16.6g)
Carbohydrates	0.1g
(of which sugars	0.1g)
Protein	27g
Salt	1.25g
Energy	1296kJ/ 312kcal
Fat	24.0g
(of which saturates	17.0g)
Carbohydrates	Nil
(of which sugars	Nil)
Protein	24.0g
Salt	2.0g","Cheddar (Milk), Smoke Flavouring, Paprika",https://www.sainsburys.co.uk/gol-ui/product/ilchester-cheese-selection-230g,,2024-08-20T16:12:34.164680-04:00
66-1079-DAI,Jus-Rol Shortcrust Pastry Sheets 320g,Jus-Rol,"Dairy, eggs & chilled",Dairy & eggs,"Butter, spreads & pastry",,£1.75,,,£5.47 / kg,7530542.0,Chilled uncooked shortcrust pastry sheet.,,https://assets.sainsburys-groceries.co.uk/gol/7530542/1/640x640.jpg,"Nutrient	Per 100g	(uncooked) Per portion (50g)	%* (50 g)
Energy	1905 kJ	952 kJ	11%
Energy	457 kcal	229 kcal	11%
Fat	28.6 g	14.3 g	20%
of which saturates	14.5 g	7.3 g	36%
Carbohydrate	39.9 g	20.0 g	8%
of which sugars	1.6 g	0.8 g	1%
Fibre	1.3 g	0.7 g	-
Protein	5.9 g	3.0 g	6%
Salt	0.25 g	0.13 g	2%","Wheat Flour, Vegetable Oils and Fats (Palm, Rapeseed), Margarine (Vegetable Oils and Fats (Palm, Rapeseed), Water, Emulsifier (Mono- and Diglycerides of Fatty Acids), Salt, Acidity Regulator (Citric Acid), Colour (Beta Carotene)), Water, Alcohol, Sugar, Lemon Juice Concentrate, Salt, Natural Flavouring, Deactivated Yeast, Colour (Beta Carotene)",https://www.sainsburys.co.uk/gol-ui/product/jus-rol-shortcrust-pastry-sheets-320g,,2024-08-20T16:12:47.327615-04:00
66-1080-DAI,Babybel Plant-Based Vegan Snacks 5x20g,Babybel,"Dairy, eggs & chilled",Dairy & eggs,Cheese,,£2.15,5 for £2.15,,£21.50 / kg,8103879.0,"Food preparation with starches, coconut oil, calcium and vitamin B12.",,https://assets.sainsburys-groceries.co.uk/gol/8103879/1/640x640.jpg,,"Water, Modified Starch 25%, Coconut Oil 18%, Tricalcium Citrates, Salt, Natural Flavouring, Acidity Regulator: Citric Acid, Colour: Natural Beta Carotene, Vitamin B12",https://www.sainsburys.co.uk/gol-ui/product/babybel-plant-based-alternative-to-cheese-5x20g-100g,5x20g,2024-08-20T16:13:00.561994-04:00
66-1081-DAI,Marmite Cheddar Cheese Bites 5x15g,Marmite,"Dairy, eggs & chilled",Dairy & eggs,Cheese,,£1.50,5 for £1.50,£1.20,£20.00 / kg,8168704.0,Made with British Ilchester® Cheddar Cheese blended with Marmite® Yeast Extract.,15 g,https://assets.sainsburys-groceries.co.uk/gol/8168704/1/640x640.jpg,"Nutrient	Per 100g	Per 15g serving		Per 100g	Per 15g serving
Energy	1587kJ / 383kcal	238kJ / 57kcal
Fat	30.2g	4.5g
of which Saturates	19.7g	3.0g
Carbohydrate	3.4g	0.5g
of which sugars	<0.1g	trace
Fibre	0.4g	<0.1g
Protein	24.0g	3.6g
Salt (based on sodium)	2.11g	0.32g
Calcium	670mg (87% RI)	101mg (14.4% RI)","Cheddar Cheese (Milk), Marmite® Yeast Extract (5%) (Yeast Extract (contains Barley, Wheat, Oats, Rye), Salt, Vegetable Juice Concentrate, Vitamins (Thiamin, Riboflavin, Niacin, Vitamin B12, Folic Acid), Natural Flavouring (contains Celery)), Water",https://www.sainsburys.co.uk/gol-ui/product/marmite-cheddar-cheese-bites-5x15g,5x15g,2024-08-20T16:13:08.656665-04:00
66-1082-DAI,Sainsbury's Baking Block 250g,Sainsbury's,"Dairy, eggs & chilled",Dairy & eggs,"Butter, spreads & pastry",,£1.00,,,£4.00 / kg,7159732.0,Vegetable fat spread 75%,,https://assets.sainsburys-groceries.co.uk/gol/7159732/1/640x640.jpg,,,https://www.sainsburys.co.uk/gol-ui/product/sainsburys-baking-block-250g,,2024-08-20T16:13:30.105823-04:00
66-1083-DAI,Yazoo Strawberry Milk Drink 400ml,Yazoo,Drinks,Dairy & eggs,Milk,400ML,£1.50,,75p,38p / 100ml,7896196.0,Strawberry flavour milk drink (UHT),,https://assets.sainsburys-groceries.co.uk/gol/7896196/1/640x640.jpg,,"Semi Skimmed Milk, Skimmed Milk, Sugar, Strawberry Juice from Concentrate (1%), Natural Flavouring, Stabiliser: Gellan Gum, Colour: Beta-Carotene",https://www.sainsburys.co.uk/gol-ui/product/yazoo-strawberry-milk-drink-400ml,,2024-08-19T18:44:11.725860-04:00
66-1084-DAI,Rachel's Organic Greek Style Yogurt Rhubarb 450g,Rachel's,"Dairy, eggs & chilled",Dairy & eggs,Special offers,,£2.65,,£1.75,59p / 100g,8115134.0,Organic Greek Style Rhubarb Bio Live Yogurt,,https://assets.sainsburys-groceries.co.uk/gol/8115134/1/640x640.jpg,"Nutrient	Per 100g
Energy	533kJ/ 128kcal
Fat	7.1g
of which saturates	4.4g
Carbohydrate	12.7g
of which sugars	12.2g
Protein	3.1g
Salt	0.1g","Organic Yogurt (from Milk), Organic Cream (from Milk), Organic Sugar, Organic Rhubarb 6.1%, Organic Rice Starch, Organic Concentrated Lemon Juice",https://www.sainsburys.co.uk/gol-ui/product/rachels-organic-greek-style-yogurt-rhubarb-450g,,2024-08-20T16:13:39.218843-04:00
66-1085-DAI,Arla BOB Semi Skimmed Milk That Tastes Like Whole 2L,Arla,Drinks,Dairy & eggs,Milk,2L,£2.30,,,£1.15 / ltr,8158763.0,"Fresh semi-skimmed milk, enriched with protein.",,https://assets.sainsburys-groceries.co.uk/gol/8158763/1/640x640.jpg,"Nutrient	Per 100ml	Per 200ml		Per 100ml	Per 200ml
Energy	221kJ/ 52kcal	442kJ/ 104kcal
Fat	1.7g	3.4g
of which saturates	1.1g	2.2g
Carbohydrate	4.6g	9.1g
of which sugars	4.6g	9.1g
Protein	4.6g	9.2g
Salt	0.09g	0.18g
Calcium	150mg (18.7% RI‡)	299mg (37.4% RI‡)",,https://www.sainsburys.co.uk/gol-ui/product/arla-bob-semi-skimmed-whole-milk-2l,,2024-08-19T18:44:47.315879-04:00
66-1086-DAI,Sainsbury's Protein Natural Big Pot Yogurt 450g,Sainsbury's,"Dairy, eggs & chilled",Dairy & eggs,Special offers,,£1.65,,£1.50,37p / 100g,8184408.0,Fat free natural strained yogurt,,https://assets.sainsburys-groceries.co.uk/gol/8184408/1/640x640.jpg,,,https://www.sainsburys.co.uk/gol-ui/product/sainsburys-protein-natural-big-pot-yogurt-450g,,2024-08-20T16:13:55.230177-04:00
66-1087-DAI,Shaken Udder Chocolush Milkshake 750ml,Shaken,Drinks,Dairy & eggs,Milk,750ML,£2.45,,£2.00,33p / 100ml,7963993.0,High Temperature Pasteurised Milk Drink with Chocolate,,https://assets.sainsburys-groceries.co.uk/gol/7963993/1/640x640.jpg,"Nutrient	Per 100ml:	Per 250ml	RI*		Per 100ml:	Per 250ml	RI*
Energy	310kJ/ 74kcal	-	-
Fat	2.1g	-	-
of which saturates	1.5g	-	-
Carbohydrate	10g	-	-
of which sugars	8.4g	-	-
Protein	3.5g	-	-
Salt	0.21g	-	-
Vitamin B12 (µg)	0.90	2.30	90
Calcium (mg)	117	293	37","Semi-Skimmed Milk (93%), Sugar, Milk Chocolate (1.5%) (Sugar, Cocoa Mass, Whole Milk Powder, Cocoa Butter, Skimmed Milk Powder), Dark Chocolate (Sugar, Cocoa Mass, Fat Reduced Cocoa Powder, Natural Vanilla Flavouring), Stabilisers (Cellulose, Modified Starch, Sodium Citrates, Guar Gum, Cellulose Gum, Carrageenan), Fat Reduced Cocoa Powder, Natural Flavourings, Salt",https://www.sainsburys.co.uk/gol-ui/product/shaken-udder-chocolush%21-750ml,,2024-08-19T18:45:45.559846-04:00
66-1088-DAI,Isigny Sainte-Mere Unpasteurised Salted Butter 250g,Isigny,"Dairy, eggs & chilled",Dairy & eggs,"Butter, spreads & pastry",,£3.60,,,£14.40 / kg,7846171.0,Unpasteurised Churned Salted Butter - 80% Fat,,https://assets.sainsburys-groceries.co.uk/gol/7846171/1/640x640.jpg,"Nutrient	Per 100g:
Energy	2980kJ / 725kcal
Fat	80g
of which saturates	57.6g
Carbohydrates	0.5g
of which sugars	0.5g
Protein	0.7g
Salt	2g","Cream from Unpasteurised Cow's Milk, Salt 2%, Lactic Starters",https://www.sainsburys.co.uk/gol-ui/product/isigny-sainte-mere-unpasteurised-salted-butter-250g,,2024-08-20T16:14:08.478168-04:00
66-1089-DAI,Biomel Natural Dairy Free Coconut Probiotic Drink 510ml,Biomel,"Dairy, eggs & chilled",Dairy & eggs,Dairy free,510ML,£2.90,,,57p / 100ml,7910944.0,,,https://assets.sainsburys-groceries.co.uk/gol/7910944/1/640x640.jpg,"Nutrient	(per 100ml)		(per 100ml)
Energy	114kJ / 27kcal
Fat	2.0g
of which saturates	1.7g
Carbohydrates	2.0g
of which sugars	1.9g
Fibre	0.1g
Protein	0.2g
Salt	0.1g
Calcium	400mg*
Vitamin B6	0.7mg*
Vitamin D	2.5µg*","Coconut Milk (Purified Water, Pressed Coconut), Natural Fruit Extract (Grape), Gellan Gum, Guar Gum, Sea Salt, Vitamins B6, D, Calcium and Billions of Live Active Cultures",https://www.sainsburys.co.uk/gol-ui/product/biomel-natural-dairy-free-coconut-probiotic-drink-510ml,,2024-08-20T16:14:26.799219-04:00
66-1090-DAI,Fruit Bowl Strawberry Yogurt Flakes 5x21g,Fruit,"Dairy, eggs & chilled",,,,£2.25,5 for £2.25,£1.50,£2.50 / 100g,7922734.0,Fruit pieces made with concentrated apple and strawberry purees in a yogurt flavoured coating.,,https://assets.sainsburys-groceries.co.uk/gol/7922734/1/640x640.jpg,,"Yogurt Flavoured Coating (60%): [Sugar, Palm Fat, Whey Powder (Milk), Rice Flour, Yogurt Powder (Milk) (3%), Emulsifier (Sunflower Lecithins), Glazing Agent (Shellac, Gum Arabic)], Fruit Flakes® (40%): [Concentrated Apple Puree, Fructose-glucose Syrup, Strawberry Puree, Sugar, Gluten Free Wheat Fibre, Palm Fat, Gelling Agent (Pectin), Concentrated Aronia Juice, Acidity Regulator (Malic Acid), Natural Flavouring], An average of 206g Apple, 13g Strawberry and 4g Aronia used to prepare 100g of Fruit Flakes®",https://www.sainsburys.co.uk/gol-ui/product/fruit-bowl-strawberry-yogurt-flakes-5x21g,5x21g,2024-08-20T16:14:39.890085-04:00
66-1091-DAI,FAGE Total 0% Fat Free Greek Recipe Strained Yoghurt with Raspberry & Pomegranate 150g,FAGE,"Dairy, eggs & chilled",Dairy & eggs,Yogurts,,£1.35,,,90p / 100g,7707587.0,With Raspberry Pomegranate,,https://assets.sainsburys-groceries.co.uk/gol/7707587/1/640x640.jpg,"Nutrient	per 100g
Energy	281 kJ / 66 kcal
Fat	0 g
of which saturates	0 g
Carbohydrate	8.2 g
of which sugars	7.6 g
Protein	8.3 g
Salt	0.09 g","Strained Yoghurt (80%) [Pasteurised Skimmed Milk, Live Active Yoghurt Cultures (L. Bulgaricus, S. Thermophilus, L. Acidophilus, Bifidus, L. Casei)], Raspberry and Pomegranate Fruit Preparation (20%) [Water, Raspberries and Raspberry Juice Concentrate (25%), Sugar, Pomegranate Juice Concentrate (15%), Maize Starch, Natural Flavouring]",https://www.sainsburys.co.uk/gol-ui/product/fage-total-0-fat-free-greek-recipe-strained-yogurt-with-raspberry-pomegranate-170g,,2024-08-20T16:14:53.328654-04:00
66-1092-DAI,Light & Free Strawberry Cheesecake Flavour Greek Style Yogurt 4x115g,Light,"Dairy, eggs & chilled",Dairy & eggs,Special offers,,£2.50,4 for £2.50,£1.50,54p / 100g,8168217.0,Fat free strawberry cheesecake flavour yogurt with fruit and sweeteners,100 g,https://assets.sainsburys-groceries.co.uk/gol/8168217/1/640x640.jpg,"Nutrient	Per 100g	Per serving (115g)	% RI** (115g)		Per 100g	Per serving (115g)	% RI** (115g)
Energy (kJ)	201	231	-
(kcal)	47	55	3%
Fat (g)	0	0	0%
of which saturates (g)	0	0	0%
Carbohydrate (g)	7.1	8.2	3%
of which sugars (g)	6.2	7.1	8%
Protein (g)	4.4	5.1	10%
Salt (g)	0.16	0.18	3%
Calcium (mg)	157 (20% RI***)	181	23%","Yogurt (Milk), Strawberry (5%), Starches (Potato, Tapioca), Modified Maize Starch, Stabiliser (Pectin), Black Carrot Juice Concentrate, Flavourings, Acidity Regulators (Citric Acid, Sodium Citrate), Sweeteners (Acesulfame K, Sucralose)",https://www.sainsburys.co.uk/gol-ui/product/light-free-strawberry-cheesecake-flavour-greek-style-yogurt-4x115g,4x115g,2024-08-20T16:15:01.603365-04:00
66-1093-DAI,Arla Protein Vanilla Milk Shake 482ml,Arla,Drinks,Dairy & eggs,Milk,482ML,£2.00,,,42p / 100ml,8170211.0,Vanilla Flavoured UHT Milk Drink with Added Milk Protein.,,https://assets.sainsburys-groceries.co.uk/gol/8170211/1/640x640.jpg,"Nutrient	Per 100 ml		Per 100 ml
Energy	214 kJ/ 51 kcal
Fat	0,9 g
of which saturates	0,6 g
Carbohydrate	4,9 g
of which sugars	4,7 g
Protein	5,6 g
Salt	0,18 g
Calcium	130 mg (16% RI⁵)","Milk (95%), Milk Protein (2.6%), Sugar (1.9%), Stabilisers (Gellan Gum, Carrageenan, Trisodium Citrate), Natural Flavouring, Lactase Enzyme",https://www.sainsburys.co.uk/gol-ui/product/arla-protein-vanilla-milk-shake-482ml,,2024-08-19T18:43:50.895696-04:00
66-1094-DAI,Koko Coconut UHT Drink 1L,Koko,Drinks,Dairy & eggs,Dairy free,1L,£1.80,,,£1.80 / ltr,7542701.0,A coconut-based drink fortified with calcium and vitamins D2 & B12,,https://assets.sainsburys-groceries.co.uk/gol/7542701/1/640x640.jpg,"Nutrient	per 100ml		per 100ml
Energy	133kJ / 32kcal
Fat	2.5g
Of which Saturates	2.3g
Mono-unsaturates	0.1g
Polyunsaturates	<0.1g
Carbohydrate	0.9g
Of which Sugars	0.9g
Fibre	0.4g
Protein	1.2g
Salt	0.07g
Calcium	120mg (15% NRV*)
Vitamin D2	0.75µg (15% NRV*)
Vitamin B12	0.38µg (15% NRV*)","Water, Coconut Milk (11%), Concentrated Apple Juice, Tricalcium Phosphate, Emulsifier (Sucrose Esters of Fatty Acids), Stabilisers (Guar Gum, Gellan Gum), Sea Salt, Vitamin D2, Vitamin B12, Colour (Carotene)",https://www.sainsburys.co.uk/gol-ui/product/koko-long-life-coconut-milk-alternative-1l,,2024-08-19T18:44:24.889397-04:00
66-1095-DAI,Lurpak Lighter Slightly Salted Butter 200g,Lurpak,"Dairy, eggs & chilled",Dairy & eggs,"Butter, spreads & pastry",,£2.15,,£1.60,£10.75 / kg,8156811.0,Reduced Fat Salted Butter.,,https://assets.sainsburys-groceries.co.uk/gol/8156811/1/640x640.jpg,"Nutrient	per 100 g:
Energy	2276 kJ/ 554 kcal
Fat	61 g
of which saturates	39 g
Carbohydrate	0.6 g
of which sugars	0.6 g
Protein	0.5 g
Salt	1.1 g","Butter (Milk), Water, Salt",https://www.sainsburys.co.uk/gol-ui/product/lurpak-lighter-slightly-salted-200g,,2024-08-20T16:15:09.441676-04:00
66-1096-DAI,Piatnica High Protein Cottage Cheese 200g,Piatnica,"Dairy, eggs & chilled",Dairy & eggs,Cheese,,£1.20,,,£6.00 / kg,8205814.0,"High-protein cottage cheese, 30 g (1.06 oz) of protein in the package.",,https://assets.sainsburys-groceries.co.uk/gol/8205814/1/640x640.jpg,,"Grainy Curd, Cream, Milk Proteins, Salt",https://www.sainsburys.co.uk/gol-ui/product/piatnica-high-protein-cottage-cheese-200g,,2024-08-20T16:15:22.447416-04:00
66-1097-DAI,"Sainsbury's Vintage Gouda Cheese, Taste the Difference 180g",Sainsbury's,"Dairy, eggs & chilled",Dairy & eggs,Cheese,,£3.95,,,£21.94 / kg,6832266.0,Full fat hard Gouda cheese,,https://assets.sainsburys-groceries.co.uk/gol/6832266/1/640x640.jpg,,,https://www.sainsburys.co.uk/gol-ui/product/sainsburys-vintage-gouda--taste-the-difference-180g,,2024-08-20T16:15:43.731352-04:00
66-1098-DAI,Alpro Barista Almond Milk Chilled Dairy Alternative 750ml,Alpro,"Dairy, eggs & chilled",Dairy & eggs,Dairy free,750ML,£1.75,,£1.25,£2.33 / ltr,8173302.0,"Almond drink with added calcium and vitamins, flash pasteurised.",,https://assets.sainsburys-groceries.co.uk/gol/8173302/1/640x640.jpg,"Nutrient	per 100 ml		per 100 ml
Energy	103 kJ / 25 kcal
Fat	1.2 g
of which saturates	0.1 g
Carbohydrate	2.5 g
of which sugars	2.5 g
Fibre	0.2 g
Protein	0.5 g
Salt	0.08 g
D2	0.75 µg*
E	1.8 mg*
B12	0.38 µg*
Calcium	120 mg*","Water, Almond (2.4%), Sugar, Fructose, Acidity Regulators (Potassium Phosphates), Calcium (Calcium Carbonate), Natural Flavourings, Stabilisers (Gellan Gum, Guar gum), Sea Salt, Vitamins B12, E, D2",https://www.sainsburys.co.uk/gol-ui/product/alpro-barista-almond-750ml,,2024-08-20T16:15:51.900782-04:00
66-1099-DAI,Président French Camembert Cheese 250g,Président,"Dairy, eggs & chilled",Dairy & eggs,Cheese,,£2.65,,,£10.60 / kg,7703440.0,Full fat soft cheese made from pasteurised cow's milk.,,https://assets.sainsburys-groceries.co.uk/gol/7703440/1/640x640.jpg,"Nutrient	per 100 g
Energy	1117 kJ / 269 kcal
Fat	21 g
of which saturates	15 g
Carbohydrate	< 0,5 g
of which sugars	< 0,5 g
Protein	20 g
Salt	1,4 g",,https://www.sainsburys.co.uk/gol-ui/product/pr%C3%A9sident-french-camembert-cheese-250g,,2024-08-20T16:16:13.130985-04:00
66-1100-DAI,Happy Egg Medium Free Range Eggs x6,Happy,"Dairy, eggs & chilled",Dairy & eggs,Eggs,,£2.20,,,37p / ea,6921050.0,Happy hens lay tasty egg,100 g,https://assets.sainsburys-groceries.co.uk/gol/6921050/1/640x640.jpg,"Nutrient	Per 100g	Per Serving (2 Medium Eggs)		Per 100g	Per Serving (2 Medium Eggs)
Energy	547 kJ/ 131 kcal	552 kJ/ 132 kcal
Fat	9.0g	9.1g
of which saturates	2.5g	2.5g
Carbohydrate	<0.5g	<0.5g
of which sugars	<0.5g	<0.5g
Protein	12.6g	12.7g
Salt	0.39g	0.40g
Vitamin D	4µg 80% RI*	4.04µg 80.8% RI*",,https://www.sainsburys.co.uk/gol-ui/product/happy-egg-medium-free-range-eggs-x6,,2024-08-20T16:16:34.533530-04:00
66-1101-DAI,Pro Mlk Chocolate Protein Shake 330ml,Pro,Drinks,Dairy & eggs,Milk,330ML,£1.15,,£1.00,35p / 100ml,8181681.0,"Protein Enriched Chocolate Flavour Milk Drink with Sweeteners, High Temperature Pasteurised",,https://assets.sainsburys-groceries.co.uk/gol/8181681/1/640x640.jpg,,"Skimmed Milk (94%), Milk Protein (3%), Fat Reduced Cocoa Powder, Cornflour, Stabilisers (Cellulose, Cellulose Gum, Carrageenan), Natural Flavouring, Acidity Regulator (Sodium Phosphate), Sweeteners (Acesulfame Potassium, Sucralose)",https://www.sainsburys.co.uk/gol-ui/product/pro-mlk-chocolate-protein-shake-330ml,,2024-08-19T18:46:13.797168-04:00
66-1102-DAI,Sainsbury's Farmhouse Butter 250g,Sainsbury's,"Dairy, eggs & chilled",Dairy & eggs,"Butter, spreads & pastry",,£2.40,,,£9.60 / kg,7949724.0,Farmhouse butter,,https://assets.sainsburys-groceries.co.uk/gol/7949724/1/640x640.jpg,,,https://www.sainsburys.co.uk/gol-ui/product/sainsburys-farmhouse-butter-250g,,2024-08-20T16:16:56.267599-04:00
66-1103-DAI,Cadburys Dairy Milk Pots Of Joy Chocolate Dessert 4x60g,Cadburys,"Dairy, eggs & chilled",Dairy & eggs,Yogurts,,£1.70,4 for £1.70,,71p / 100g,8027275.0,4 x Smooth Dessert Made with Melted Cadbury Milk Chocolate.,,https://assets.sainsburys-groceries.co.uk/gol/8027275/1/640x640.jpg,"Nutrient	Per 100g	Per 60g pot	%* Per pot
Energy kJ	940	564	-
kcal	225	135	7%
Fat g	11.7	7.0	10%
of which saturates g	7.2	4.3	22%
Carbohydrate g	25.6	15.4	6%
of which sugars g	24.6	14.8	17%
Fibre g	0.1	0.1	-
Protein g	4.2	2.5	5%
Salt g	0.10	0.06	1%","Water, Milk Chocolate (18%) (Milk, Sugar, Cocoa Butter, Cocoa Mass, Vegetable Fats (Palm, Shea), Emulsifier (E442), Flavourings), Concentrated Skimmed Milk, Sugar, Palm Oil, Cream, Fat Reduced Cocoa Powder, Modified Maize Starch, Pork Gelatine, Emulsifiers (E471), Dried Whey (from Milk), Stabilisers (Pectin, E412), Dried Glucose Syrup, Salt, Acidity Regulators (Sodium Citrates)",https://www.sainsburys.co.uk/gol-ui/product/cadburys-pots-of-joy-dairy-milk-4x65g,4x60g,2024-08-20T16:17:09.551749-04:00
66-1104-DAI,Alpro Soya Chocolate Long Life Drink 3x250ml,Alpro,Drinks,Dairy & eggs,Dairy free,250ML,£2.10,3 for £2.10,,28p / 100ml,3433126.0,"Soya drink, chocolate flavour, with added calcium and vitamins.",,https://assets.sainsburys-groceries.co.uk/gol/3433126/1/640x640.jpg,"Nutrient	per 100 ml		per 100 ml
Energy	257 kJ / 61 kcal
Fat	1.8 g
of which Saturates	0.4 g
Carbohydrate	7.9 g
of which Sugars	7.6 g
Fibre	0.9 g
Protein	3.1 g
Salt	0.14 g
- D	0.75 µg*
- Riboflavin (B2)	0.21 mg*
- Calcium	120 mg*","Soya Base (Water, Hulled Soya Beans (7%)), Sugar, Fat-Reduced Cocoa* (1.5%), Calcium (Calcium Carbonate), Stabilisers (Carrageenan, Guar Gum, Xanthan Gum), Acidity Regulator (Potassium Phosphates), Flavouring, Sea Salt, Natural Flavouring, Vitamins (B2, D2), *Rainforest Alliance Certified™",https://www.sainsburys.co.uk/gol-ui/product/alpro-long-life-soya-milk-alternative--chocolate-3x250ml,3x250ml,2024-08-19T18:45:58.382463-04:00
66-1105-DAI,Stamford Street Co. Mature White Cheddar 400g,Stamford,"Dairy, eggs & chilled",Dairy & eggs,Cheese,,£2.49,,,£6.23 / kg,8145141.0,Mature Cheddar cheese,,https://assets.sainsburys-groceries.co.uk/gol/8145141/1/640x640.jpg,,,https://www.sainsburys.co.uk/gol-ui/product/mary-anns-dairy-mature-white-cheddar-400g,,2024-08-20T16:17:30.701335-04:00
66-1106-DAI,FAGE Total 5% Fat Natural Greek Recipe Strained Yoghurt 150g,FAGE,"Dairy, eggs & chilled",Dairy & eggs,Yogurts,,£1.50,,,£1.00 / 100g,7293642.0,"3g sugars, 9g protein, 93 kcal per 100g",,https://assets.sainsburys-groceries.co.uk/gol/7293642/1/640x640.jpg,"Nutrient	per 100 g		per 100 g
Energy	389 kJ/ 93 kcal
Fat	5.0 g
of which saturates	3.6 g
Carbohydrate	3.0 g
of which sugars	3.0 g
Protein	9.0 g
Salt	0.10 g
Calcium	121 mg
% NRV*	15%","Pasteurised Skimmed Milk, Cream (Milk), Live Active Yoghurt Cultures (L. Bulgaricus, S. Thermophilus, L. Acidophilus, Bifidus, L. Casei)",https://www.sainsburys.co.uk/gol-ui/product/fage-total-natural-greek-recipe-strained-yogurt-170g,,2024-08-20T16:17:43.788255-04:00
66-1107-DAI,Cravendale Filtered Fresh Semi Skimmed Milk Fresher for Longer 250ml,Cravendale,Drinks,Dairy & eggs,Milk,250ML,60p,,,£2.40 / ltr,8036445.0,"Pasteurised, homogenised, semi-skimmed, fresh filtered milk",,https://assets.sainsburys-groceries.co.uk/gol/8036445/1/640x640.jpg,"Nutrient	per 100ml		per 100ml
Energy	206kJ/ 49kcal
Fat	1.7g
of which saturates	1.0g
Carbohydrate	4.8g
of which sugars	4.8g
Protein	3.6g
Salt	0.1g
Vitamin B12	0.9µg (36%RI†)
Iodine	31µg (21%RI†)
Vitamin B2	0.25mg (18%RI†)
Calcium	124mg (15%RI†)",,https://www.sainsburys.co.uk/gol-ui/product/cravendale-ss-milk-250ml,,2024-08-19T18:46:43.336468-04:00
66-1108-DAI,Müller Frijj Fudge Brownie Flavour Milkshake 330ml,Müller,Drinks,Dairy & eggs,Milk,330ML,£1.00,,£1.50,30p / 100ml,7895943.0,Ultra Heat Treated (UHT) long life fudge brownie flavour milkshake.,,https://assets.sainsburys-groceries.co.uk/gol/7895943/1/640x640.jpg,"Nutrient	Per 100ml		Per 100ml
Energy	301kJ / 72kcal
Fat	1.3g
of which saturates	0.8g
Carbohydrate	11.4g
of which sugars	10.9g
Protein	3.4g
Salt	0.10g
Calcium	116mg (14% NRV)
Vitamin B12	0.3µg (12% NRV)","Skimmed Milk (60%), Whole Milk (29%), Sugar Syrup, Buttermilk Powder, Modified Maize Starch, Cocoa Powder, Fructose, Stabilisers: Cellulose, Cellulose Gum, Carrageenan, Flavourings",https://www.sainsburys.co.uk/gol-ui/product/frijj-chocolate-fudge-flavoured-milk-400ml,,2024-08-19T18:46:06.352130-04:00
66-1109-DAI,Sainsbury's Favourite Cheese Selection 456g,Sainsbury's,"Dairy, eggs & chilled",Dairy & eggs,Cheese,,£6.60,,,£14.47 / kg,7191861.0,"French Brie, Mature Cheddar, Red Leicester, Wensleydale cheese with sweetened dried cranberries, Blue Stilton®",,https://assets.sainsburys-groceries.co.uk/gol/7191861/1/640x640.jpg,,,https://www.sainsburys.co.uk/gol-ui/product/sainsburys-favourite-cheese-selection-470g,,2024-08-20T16:18:05.055174-04:00
66-1110-DAI,Stonegate Estate Organic Eggs Large x6,Stonegate,"Dairy, eggs & chilled",Dairy & eggs,Eggs,,£3.45,,,58p / ea,8135959.0,Always Organic,,https://assets.sainsburys-groceries.co.uk/gol/8135959/1/640x640.jpg,"Nutrient	per 100g
Energy	547kj/ 131kcal
Fat	9.0g
of which saturates	2.5g
Carbohydrate	0.0g
of which sugars	0.0g
Fibre	0.0g
Protein	12.6g
Salt	0.39g",,https://www.sainsburys.co.uk/gol-ui/product/stonegate-estate-fine-organic-eggs-large-x6,,2024-08-20T16:18:26.551497-04:00
66-1111-DAI,Cathedral City Mini Lighter Cheese 6x20g,Cathedral,"Dairy, eggs & chilled",Dairy & eggs,Cheese,,£2.10,6 for £2.10,£1.65,£17.50 / kg,7988922.0,Reduced Fat Cheddar Cheese.,,https://assets.sainsburys-groceries.co.uk/gol/7988922/1/640x640.jpg,"Nutrient	per 100g	per 20g mini		per 100g	per 20g mini
Energy	1291kJ / 310kcal	258kJ / 62kcal
Fat	21.5g	4.3g
(of which saturates)	13.6g	2.7g
Carbohydrate	0.1g	0g
(of which sugars)	0.1g	0g
Protein	29.1g	5.8g
Salt	1.8g	0.4g
Calcium	845mg (106% RI)	169mg (21% RI)",,https://www.sainsburys.co.uk/gol-ui/product/cathedral-city-minis-light-6x20g,6x20g,2024-08-20T16:18:43.136439-04:00
66-1112-DAI,"Sainsbury's Mozzarella Pearls, Taste the Difference 125g",Sainsbury's,"Dairy, eggs & chilled",Dairy & eggs,Cheese,,£2.15,,,£17.20 / kg,8062706.0,Mozzarella di Bufala Campana DOP pearls in brine,,https://assets.sainsburys-groceries.co.uk/gol/8062706/1/640x640.jpg,,,https://www.sainsburys.co.uk/gol-ui/product/sainsburys-mozzarella-pearls-taste-the-difference-125g,,2024-08-20T16:19:04.102904-04:00
66-1113-DAI,Yeo Valley Organic Skimmed Milk 2L,Yeo,Drinks,Dairy & eggs,Milk,2L,£2.50,,£2.25,£1.25 / ltr,8020518.0,"Pasteurised, Organic Skimmed Milk",,https://assets.sainsburys-groceries.co.uk/gol/8020518/1/640x640.jpg,"Nutrient	Per 100ml		Per 100ml
Energy	148kJ/ 35kcal
Fat	0.3g
of which saturates	0.1g
Carbohydrate	4.9g
of which sugars	4.9g
Protein	3.6g
Salt	0.11g
Calcium (mg)	129(16.1% RI†)",,https://www.sainsburys.co.uk/gol-ui/product/yeo-valley-skimmed-milk-2l,,2024-08-19T18:45:16.578573-04:00
66-1114-DAI,Willow Block Alternative to Butter 250g,Willow,"Dairy, eggs & chilled",Dairy & eggs,"Butter, spreads & pastry",,£1.10,,,£4.40 / kg,2877631.0,"Spreading, Cooking, Baking",10 g,https://assets.sainsburys-groceries.co.uk/gol/2877631/1/640x640.jpg,"Nutrient	per 100g	per 10g serving
Energy	2872kJ / 698kcal	287kJ / 70kcal
Fat	77.2g	7.7g
of which saturates	28.5g	2.8g
Carbohydrate	0.5g	0.1g
of which sugars	0.5g	0.1g
Protein	0.3g	0g
Salt	1.6g	0.2g","Vegetable Oils in varying proportions (Sustainable Palm, Rapeseed), Water, Buttermilk (10%), Salt, Emulsifiers (E471, Lecithins), Colour (Carotenes), Flavouring",https://www.sainsburys.co.uk/gol-ui/product/willow-vegetable-fat-spread-250g,,2024-08-20T16:19:16.935494-04:00
66-1115-DAI,Actimel Plus Strawberry & Pomegranate Twist 8x100g,Actimel,Drinks,Dairy & eggs,Yogurts,,£3.85,8 for £3.85,,48p / 100g,8168215.0,"Yogurt drink with L. casei Danone cultures, vitamins D, B6 and B12, strawberry and pomegranate.",,https://assets.sainsburys-groceries.co.uk/gol/8168215/1/640x640.jpg,"Nutrient	Per 100g	% RI*		Per 100g	% RI*
Energy	313 kJ / 74 kcal	4 %
Fat	1.4 g	2 %
of which saturates	1.0 g	5 %
Carbohydrate	11 g	4 %
of which sugars	11 g	12 %
Fibre	1.0 g	-
Protein	2.9 g	6 %
Salt	0.10 g	2 %
Calcium	120 mg	15 %
Vitamin D	5 µg	100 %
Vitamin B6	0.21 mg	15 %
Vitamin B12	0.38 µg	15 %","Yogurt (Milk), Skimmed Milk, Sugar / Liquid Sugar, Strawberry Purée from Concentrate (2%), Oligofructose (Fibre), Dextrose, Strawberry Juice from Concentrate (0.3%), Pomegranate Juice from Concentrate (0.3%), Modified Starch, Milk Minerals, Acidity Regulators (Sodium Citrate, Citric Acid), Natural Flavourings, Lactobacillus Casei (L. Casei Danone®), Vitamins (D, B6, B12)",https://www.sainsburys.co.uk/gol-ui/product/actimel-plus-strawberry-pomegranate-twist-8x100g,8x100g,2024-08-19T21:23:19.185223-04:00
66-1116-DAI,Pro Mlk Strawberry Protein Shake 330ml,Pro,Drinks,Dairy & eggs,Milk,330ML,£1.15,,£1.00,35p / 100ml,8181679.0,"Protein Enriched Strawberry Flavour Milk Drink with Sweeteners, High Temperature Pasteurised",,https://assets.sainsburys-groceries.co.uk/gol/8181679/1/640x640.jpg,,"Skimmed Milk (95%), Milk Protein (3.6%), Cornflour, Stabilisers (Cellulose, Cellulose Gum, Carrageenan), Strawberry Juice Concentrate, Natural Flavourings, Colour: Beetroot Red, Acidity Regulator (Sodium Phosphate), Sweeteners (Acesulfame Potassium, Sucralose)",https://www.sainsburys.co.uk/gol-ui/product/pro-mlk-strawberry-protein-shake-330ml,,2024-08-19T18:46:51.202181-04:00
66-1117-DAI,"Sainsbury's Soft Cheese, SO Organic 250g",Sainsbury's,"Dairy, eggs & chilled",Dairy & eggs,Cheese,,£2.00,,,£8.00 / kg,7522543.0,Full fat organic soft cheese,,https://assets.sainsburys-groceries.co.uk/gol/7522543/1/640x640.jpg,,,https://www.sainsburys.co.uk/gol-ui/product/sainsburys-soft-cheese--so-organic-250g,,2024-08-20T16:19:38.468441-04:00
66-1118-DAI,"Sainsbury's Ash Goats Cheese Log, Taste the Difference 100g",Sainsbury's,"Dairy, eggs & chilled",Dairy & eggs,Cheese,,£2.50,,,£25.00 / kg,8182084.0,Full fat soft goat's cheese with ash,,https://assets.sainsburys-groceries.co.uk/gol/8182084/1/640x640.jpg,,,https://www.sainsburys.co.uk/gol-ui/product/sainsburys-ash-goats-log-taste-the-difference-100g,,2024-08-20T16:19:59.836236-04:00
66-1119-DAI,"Sainsbury's Gorgonzola Dolce Blue Cheese, Taste the Difference 200g",Sainsbury's,"Dairy, eggs & chilled",Dairy & eggs,Cheese,,£3.40,,,£17.00 / kg,7568203.0,Pasteurised semi-soft full fat blue cheese D.O.P.,,https://assets.sainsburys-groceries.co.uk/gol/7568203/1/640x640.jpg,,,https://www.sainsburys.co.uk/gol-ui/product/sainsburys-gorgonzola-dolce--taste-the-difference-200g,,2024-08-20T16:20:21.108783-04:00
66-1120-DAI,ProActiv Olive Oil Spread 450g,ProActiv,"Dairy, eggs & chilled",Dairy & eggs,"Butter, spreads & pastry",,£4.50,,£3.50,£10.00 / kg,6264865.0,35% vegetable fat spread with 7% olive oil and added plant sterols.,,https://assets.sainsburys-groceries.co.uk/gol/6264865/1/640x640.jpg,"Nutrient	Per 100g		Per 100g		Per 100g
Energy	1295 kJ / 314 kcal
Fat	35 g
of which saturated fatty acids	8.1 g
mono-unsaturated fatty acids	17 g
poly-unsaturated fatty acids	9.0 g
Carbohydrate	<0.5 g
of which sugars	<0.5 g
Protein	<0.5 g
Salt	0.80 g
Vitamin A	800 µg (100%*)
Vitamin D	7.5 µg (150%*)
Omega 6 / linoleic acid	7.5 g
Omega 3 / alpha-linolenic acid	1.6 g
Climate impact (CO₂-eq per 100g)	0.30 kg","Water, Vegetable Oils (Rapeseed, Olive Oil 7% (consisting of Refined Olive Oil and Extra Virgin Olive Oil), Sunflower, Coconut, Linseed), Plant Sterol Esters 9% (equivalent to 5.4% Plant Sterols), Salt (0.8%), Emulsifier: Lecithin, Natural Flavourings, Vitamin A and D",https://www.sainsburys.co.uk/gol-ui/product/flora-pro-activ-olive-spread-450g,,2024-08-20T16:20:29.169580-04:00
66-1121-DAI,Müller Rice Protein Chocolate Dessert 180g,Müller,"Dairy, eggs & chilled",Dairy & eggs,Special offers,,£1.10,,,61p / 100g,8189135.0,Low fat creamy dairy rice with smooth chocolate flavour sauce (15%) with sweeteners.,,https://assets.sainsburys-groceries.co.uk/gol/8189135/1/640x640.jpg,"Nutrient	per 100g
Energy	399kJ (95kcal)
Fat	2.9g
of which saturates	1.8g
Carbohydrate	9.5g
of which sugars	4.3g
Protein	7.5g
Salt	0.3g","Skimmed Milk, Buttermilk, Water, Rice (6%), Milk Protein Powder, Cream [Milk], Whole Egg Powder, Cocoa Powder [0.5%], Modified Maize Starch, Stabilisers: Carob Bean Gum, Guar Gum, Carrageenan, Cellulose Gum, Salt, Sweeteners: Acesulfame K, Sodium Cyclamate, Flavouring",https://www.sainsburys.co.uk/gol-ui/product/m%C3%BCller-rice-protein-chocolate-dessert-180g,,2024-08-20T16:20:42.856253-04:00
66-1122-DAI,Philadelphia Sweet Chilli Soft Cheese 165g,Philadelphia,"Dairy, eggs & chilled",Dairy & eggs,Cheese,,£2.20,,,£13.33 / kg,7708494.0,"Medium fat soft cheese with chilli peppers, pineapple and mango.",,https://assets.sainsburys-groceries.co.uk/gol/7708494/1/640x640.jpg,,"Medium Fat Soft Cheese, Invert Sugar Syrup, Chilli Peppers (2.5 %), Pineapple (1 %), Mango (0.6 %), Salt, Stabilisers (Locust Bean Gum, Carrageenan), Modified Starch, Acid (Citric Acid), Spirit Vinegar, Sugar",https://www.sainsburys.co.uk/gol-ui/product/philadelphia-light-sweet-chilli-170g,,2024-08-20T16:20:55.761728-04:00
66-1123-DAI,Boursin Garlic & Herbs Vegan Cheese Alternative Spread 130g,Boursin,"Dairy, eggs & chilled",Dairy & eggs,Cheese,,£3.00,,,£23.08 / kg,8092868.0,Plant based spread with garlic and herbs,,https://assets.sainsburys-groceries.co.uk/gol/8092868/1/640x640.jpg,"Nutrient	100 g:
Energy value	1074 kJ
Energy value	260 kcal
Fat	21.5 g
of which saturates	2 g
Carbohydrate	12.5 g
of which sugars	0.5 g
Protein	2 g
Salt	0.9 g","Water, Sunflower Oil (19%), Rice Flour, Sunflower Flour, Bamboo Fibres, Potato Starch, Potato Protein, Garlic 1%, Salt, Lemon Juice Concentrate, Natural Flavors, Herbs 0.3%, White Pepper",https://www.sainsburys.co.uk/gol-ui/product/boursin-plant-based-garlic-herbs-cheese-130g,,2024-08-20T16:21:08.858368-04:00
66-1124-DAI,Bertolli Spread 250g,Bertolli,"Dairy, eggs & chilled",Dairy & eggs,"Butter, spreads & pastry",,£1.50,,£1.25,£6.00 / kg,2982922.0,Made with Mediterranean Olive Oil,,https://assets.sainsburys-groceries.co.uk/gol/2982922/1/640x640.jpg,"Nutrient	Per 100g		Per 100g
Energy	2184kJ/ 531kcal
Fat	59g
- of which saturates	17g
monounsaturates	33g
polyunsaturates	9.3g
Carbohydrate	<0.5g
- of which sugars	<0.5g
Protein	<0.5g
Salt	1.1g
Vitamin A	(100% DRI*) 800µg
Vitamin D	(150% DRI*) 7.5µg","Vegetable Oils (Rapeseed, Palm, Olive (10%)), Water, Salt (1.1%), Buttermilk (Milk), Emulsifiers (Mono- & Diglycerides of Fatty Acids, Lecithin), Natural Flavourings, Vitamins A & D",https://www.sainsburys.co.uk/gol-ui/product/bertolli-spread-250g,,2024-08-20T16:21:16.953846-04:00
66-1125-DAI,Lurpak Lighter Slightly Salted Spreadable 250g,Lurpak,"Dairy, eggs & chilled",Dairy & eggs,"Butter, spreads & pastry",,£2.90,,,£11.60 / kg,3791783.0,Blended Spread 57% (32% milk fat & 25% rapeseed oil).,,https://assets.sainsburys-groceries.co.uk/gol/3791783/1/640x640.jpg,"Nutrient	per 100g
Energy	2121 kJ/ 516 kcal
Fat	57 g
of which saturates	22 g
Carbohydrate	0.4 g
of which sugars	0.4 g
Protein	0.3 g
Salt	0.90 g","Butter (40%) (Milk), Water, Rapeseed Oil, Lactic Culture (Milk)",https://www.sainsburys.co.uk/gol-ui/product/lurpak-spreadable--lighter-250g,,2024-08-20T16:21:30.157531-04:00
66-1126-DAI,"The Coconut Collaborative Yogurt Alternative, Madagascan Vanilla 350g",The,"Dairy, eggs & chilled",Dairy & eggs,Dairy free,,£2.75,,,79p / 100g,7851250.0,Cultured coconut dessert with natural flavouring,,https://assets.sainsburys-groceries.co.uk/gol/7851250/1/640x640.jpg,,"Coconut Milk (71%), Coconut Water (24%), Corn Starch, Potato Starch, Fruit Pectin, Corn Fibre, Natural Vanilla Flavouring (0.5%), Vanilla Bean Seeds (0.03%), Cultures: (S. Thermophilus + L. Bulgaricus, Lactobacillus Acidophilus, Bifidobacterium Lactis)",https://www.sainsburys.co.uk/gol-ui/product/the-coconut-collaborative-yogurt-alternative--madagascan-vanilla-350g,,2024-08-20T16:21:43.391697-04:00
66-1127-DAI,Mighty High Protein Pea Milk Alternative Unsweetened 1L,Mighty,Drinks,Dairy & eggs,Dairy free,1L,£1.90,,£1.50,£1.90 / ltr,7971199.0,UHT pea protein based drink with added vitamins and minerals.,,https://assets.sainsburys-groceries.co.uk/gol/7971199/1/640x640.jpg,"Nutrient	Per 100ml		Per 100ml
Energy	106kJ/ 25kcal
Fat	1.9g
of Which Saturates	0.3g
Carbohydrate	0.2g
of Which Sugars	0g
Fibre	0.1g
Protein	2.0g
Salt	0.13g
Vitamin D	0.75µg 15% RI†
Vitamin B12	0.90µg 36% RI†
Calcium	180mg 22.5% RI†
Iodine	30µg 20% RI†","Water, Pea* Protein Isolate (2.4%), Sunflower Oil, Rapeseed Oil, Fermented Pea, Calcium Carbonate, Natural Favourings, Stabilisers (Guar Gum, Gellan Gurn), Sea Salt, Acidity Regulator (Potassium Carbonate), lodine, Vitamins (B12, D), *Peas are Legumes",https://www.sainsburys.co.uk/gol-ui/product/The-Mighty-Society-Unsweetened-Pea-Mylk-1L,,2024-08-19T18:46:21.765662-04:00
66-1128-DAI,Arla Lactofree Organic Semi Skimmed Milk Drink 1 Litre,Arla,Drinks,Dairy & eggs,Dairy free,1L,£2.00,,,£2.00 / ltr,7991824.0,Lactose Free Pasteurised Homogenised Organic Semi Skimmed Filtered Milk Drink,,https://assets.sainsburys-groceries.co.uk/gol/7991824/1/640x640.jpg,"Nutrient	Per 100ml	Per 200ml		Per 100ml	Per 200ml
Energy	159kJ / 38kcal	318kJ / 76kcal
Fat	1.5g	3.1g
of which saturates	1.0g	2.0g
Carbohydrate	2.6g	5.1g
of which sugars	2.6g	5.1g
Protein	3.4g	6.9g
Salt	0.09g	0.19g
Vitamin B12	0.54µg (21.7% RI+)	1.09µg (43.4% RI+)
Calcium	112mg (14.0% RI+)	225mg (28.1% RI+)","Semi Skimmed Milk, Lactase Enzyme**, ** Permitted non-organic ingredient",https://www.sainsburys.co.uk/gol-ui/product/arla-lactofree-organic-semi-skimmed-milk-drink-1-litre,,2024-08-19T18:44:03.897231-04:00
66-1129-DAI,"Sainsbury's Ossau Iraty Cheese, Taste the Difference 180g",Sainsbury's,"Dairy, eggs & chilled",Dairy & eggs,Cheese,,£4.25,,,£23.61 / kg,7571009.0,Ossau-Iraty AOP Full fat hard cheese made from pasteurised ewe's milk,,https://assets.sainsburys-groceries.co.uk/gol/7571009/1/640x640.jpg,,,https://www.sainsburys.co.uk/gol-ui/product/sainsburys-ossau-iraty--taste-the-difference-180g,,2024-08-20T16:22:04.366552-04:00
66-1130-DAI,Alpro Barista Coconut Milk Chilled Dairy Alternative 750ml,Alpro,"Dairy, eggs & chilled",Dairy & eggs,Dairy free,750ML,£1.75,,£1.25,£2.33 / ltr,8173290.0,"Coconut drink with soya, added calcium and vitamins, flash pasteurised.",,https://assets.sainsburys-groceries.co.uk/gol/8173290/1/640x640.jpg,"Nutrient	per 100ml		per 100ml
Energy	140 kJ / 33 kcal
Fat	1.4 g
of which saturates	0.7 g
Carbohydrate	3.4 g
of which sugars	3.3 g
Fibre	0.3 g
Protein	1.5 g
Salt	0.10 g
D2	0.75 µg*
B12	0.38 µg*
Calcium	120 mg*","Water, Coconut Milk [5.7%] [Coconut Cream [2.6%), Water]], Hulled Soya Beans [3.8%], Sugar, Fructose, Acidity Regulators [Potassium Phosphates], Calcium [Calcium Carbonate], Sea Salt, Flavouring, Stabiliser [Gellan Gum], Vitamins B12, D2",https://www.sainsburys.co.uk/gol-ui/product/alpro-barista-coconut-750ml,,2024-08-20T16:22:13.678650-04:00
66-1131-DAI,Bonne Maman Clementine Mousses 2x70g,Bonne,"Dairy, eggs & chilled",Dairy & eggs,Yogurts,,£2.20,2 for £2.20,,£1.57 / 100g,8085888.0,Clementine and Lemon Mousse.,,https://assets.sainsburys-groceries.co.uk/gol/8085888/1/640x640.jpg,"Nutrient	100g
Energy	717 KJ/ 171kcal
Fat	9 g
of which saturates	6 g
Carbohydrates	19g
of which sugars	16 g
Fibre	1 g
Protein	3 g
Salt	0 g","Yoghurt (Milk) 38%, Fruit Preparation 34% (Clementine Juice 30%, Lemon Juice 15%, Clementine 7.5%, Lemon Puree 5.8%, Water, Sugar, Corn Starch), Cream (Milk) 24%, Sugar, Pork Gelatine",https://www.sainsburys.co.uk/gol-ui/product/bonne-maman-clementine-mousses-2x70g,2x70g,2024-08-20T16:22:26.787105-04:00
66-1132-DAI,Fage Fruits Mango & Passion Fruit Strained Yoghurt 380g,Fage,"Dairy, eggs & chilled",Dairy & eggs,Special offers,,£2.50,,£1.75,66p / 100g,8126426.0,Greek Recipe Strained Yoghurt with Mango & Passion Fruit,,https://assets.sainsburys-groceries.co.uk/gol/8126426/1/640x640.jpg,"Nutrient	per 100g
Energy	442 kJ / 105 kcal
Fat	4.0 g
of which saturates	2.9 g
Carbohydrate	10.0 g
of which sugars	9.2 g
Protein	7.3 g
Salt	0.08 g","Strained Yoghurt [Pasteurised Skimmed Milk, Cream (Milk), Cultures], Sugar, Water, Mango Puree from Concentrate (5%), Passion Fruit Puree from Concentrate (3%), Maize Starch, Natural Flavourings, Lemon Juice Concentrate",https://www.sainsburys.co.uk/gol-ui/product/fage-fruits-mango-passion-fruit-strained-yoghurt-380g,,2024-08-20T16:22:34.882887-04:00
66-1133-DAI,"Sainsbury's Mild Cheddar, So Organic 400g",Sainsbury's,"Dairy, eggs & chilled",Dairy & eggs,Cheese,,£3.95,,,£9.88 / kg,8024928.0,Organic Mild Cheddar,,https://assets.sainsburys-groceries.co.uk/gol/8024928/1/640x640.jpg,,,https://www.sainsburys.co.uk/gol-ui/product/sainsburys-mild-cheddar-organic-400g,,2024-08-20T16:22:56.576965-04:00
66-1134-DAI,Yeo Valley Organic Kefir Honey Fermented Yogurt 350g,Yeo,"Dairy, eggs & chilled",Dairy & eggs,Yogurts,,£2.00,,,57p / 100g,8166568.0,Fermented Honey Yogurt with Live Kefir Cultures,,https://assets.sainsburys-groceries.co.uk/gol/8166568/1/640x640.jpg,"Nutrient	Per 100g		Per 100g
Energy	349kJ/ 83kcal
Fat	1.4g
of which saturates	0.9g
Carbohydrate	13.5g
of which sugars	11.5g
Protein	3.8g
Salt	0.11g
Calcium	167mg/21% NRV
Phosphorus	111mg/16% NRV","Organic Milk Fermented with Live Kefir Cultures, Organic Honey (5%), Organic Sugar (3%), Organic Maize Starch, Natural Flavouring, Organic Concentrated Lemon Juice",https://www.sainsburys.co.uk/gol-ui/product/yeo-valley-organic-kefir-honey-fermented-yogurt-350g,,2024-08-20T16:23:09.805538-04:00
66-1135-DAI,Quick Milk Sipper Chocolate 5x6g,Quick,Drinks,Dairy & eggs,Milk,,60p,5 for 60p,,£20.00 / kg,7517210.0,Milk flavouring sipper with chocolate flavour sugar dragee,,https://assets.sainsburys-groceries.co.uk/gol/7517210/1/640x640.jpg,,"Sugar, Cocoapowder (8.2%), Glucose Syrup, Dextrose, Natural Chocolate Flavour",https://www.sainsburys.co.uk/gol-ui/product/quick-milk-sipper-chocolate-5x6g,5x6g,2024-08-19T18:47:30.542694-04:00
66-1136-DAI,Shaken Udder Top Banana! Milkshake 330ml,Shaken,Drinks,Dairy & eggs,Milk,330ML,£1.60,,,48p / 100ml,7865964.0,High Temperature Pasteurised Milk Drink with Banana,,https://assets.sainsburys-groceries.co.uk/gol/7865964/1/640x640.jpg,"Nutrient	Per 100ml:	Per 330ml	RI*		Per 100ml:	Per 330ml	RI*
Energy	264kJ/ 63kcal	-	-
Fat	1.4g	-	-
of which saturates	1.0g	-	-
Carbohydrate	9.3g	-	-
of which sugars	8.2g	-	-
Protein	3.1g	-	-
Salt	0.15g	-	-
Vitamin B2 Riboflavin (mg)	0.22	0.73	52%
Vitamin B12 (µg)	0.80	2.64	106%
Calcium (mg)	111	366	46%","Semi-Skimmed Milk (91%), Banana Purée (5%), Sugar, Stabilisers (Cellulose, Modified Starch, Guar Gum, Cellulose Gum, Carrageenan), Natural Flavourings, Acidity Regulator (Sodium Citrates), Colouring (Carotenes)",https://www.sainsburys.co.uk/gol-ui/product/shaken-udder-top-banana%21-banana-milkshake-330ml,,2024-08-19T18:49:02.702569-04:00
66-1137-DAI,Ufit Strawberry Flavour High Protein Milkshake 330ml,Ufit,Drinks,Dairy & eggs,Milk,330ML,£2.00,,£1.50,61p / 100ml,8056375.0,25g Protein,,https://assets.sainsburys-groceries.co.uk/gol/8056375/1/640x640.jpg,"Nutrient	Per 100ml	Per 330ml	RI%* Per 100ml		Per 100ml	Per 330ml	RI%* Per 100ml
Energy (kJ)	190	627	-
Energy (kcal)	45	149	-
Fat (g)	0.1	0.3	-
of which saturates (g)	0.1	0.3	-
Carbohydrate (g)	3.4	11	-
of which sugars (g)	3.3	11	-
Protein (g)	7.6	25	-
Salt (g)	0.13	0.43	-
Vitamin D2 (µg)	0.33	1.09	6.5
Vitamin E (mg)	0.78	2.57	6.5
Vitamin C (mg)	5.20	17.16	6.5
Selenium (µg)	3.60	11.88	6.5","Skimmed Milk, Milk Protein Concentrate, Water, Skimmed Milk Powder, Oat Fibre (Gluten), Vitamin & Mineral Blend (Vitamin C, Vitamin E, Selenium, Vitamin D2), Stabilisers: Gellan Gum, Carrageenan, Natural Flavourings, Colouring: Lycopene, Salt, Sweetener: Sucralose, Acidity Regulator: Sodium Citrate",https://www.sainsburys.co.uk/gol-ui/product/ufit-high-protein-shake-drink-strawberry-330ml,,2024-08-19T18:48:13.284171-04:00
66-1138-DAI,Little Yeos Mango Vanilla & Blueberry Banana Yogurt Organic No Added Sugar 6x42g,Little,"Dairy, eggs & chilled",Dairy & eggs,Special offers,,£2.15,6 for £2.15,£1.25,85p / 100g,8166547.0,Organic Yogurt Blended with a Smooth Fruit Purée,,https://assets.sainsburys-groceries.co.uk/gol/8166547/1/640x640.jpg,"Nutrient	Per 100g	Per 42g Pot		Per 100g	Per 42g Pot		Per 100g	Per 42g Pot		Per 100g	Per 42g Pot
Energy	351kJ/ 84kcal	147kJ/ 35kcal
Fat	4.3g	1.8g
of which saturates	2.9g	1.2g
Carbohydrate	7.3g	3.1g
of which sugars	6.2g	2.6g
Protein	3.9g	1.6g
Salt*	0.09g	0.04g
Calcium	142mg	59mg†
Energy	351kJ/ 84kcal	147kJ/ 35kcal
Fat	4.3g	1.8g
of which saturates	2.9g	1.2g
Carbohydrate	7.3g	3.1g
of which sugars	6.2g	2.6g
Protein	3.9g	1.6g
Salt*	0.09g	0.04g
Calcium	142mg	59mg†","Organic Yogurt (Milk), Organic Mango Purée (15%), Organic Maize Starch, Natural Flavourings, Organic Concentrated Lemon Juice, Organic Vanilla Extract, Lactase Enzyme",https://www.sainsburys.co.uk/gol-ui/product/little-yeos-mango-vanilla-blueberry-banana-yogurt-organic-no-added-sugar-6x42g,6x42g,2024-08-20T16:23:18.029146-04:00
66-1139-DAI,Cathedral City Mini Extra Mature Cheddars 6x20g,Cathedral,"Dairy, eggs & chilled",Dairy & eggs,Cheese,,£2.10,6 for £2.10,£1.65,£17.50 / kg,8084202.0,Cheddar cheese.,,https://assets.sainsburys-groceries.co.uk/gol/8084202/1/640x640.jpg,"Nutrient	per 100g	per 20g mini		per 100g	per 20g mini
Energy	1725kJ / 416kcal	345kJ / 83kcal
Fat	34.9g	7.0g
(of which saturates)	21.7g	4.3g
Carbohydrate	0.1g	0g
(of which sugars)	0.1g	0g
Protein	25.4g	5.1g
Salt	1.8g	0.4g
Calcium	739mg (92% RI)	148mg (18% RI)",,https://www.sainsburys.co.uk/gol-ui/product/cathedral-city-mini-extra-mature-cheddars-6x20g,6x20g,2024-08-20T16:23:34.247711-04:00
66-1140-DAI,Sainsbury's Rhubarb Fool 114g,Sainsbury's,"Dairy, eggs & chilled",Dairy & eggs,Yogurts,,95p,,,83p / 100g,6728107.0,"Rhubarb fool made with a blend of rhubarb compote, yogurt and cream",,https://assets.sainsburys-groceries.co.uk/gol/6728107/1/640x640.jpg,,,https://www.sainsburys.co.uk/gol-ui/product/sainsburys-fabulously-fruity-rhubarb-fool-114g,,2024-08-20T16:23:55.584428-04:00
66-1141-DAI,Yeo Valley Kefir Rhubarb Fermented Organic Yogurt 350g,Yeo,"Dairy, eggs & chilled",,,,£2.00,,,57p / 100g,8166596.0,Fermented Rhubarb Yogurt with Live Kefir Cultures,,https://assets.sainsburys-groceries.co.uk/gol/8166596/1/640x640.jpg,"Nutrient	Per 100g		Per 100g
Energy	317kJ/ 75kcal
Fat	1.5g
of which saturates	1.1g
Carbohydrate	10.3g
of which sugars	9.8g
Protein	5.1g
Salt	0.10g
Calcium	172mg/22% NRV
Phosphorus	113mg/16% NRV","Organic Milk Fermented with Live Kefir Cultures, Organic Rhubarb (5.2%), Organic Sugar (5%), Organic Tapioca Starch, Natural Flavouring, Organic Concentrated Lemon Juice, Organic Concentrated Elderberry Juice",https://www.sainsburys.co.uk/gol-ui/product/yeo-valley-kefir-rhubarb-fermented-organic-yogurt-350g,,2024-08-20T16:24:14.569671-04:00
66-1142-DAI,"Sainsbury's Cheddar & Harissa Burger Melts, Taste the Difference 100g",Sainsbury's,"Dairy, eggs & chilled",Dairy & eggs,Cheese,,£2.50,,£1.66,£25.00 / kg,8182369.0,"Mature cheddar cheese blended with harissa seasoning, scotch bonnet chilli chutney, clear honey and red bell peppers",,https://assets.sainsburys-groceries.co.uk/gol/8182369/1/640x640.jpg,,,https://www.sainsburys.co.uk/gol-ui/product/sainsburys-cheddar-harissa-burger-melts-taste-the-difference-100g,,2024-08-20T16:24:30.783013-04:00
66-1143-DAI,Alpro Soya Growing Up Long Life Dairy Alternative Toddler Drink 1+ Years 3x250ml,Alpro,Drinks,Baby meals,All baby meals,250ML,£1.75,3 for £1.75,,£2.33 / ltr,7801058.0,"Soya drink for children from 1 year onwards, with added minerals and vitamins.",,https://assets.sainsburys-groceries.co.uk/gol/7801058/1/640x640.jpg,"Nutrient	per 100ml		per 100ml
Energy	268 kJ / 64 kcal
Fat	2.1 g
of which Saturates	0.3 g
Carbohydrate	8.3 g
of which Sugars	2.5 g
Fibre	0.4 g
Protein	2.5 g
Salt	0.04 g
D	1.5 µg (30%*)
C	12 mg (15%*)
B12	0.38 µg (15%*)
Riboflavin (B2)	0.21 mg (15%*)
Calcium	120 mg (15%*)
Iron	2.1 mg (15%*)
Iodine	24.5 µg (16%*)","Soya Base (Water, Hulled Soya Beans (6.6 %)), Maltodextrin, Raw Cane Sugar, Fructose, Sunflower Oil, Calcium (Calcium Carbonate), Acidity Regulator (Potassium Phosphates), Flavourings, Emulsifier (Lecithins (Sunflower)), Stabiliser (Gellan Gum), Iron Pyrophosphate, Potassium Iodide, Vitamins (B2, B12, C, D2)",https://www.sainsburys.co.uk/gol-ui/product/alpro-growing-up-drink-soya-1-3-3x250ml,3x250ml,2024-08-19T18:48:05.574363-04:00
66-1144-DAI,Yazoo Banana Milk Drink 400ml,Yazoo,Drinks,Dairy & eggs,Milk,400ML,£1.50,,75p,38p / 100ml,8156803.0,Banana flavour milk drink (UHT),,https://assets.sainsburys-groceries.co.uk/gol/8156803/1/640x640.jpg,,"Semi Skimmed Milk, Skimmed Milk, Sugar, Banana Juice from Concentrate (1%), Stabiliser: Gellan Gum, Natural Flavouring, Colour: Carotenes",https://www.sainsburys.co.uk/gol-ui/product/yazoo-banana-milk-drink-400ml,,2024-08-19T18:48:20.932464-04:00
66-1145-DAI,Oatly Oatgurt Strawberry 400g,Oatly,"Dairy, eggs & chilled",Dairy & eggs,Dairy free,,£2.40,,,60p / 100g,8047131.0,"Fermented oat product, strawberry, with added vitamins and minerals.",,https://assets.sainsburys-groceries.co.uk/gol/8047131/1/640x640.jpg,"Nutrient	per 100 g:		per 100 g:
Energy	423 kJ / 101 kcal
Fat	3.2 g
of which saturates	0.3 g
Carbohydrate	16 g
of which sugars	9.3 g
Fibre	1.1 g
Protein	1.4 g
Salt	0.06 g
Vitamin D	1.1 µg (22%*)
Vitamin B12	0.38 µg (15%*)
Calcium	120 mg (15%*)
Iodine	22.5 µg (15%*)","Water, Oats 10%, Sugar 5%, Strawberry Puree* 4.5%, Strawberry Juice* 3.9%, Potato Starch, Rapeseed Oil, Modified Potato Starch, Oat Fibre, Potato Protein, Corn Starch, Acids (Malic Acid, Lactic Acid), Natural Flavourings, Lemon Juice*, Sweet Potato Juice*, Apple Juice*, Radish Juice*, Cherry Juice*, Minerals (Calcium Carbonate, Calcium Phosphate, Potassium Iodide), Salt, Vitamins (D2, B12), *From Concentrate",https://www.sainsburys.co.uk/gol-ui/product/oatly-the-orginal-oatgurt-strawberry-400g,,2024-08-20T16:24:43.991772-04:00
66-1146-DAI,Violife Cheddarton Cheddar Cheese Alternative,Violife,"Dairy, eggs & chilled",Dairy & eggs,Cheese,,£2.75,,,£13.75 / kg,8158488.0,Food Preparation with Coconut Oil.,100 g,https://assets.sainsburys-groceries.co.uk/gol/8158488/1/640x640.jpg,"Nutrient	Per 100g	Per Serving (30g)***	%RI* Per Serving (30g)***		Per 100g	Per Serving (30g)***	%RI* Per Serving (30g)***
Energy	1407kJ/ 340kcal	422kJ/ 102kcal	5%
Fat	30g	9g	13%
- Of which Saturates	27g	8.1g	41%
Carbohydrates	16g	4.8g	2%
- Of which Sugars	1.5g	0.5g	1%
Protein	0.2g	0.1g	0%
Salt	2.5g	0.8g	13%
Vitamin B12	2.5µg (100%)**	0.75µg (30%)**	-
Calcium	140mg (18%)**	42mg (5%)**	-","Water, Coconut Oil (30%), Modified Starch, Starch, Sea Salt, Fructose, Bamboo Fibre, Thickener (Agar), Cheddar Flavour, Calcium Phosphate, Acidity Regulator (Lactic Acid), Olive Extract, Colour (Carotenes), Vitamin B12",https://www.sainsburys.co.uk/gol-ui/product/violife-cheddarton-block-200g,,2024-08-20T16:24:57.315997-04:00
66-1147-DAI,Nesquik Chocolate Milkshake Powder Tub 500g,Nesquik,Drinks,Dairy & eggs,Milk,,£5.25,,,£10.50 / kg,4032052.0,Chocolate Flavour Milkshake Mix with Added Vitamins C & D for Milk.,,https://assets.sainsburys-groceries.co.uk/gol/4032052/1/640x640.jpg,,"Sugar, Fat-Reduced Cocoa Powder* (23%), Emulsifier (Soya Lecithin), Salt, Vitamins (C, D), Natural Flavouring, Cinnamon, *Rainforest Alliance Certified",https://www.sainsburys.co.uk/gol-ui/product/nesquik-chocolate-powder-500g,,2024-08-19T18:47:17.443660-04:00
66-1148-DAI,Yeo Valley Organic Greek Recipe Strawberry & Passion Fruit 150g,Yeo,"Dairy, eggs & chilled",Dairy & eggs,Special offers,,£1.35,,85p,90p / 100g,8187372.0,Strained Strawberry & Passion Fruit Yogurt,,https://assets.sainsburys-groceries.co.uk/gol/8187372/1/640x640.jpg,"Nutrient	Per 100g	Per 150g pot		Per 100g	Per 150g pot
Energy	450kJ/ 107kcal	675kJ/ 161kcal
Fat	4.4g	6.7g
of which saturates	2.8g	4.3g
Carbohydrate	8.9g	13.4g
of which sugars	7.0g	10.6g
Protein	8.0g	12.0g
Salt*	0.06g	0.10g
Calcium	80mg	120mg†
Vitamin B2	0.14mg	0.21mg†
Vitamin B12	0.25µg	0.38µg†","Organic Strained Yogurt (Milk), Organic Sugar (4%), Organic Strawberries (2%), Organic Passion Fruit Juice (2%), Organic Strawberry Purée, Organic Tapioca Starch, Natural Flavourings, Organic Elderberry Juice, Organic Concentrated Lemon Juice",https://www.sainsburys.co.uk/gol-ui/product/yeo-valley-organic-greek-recipe-strawberry-passion-fruit-150g,,2024-08-20T16:25:05.352180-04:00
66-1149-DAI,Dairylea Snackers Cheese & Crackers with Cadbury Dairy Milk Giant Buttons 64.2g,Dairylea,"Dairy, eggs & chilled",Dairy & eggs,Cheese,,£1.60,,,£24.92 / kg,8079200.0,Cheese food slices (40 %) with added vitamin D. Butter flavour wheat crackers. Milk chocolates (20%).,,https://assets.sainsburys-groceries.co.uk/gol/8079200/1/640x640.jpg,,"Cheese Food: Cheese (75 %), Skimmed Milk (Water, Skimmed Milk Powder), Emulsifying Salts (Sodium Citrates, Potassium Citrates), Milk Proteins, Butter, Skimmed Milk Powder, Whey Powder (from Milk), Vitamin D, Preservative (Sorbic Acid), Acidity Regulator (Citric Acid), Anti-Caking Agent (Sunflower Lecithins), Wheat Crackers: Wheat Flour (71 %), Sunflower Oil, Wheat Bran, Sugar, Butter, Glucose-Fructose Syrup, Raising Agents (Ammonium Carbonates, Sodium Carbonates), Whey Powder (from Milk), Wheat Germ, Potassium Chloride, Flavourings (contains Milk), Flour Treatment Agent (Sodium Metabisulphite), Milk Chocolates: Milk†, Sugar, Cocoa Butter Cocoa Mass, Vegetable Fats (Palm, Shea), Emulsifier (E442), Flavourings, †The equivalent of 426 ml of Fresh Liquid Milk in every 227 g of Milk Chocolate, Milk Solids 20 % minimum, actual 23 %, Cocoa Solids 20 % minimum, Contains Vegetable Fats in addition to Cocoa Butter",https://www.sainsburys.co.uk/gol-ui/product/dairylea-snackers-cheese-crackers-with-cadbury-dairy-milk-giant-buttons-642g,,2024-08-20T16:25:18.432626-04:00
66-1150-DAI,Biotiful Gut Health Kids Kefir Yogurt Drink Strawberry & Banana 4x100ml,Biotiful,"Dairy, eggs & chilled",Dairy & eggs,Milk,100ML,£2.00,4 for £2.00,,50p / 100ml,8184728.0,Kids Kefir: fermented milk with strawberry and banana and added vitamin D,,https://assets.sainsburys-groceries.co.uk/gol/8184728/1/640x640.jpg,"Nutrient	Per 100ml	(% of reference intake)		Per 100ml	(% of reference intake)
Energy, kcal (kJ)	52 (219)	-
Fat (g)	1.3	-
of which saturates (g)	0.8	-
Carbohydrates (g)	7.3	-
of which sugars** (g)	6.9	-
Protein (g)	3.3	-
Salt (g)	0.09	-
Vitamin D3 (µg)	0.75	(15%)
Vitamin B12 (µg)	0.25	(10%)
Calcium (mg)	149	(19%)","Pasteurised Cow's Milk Fermented with Live Kefir Cultures, Fruit Extract (Apple, Carob, Grape), Strawberry Puree (2.4%), Banana Puree (1.2%), Stabiliser (Pectin), Natural Flavouring, Lemon Concentrate, Elderberry Juice Concentrate Vitamin D3",https://www.sainsburys.co.uk/gol-ui/product/biotiful-gut-health-kids-kefir-strawberry-banana-4x100ml,4x100ml,2024-08-20T16:25:31.665450-04:00
66-1151-DAI,Oatly Oat Drink Chocolate Deluxe Chilled 1L,Oatly,"Dairy, eggs & chilled",Dairy & eggs,Dairy free,1L,£2.20,,,£2.20 / ltr,8005310.0,"Deluxe, extra creamy with 2.5% fat. Oat drink, chocolate flavoured, with added vitamins and minerals.",,https://assets.sainsburys-groceries.co.uk/gol/8005310/1/640x640.jpg,,"Water, Oats 10%, Sugar 3%, Rapeseed Oil, Cocoa Powder 1.3%, Minerals (Calcium Carbonate, Calcium Phosphates, Potassium Iodide), Natural Flavourings, Salt, Vitamins (D2, Riboflavin, B12)",https://www.sainsburys.co.uk/gol-ui/product/oatly-the-original-oat-drink-chocolate-deluxe-1l,,2024-08-20T16:25:44.776080-04:00
66-1152-DAI,Sainsbury's On the Go Greek Style Yogurt with Mixed Berry Compote & Crispy Granola 210g,Sainsbury's,"Dairy, eggs & chilled",Dairy & eggs,Special offers,,£1.75,,,83p / 100g,7871910.0,"Greek style yogurt, blackberry, strawberry and blackcurrant compote, crispy oat granola with sugar and sweetener",,https://assets.sainsburys-groceries.co.uk/gol/7871910/1/640x640.jpg,,,https://www.sainsburys.co.uk/gol-ui/product/sainsburys-on-the-go-berry-granola-yogurt-210g,,2024-08-20T16:26:05.956662-04:00
66-1153-DAI,Shaken Udder Strawberry Dream Milkshake 750ml,Shaken,Drinks,Dairy & eggs,Milk,750ML,£2.45,,£2.00,33p / 100ml,8032118.0,High Temperature Pasteurised Milk Drink with Strawberries & Cornish Cream,,https://assets.sainsburys-groceries.co.uk/gol/8032118/1/640x640.jpg,"Nutrient	Per 100ml:	Per 250ml	RI*		Per 100ml:	Per 250ml	RI*
Energy	308kJ/ 73kcal	-	-
Fat	2.4g	-	-
of which saturates	1.7g	-	-
Carbohydrate	9.6g	-	-
of which sugars	8.3g	-	-
Protein	3.2g	-	-
Salt	0.17g	-	-
Vitamin B12 (µg)	0.80	2.00	80%
Calcium (mg)	111	278	35%","Semi-Skimmed Milk (89%), Strawberry Purée (4%), Sugar, Cornish Double Cream (1.7%) (Milk), Stabilisers (Cellulose, Modified Starch, Guar Gum, Cellulose Gum, Carrageenan), Natural Flavourings, Colouring (Beetroot Juice Concentrate), Acidity Regulator (Sodium Citrates)",https://www.sainsburys.co.uk/gol-ui/product/shaken-udder-strawberry-750ml,,2024-08-19T18:49:10.936586-04:00
66-1154-DAI,Activia Low Fat Yogurt Raspberry & Chia Seed Muesli 165g,Activia,"Dairy, eggs & chilled",Dairy & eggs,Yogurts,,£1.85,,,£1.12 / 100g,8035599.0,Low fat yogurt with sugar and a raspberry and chia seed muesli,,https://assets.sainsburys-groceries.co.uk/gol/8035599/1/640x640.jpg,,"Yogurt with Sugar (88%): Yogurt (Milk), Sugar (3.5%), Muesli (12%): Oat Flakes (51%), Sugar, Oligofructose, Einkorn Wheat Flakes (6%), Sunflower Oil, Chia Seeds (4.1%), Cereal Crispies (4.1%) (Rice Semolina, Ground Extruded Oat, Wheat Germ, Barley Malt, Salt), Wheat Flour, Freeze-Dried Raspberry Pieces (3%), Acacia Fiber, Dextrose, Rye Flour, Salt",https://www.sainsburys.co.uk/gol-ui/product/activia-low-fat-yogurt-raspberry-chia-seed-muesli-165g,,2024-08-20T16:26:19.079061-04:00
66-1155-DAI,Yeo Valley Organic Greek Recipe Peach & Raspberry 150g,Yeo,"Dairy, eggs & chilled",Dairy & eggs,Special offers,,£1.35,,85p,90p / 100g,8187360.0,Strained Peach & Raspberry Yogurt,,https://assets.sainsburys-groceries.co.uk/gol/8187360/1/640x640.jpg,"Nutrient	Per 100g	Per 150g pot		Per 100g	Per 150g pot
Energy	471kJ/ 112kcal	707kJ/ 168kcal
Fat	4.5g	6.8g
of which saturates	2.9g	4.3g
Carbohydrate	9.9g	14.9g
of which sugars	7.5g	11.3g
Protein	8.0g	12.0g
Salt*	0.06g	0.09g
Calcium	80mg	120mg†
Vitamin B2	0.14mg	0.21mg†
Vitamin B12	0.25µg	0.38µg†","Organic Strained Yogurt (Milk), Organic Sugar (5%), Organic Peach Purée (3%), Organic Raspberry (1%), Organic Peaches, Organic Tapioca Starch, Natural Flavourings, Organic Concentrated Lemon Juice",https://www.sainsburys.co.uk/gol-ui/product/yeo-valley-organic-greek-recipe-peach-raspberry-150g,,2024-08-20T16:26:27.077581-04:00
66-1156-DAI,Graham's Protein 22 Raspberry Yogurt 190g,Graham's,"Dairy, eggs & chilled",Dairy & eggs,Yogurts,,£1.20,,,60p / 100g,7849503.0,Raspberry Quark,,https://assets.sainsburys-groceries.co.uk/gol/7849503/1/640x640.jpg,"Nutrient	Per 100g
Energy	346kJ/ 83kcal
Fat	0.4g
(of which saturates	0.2g)
Carbohydrate	7.5g
(of which sugars	5.5g)
Protein	12.3g
Salt	<0.1g","Quark (Milk) (89%), Raspberry (5%), Sugar, Water, Corn Flour, Raspberry Juice (1%), Colour (Anthocyanins), Acid (Citric Acid), Natural Flavourings",https://www.sainsburys.co.uk/gol-ui/product/grahams-protein-22-raspberry-yogurt-190g,,2024-08-20T16:26:40.081397-04:00
66-1157-DAI,Tims Dairy Greek Style Vanilla Bio-Live Yogurt 450g,Tims,"Dairy, eggs & chilled",Dairy & eggs,Yogurts,,£2.30,,,51p / 100g,8082354.0,Greek Style Vanilla Bio-Live Yogurt,,https://assets.sainsburys-groceries.co.uk/gol/8082354/1/640x640.jpg,,"Natural Flavouring, Vanilla Pod Powder, Greek Style Natural Yogurt (Milk) Sugar",https://www.sainsburys.co.uk/gol-ui/product/tims-dairy-greek-style-vanilla-bio-live-yogurt-450g,,2024-08-20T16:26:54.050867-04:00
66-1158-DAI,Organic Oat Drink Chilled 1L,Organic,"Dairy, eggs & chilled",Dairy & eggs,Dairy free,1L,£2.20,,,£2.20 / ltr,8030970.0,"Organic oat drink, 1.5% fat.",,https://assets.sainsburys-groceries.co.uk/gol/8030970/1/640x640.jpg,,"Water, Oats* 10%, Rapeseed Oil*, Sea Salt, *Organic Ingredient",https://www.sainsburys.co.uk/gol-ui/product/oatly-oat-drink-semi-organic-1l,,2024-08-20T16:27:07.234956-04:00
66-1159-DAI,"Starbucks Chocolate Hazelnut Flavour Cappuccino Chilled Coffee, Limited Edition 220ml",Starbucks,Drinks,Dairy & eggs,Milk,220ML,£2.20,,,£1.00 / 100ml,8182170.0,"Milk drink with Starbucks® Arabica coffee, fat-reduced cocoa and hazelnut flavour. UHT.",,https://assets.sainsburys-groceries.co.uk/gol/8182170/1/640x640.jpg,"Nutrient	per 100 ml:
Energy:	266kJ/ 63kcal
Fat;	1,6g
of which saturates:	1,0g
Carbohydrate:	9,0g
of which sugars:	8,6g
Protein:	2,9g
Salt:	0,13g","2% Fat Milk (75%), Starbucks Arabica Coffee (Water, Coffee Extract) (19.5%), Sugar (4.7%), Fat-Reduced Cocoa Powder (0.6%), Acidity Regulator (Potassium Carbonate), Natural Flavourings, Stabilisers (Gellan Gum, Carrageenan), Sea Salt (0.04%)",https://www.sainsburys.co.uk/gol-ui/product/starbucks-chocolate-hazelnut-flavour-cappuccino-chilled-coffee-limited-edition-220ml,,2024-08-19T18:49:31.588152-04:00
66-1160-DAI,FAGE Total 0% Fat Free Greek Recipe Strained Yoghurt with Honey 150g,FAGE,"Dairy, eggs & chilled",Dairy & eggs,Yogurts,,£1.35,,,90p / 100g,7527412.0,"18g sugars, 8.1g protein, 104 kcal per 100g",,https://assets.sainsburys-groceries.co.uk/gol/7527412/1/640x640.jpg,"Nutrient	per 100g
Energy	444 kJ/ 104 kcal
Fat	0 g
of which saturates	0 g
Carbohydrate	18 g
of which sugars	18 g
Protein	8.1 g
Salt	0.08 g","Strained Yoghurt (78%) [Pasteurised Skimmed Milk, Live Active Yoghurt Cultures (L. Bulgaricus, S. Thermophilus, L. Acidophilus, Bifidus, L. Casei)], Honey (22%) (blend of EU Honeys)",https://www.sainsburys.co.uk/gol-ui/product/fage-total-0-fat-greek-yogurt-split-pot-with-honey-170g,,2024-08-20T16:27:20.360713-04:00
66-1161-DAI,Philadelphia Snack Soft Cheese Dip & Breadsticks 3x42g,Philadelphia,"Dairy, eggs & chilled",Dairy & eggs,Cheese,,£2.00,3 for £2.00,,£15.87 / kg,7976702.0,Medium fat soft cheese dip with breadsticks (29 %) with added wheat dextrin (dietary fibre) and wheat germ.,,https://assets.sainsburys-groceries.co.uk/gol/7976702/1/640x640.jpg,,"Soft Cheese Dip: Medium Fat Soft Cheese (86 %), Water, Modified Starch, Salt, Stabilisers (Guar Gum, Locust Bean Gum, Carrageenan), Acid (Citric Acid), Breadsticks: Wheat Flour, Coconut Oil, Wheat Dextrin (2.5 %), Barley Malt Extract, Yeast, Wheat Germ (1 %), Salt",https://www.sainsburys.co.uk/gol-ui/product/philadelphia-light-soft-cheese-dip-breadsticks-426g,3x42g,2024-08-20T16:27:33.420496-04:00
66-1162-DAI,Lindahls Kvarg Raspberry Protein Yogurt 500g,Lindahls,"Dairy, eggs & chilled",Dairy & eggs,Special offers,,£2.50,,£2.00,50p / 100g,8115132.0,Fat Free Quark with Raspberry Flavour and Sweeteners.,,https://assets.sainsburys-groceries.co.uk/gol/8115132/1/640x640.jpg,,"Quark (from Skimmed Milk) 93%, Water, Modified Maize Starch, Natural Flavouring, Black Carrot Juice Concentrate, Sweeteners (Ascesulfame K, Aspartame), Acidity Regulator: Citric Acid, Natural Raspberry Flavouring",https://www.sainsburys.co.uk/gol-ui/product/lindahls-kvarg-raspberry-500g,,2024-08-20T16:27:41.098715-04:00
66-1163-DAI,Alpro Coconut Milk Long Life Dairy Alternative 1L,Alpro,Drinks,Dairy & eggs,Dairy free,1L,£2.10,,,£2.10 / ltr,7679992.0,Coconut drink with rice and added calcium and vitamins.,,https://assets.sainsburys-groceries.co.uk/gol/7679992/1/640x640.jpg,"Nutrient	per 100 ml		per 100 ml
Energy	85 kJ / 20 kcal
Fat	0.8 g
of which Saturates	0.8 g
Carbohydrate	2.7 g
of which Sugars	1.9 g
Fibre	0.1 g
Protein	0.1 g
Salt	0.13 g
D2	0.75 µg*
B12	0.38 µg*
Calcium	120 mg*","Water, Coconut Milk (8.6%) (Water, Coconut Cream (4%)), Rice (3.3%), Calcium (Tri-Calcium Phosphate), Stabilisers (Guar Gum, Gellan Gum, Xanthan Gum), Sea Salt, Flavourings, Vitamins B12, D2",https://www.sainsburys.co.uk/gol-ui/product/alpro-long-life-coconut-rice-drink-1l,,2024-08-19T18:50:00.150902-04:00
66-1164-DAI,Yazoo Chocolate Milk Drink 1L,Yazoo,Drinks,Dairy & eggs,Milk,1L,£2.00,,,20p / 100ml,8032220.0,Chocolate milk drink (UHT),,https://assets.sainsburys-groceries.co.uk/gol/8032220/1/640x640.jpg,,"Semi-Skimmed Milk, Sugar, Fat Reduced Cocoa Powder (1%), Stabilisers: Cellulose, Cellulose Gum and Carageenan, Natural Flavouring",https://www.sainsburys.co.uk/gol-ui/product/yazoo-chocolate-1l,,2024-08-19T18:48:33.828080-04:00
66-1165-DAI,Cathedral City Our Plant Based Dairy Free Slices 6x25g,Cathedral,"Dairy, eggs & chilled",Dairy & eggs,Cheese,,£2.30,6 for £2.30,,£15.33 / kg,8144186.0,"A blend of coconut oil and starch with added calcium, used as a dairy free alternative to cheese",,https://assets.sainsburys-groceries.co.uk/gol/8144186/1/640x640.jpg,"Nutrient	Per 100g	Per 25g slice		Per 100g	Per 25g slice
Energy	1360kJ / 328kcal	340kJ / 82kcal
Fat	25.7g	6.4g
of which saturates	22.2g	5.5g
Carbohydrate	21.1g	5.3g
of which sugars	0.4g	0.1g
Fibre	6g	1.5g
Protein	0.2g	0.1g
Salt	2.1g	0.5g
Calcium	177mg (22% RI)	44mg (6% RI)","Rice Base (Water, Dried Rice Syrup), Coconut Oil (26%), Modified Starch (Potato, Maize), Potato Starch, Sea Salt, Flavourings, Calcium, Bamboo Fibre, Acid (Lactic Acid), Gelling Agent (Agar), Colour (Carotenes)",https://www.sainsburys.co.uk/gol-ui/product/cathedral-city-our-plant-based-dairy-free-slices-6x25g,6x25g,2024-08-20T16:27:54.291272-04:00
66-1166-DAI,Utterly Butterly Spread Alternative to Butter 1kg,Utterly,"Dairy, eggs & chilled",Dairy & eggs,"Butter, spreads & pastry",,£2.70,,,£2.70 / kg,8080518.0,45% Vegetable fat spread,10 g,https://assets.sainsburys-groceries.co.uk/gol/8080518/1/640x640.jpg,"Nutrient	per 100g	per 10g serving
Energy	1707kJ / 415kcal	171kJ / 41kcal
Fat	45g	4.5g
of which saturates	11.2g	1.1g
of which mono-unsaturates	22.8g	2.3g
of which polyunsaturates	9.2g	0.9g
Carbohydrate	2.3g	0.2g
of which sugars	0.3g	0g
Protein	0.2g	0g
Salt	1.48g	0.1g","Water, Vegetable Oils in varying proportions (Rapeseed, Sustainable Palm, Sunflower), Buttermilk, Modified Maize Starch, Salt, Emulsifiers (E471, Lecithins), Preservative (Potassium Sorbate), Acid (Lactic Acid), Colours (Annatto Bixin, Curcumin), Flavouring",https://www.sainsburys.co.uk/gol-ui/product/utterly-butterly-spread-1kg,,2024-08-20T18:13:25.084717-04:00
66-1167-DAI,Sainsbury's Chocolate Surprise 150g,Sainsbury's,"Dairy, eggs & chilled",Dairy & eggs,Special offers,,£1.25,,£1.00,83p / 100g,7741483.0,Milk chocolate custard topped with a layer of cream mousse,,https://assets.sainsburys-groceries.co.uk/gol/7741483/1/640x640.jpg,,,https://www.sainsburys.co.uk/gol-ui/product/sainsburys-chocolate-surprise--basics-150g,,2024-08-20T18:13:41.569627-04:00
66-1168-DAI,Ufit Chocolate Flavour High Protein Milkshake 330ml,Ufit,Drinks,Dairy & eggs,Milk,330ML,£2.00,,£1.50,61p / 100ml,8056366.0,No Added Sugar,,https://assets.sainsburys-groceries.co.uk/gol/8056366/1/640x640.jpg,"Nutrient	Per 100ml	Per 330ml	RI%* Per 100ml		Per 100ml	Per 330ml	RI%* Per 100ml
Energy (kJ)	202	667	-
Energy (kcal)	48	158	-
Fat (g)	0.3	1.0	-
of which saturates (g)	0.2	0.7	-
Carbohydrate (g)	3.5	12	-
of which sugars (g)	3.3	11	-
Protein (g)	7.6	25	-
Salt (g)	0.13	0.43	-
Vitamin D2 (μg)	0.33	1.09	6.5
Vitamin E (mg)	0.78	2.57	6.5
Vitamin C (mg)	5.20	17.16	6.5
Selenium (μg)	3.60	11.88	6.5","Skimmed Milk, Milk Protein Concentrate, Water, Skimmed Milk Powder, Fat-Reduced Cocoa Powder (1.4%), Oat Fibre (Gluten), Vitamin & Mineral Blend (Vitamin C, Vitamin E, Selenium, Vitamin D2), Stabilisers: Gellan Gum, Carrageenan, Natural Flavourings, Salt, Sweetener: Sucralose, Acidity Regulator: Sodium Citrate",https://www.sainsburys.co.uk/gol-ui/product/ufit-high-protein-shake-drink-chocolate-330ml,,2024-08-19T18:49:39.607023-04:00
66-1169-DAI,Sainsbury's Puff Pastry Light 320g,Sainsbury's,"Dairy, eggs & chilled",Dairy & eggs,"Butter, spreads & pastry",,£1.15,,,£3.59 / kg,8174204.0,Reduced fat puff pastry,,https://assets.sainsburys-groceries.co.uk/gol/8174204/1/640x640.jpg,,,https://www.sainsburys.co.uk/gol-ui/product/sainsburys-puff-pastry-light-320g,,2024-08-20T18:14:02.907608-04:00
66-1170-DAI,"Sainsbury's White Chocolate & Raspberry Milk, Taste the Difference 750ml",Sainsbury's,"Dairy, eggs & chilled",Dairy & eggs,Milk,750ML,£2.10,,,28p / 100ml,8185718.0,High temperature pasteurised white chocolate and raspberry flavour whole milk drink with added sugar,,https://assets.sainsburys-groceries.co.uk/gol/8185718/1/640x640.jpg,,,https://www.sainsburys.co.uk/gol-ui/product/sainsburys-white-chocolate-raspberry-milk-taste-the-difference-750ml,,2024-08-20T18:14:24.128928-04:00
66-1171-DAI,"Starbucks Vanilla Macchiato Iced Coffee, Plant-Based Drink 220ml",Starbucks,Drinks,Dairy & eggs,Milk,220ML,£2.20,,,£1.00 / 100ml,8032149.0,Oat drink with Starbucks® Arabica coffee and vanilla flavour. UHT.,,https://assets.sainsburys-groceries.co.uk/gol/8032149/1/640x640.jpg,"Nutrient	per 100 ml:
Energy	251kJ/ 60kcal
Fat	1,6g
of which saturates	0,2g
Carbohydrate	9,4g
of which sugars	4,6g
Protein	0,7g
Salt	0,12g","Oat Base (Water, Oat (14%), Sunflower Oil) (75%), Starbucks® Arabica Coffee (Water, Coffee Extract) (20%), Chicory Inulin, Sugar (1.4%), Acidity Regulators (Tricalcium Phosphate, Sodium Hydroxide), Stabilisers (Gellan Gum, Locust Bean Gum), Salt, Natural Flavouring",https://www.sainsburys.co.uk/gol-ui/product/starbucks-oat-220ml,,2024-08-19T18:53:23.005194-04:00
66-1172-DAI,Piatnica Serek Wiejski Naturalny Cottage Cheese 500g,Piatnica,"Dairy, eggs & chilled",Dairy & eggs,Cheese,,£2.35,,,£4.70 / kg,8205810.0,Cottage cheese natural,,https://assets.sainsburys-groceries.co.uk/gol/8205810/1/640x640.jpg,,"Pasteurized Milk, Pasteurized Cream, Salt",https://www.sainsburys.co.uk/gol-ui/product/piatnica-serek-wiejski-naturalny-cottage-cheese-500g,,2024-08-20T18:14:37.179525-04:00
66-1173-DAI,Cocio Classic Chocolate Milk 270ml,Cocio,Drinks,Dairy & eggs,Milk,270ML,£1.00,,£1.85,37p / 100ml,7697658.0,Sterilised milk based drink with cocoa.,,https://assets.sainsburys-groceries.co.uk/gol/7697658/1/640x640.jpg,"Nutrient	per 100ml
Energy	301kJ/ 72kcal
Fat	2.1g
of which saturates	1.3g
Carbohydrate	9.3g
of which sugars	9.2g
Protein	3.5g
Salt	0.10g","2.1% Fat Milk (89%), Sugar, Fat Reduced Cocoa Powder¹ (1.5%), Natural Flavouring, ¹Rainforest Alliance Certified",https://www.sainsburys.co.uk/gol-ui/product/cocio-classic-chocolate-milk-270ml,,2024-08-19T18:49:47.055795-04:00
66-1174-DAI,Jus-Rol Croissants Dough x6 350g,Jus-Rol,"Dairy, eggs & chilled","Doughnuts, cookies & muffins","All doughnuts, cookies & muffins",,£2.30,,,£6.57 / kg,7776083.0,Chilled uncooked dough for croissants.,,https://assets.sainsburys-groceries.co.uk/gol/7776083/1/640x640.jpg,"Nutrient	(uncooked) Per 100g	(uncooked) Each croissant (57g)	%* (57g)
Energy	1494 kJ / 357 kcal	851 kJ / 204 kcal	10%
Fat	18.1 g	10.3 g	15%
of which saturates	9.5 g	5.4 g	27%
Carbohydrate	38.3 g	21.8 g	8%
of which sugars	8.6 g	4.9 g	5%
Fibre	1.8 g	1.0 g	-
Protein	6.6 g	3.8 g	8%
Salt	1.40 g	0.80 g	13%","Wheat Flour, Margarine (Vegetable Fats and Oils (Palm, Rapeseed), Water, Emulsifiers (Mono-and Diglycerides of Fatty Acids), Salt, Acid (Citric Acid)), Water, Sugar, Wheat Gluten, Dextrose, Raising Agents (Glucono-Delta-Lactone, Potassium Carbonates, Diphosphates), Ethyl Alcohol, Salt, Thickener (Xanthan Gum), Flavouring, Stabiliser (Magnesium Chloride), Colour (Carotenes), Flour Treatment Agent (Ascorbic Acid)",https://www.sainsburys.co.uk/gol-ui/product/jus-rol-bake-it-fresh-croissant-350g,,2024-08-20T18:14:49.895726-04:00
66-1175-DAI,Starbucks Skinny Latte Chilled Coffee 750ml,Starbucks,Drinks,Dairy & eggs,Milk,750ML,£3.75,,£2.50,50p / 100ml,8158123.0,Lactose free milk drink with Starbucks® Arabica coffee with added sweetener. UHT.,,https://assets.sainsburys-groceries.co.uk/gol/8158123/1/640x640.jpg,"Nutrient	per 100 ml:
Energy:	154 kJ / 37 kcal
Fat:	0.9g
of which saturates:	0.6g
Carbohydrate:	4.2g
of which sugars:	3.8g
Protein:	2.8g
Salt:	0.10g","1.1% Fat Milk (75%), Starbucks® Arabica Coffee (Water, Coffee Extract) (24.8%), Acidity Regulator (Potassium Carbonate), Stabilisers (Gellan Gum, Carrageenan), Lactase Enzyme, Sweetener (Acesulfame K)",https://www.sainsburys.co.uk/gol-ui/product/starbucks-multiserve-skinny-latte-iced-coffee-750ml,,2024-08-19T18:50:50.788931-04:00
66-1176-DAI,Biotiful Gut Health Kefir Yogurt British Strawberry 350g,Biotiful,"Dairy, eggs & chilled",Dairy & eggs,Yogurts,,£2.00,,,57p / 100g,8169397.0,Gut-health kefir yogurt with strawberry,,https://assets.sainsburys-groceries.co.uk/gol/8169397/1/640x640.jpg,"Nutrient	Per 100g	% of reference intake per 100g	1 serving (115g)		Per 100g	% of reference intake per 100g	1 serving (115g)
Energy, kcal (kJ)	76 (322)	-	88 (370)
Fat (g)	1.8	-	2.1
of which saturates (g)	1.2	-	1.4
Carbohydrates (g)	9.5	-	11
of which sugars*** (g)	6.5	-	7.5
Protein (g)	5.4	-	6.2
Salt (g)	0.19	-	0.21
Riboflavin B2 (mg)	0.26	19%	-
Vitamin B12 (µg)	0.40	16%	-
Calcium (mg)	176	22%	-
Phosphorus (mg)	142	20%	-","Pasteurised Cow's Milk Fermented with Live Kefir and Yogurt Cultures†, British Strawberry Puree (3%), Fruit Extract (Apple, Carob, Grape), Diced Strawberries (2%), Tapioca Starch, Stabiliser (Pectin), Natural Flavouring, Lemon Concentrate, †Includes: Bifidobacterium, Streptococcus Thermophilus, Lactobacillus Bulgaricus, Lactobacillus Acidophilus",https://www.sainsburys.co.uk/gol-ui/product/biotiful-british-strawberry-gut-health-kefir-yogurt-350g,,2024-08-20T18:15:03.096022-04:00
66-1177-DAI,Flora Plant Cream Double 250ml,Flora,"Dairy, eggs & chilled",Dairy & eggs,Cream,250ML,£1.55,,,62p / 100ml,8196008.0,"Blend of Lentil Protein, Coconut and Rapeseed Oil",,https://assets.sainsburys-groceries.co.uk/gol/8196008/1/640x640.jpg,"Nutrient	Per 100 ml
Energy	1205 kJ/ 292 kcal
Fats	31 g
- of which saturated	22 g
Carbohydrates	2.3 g
- of which sugars	1.3 g
Protein	0.6 g
Salt	0.11 g","Lentil Protein preparation (Water, 1.1% Lentil Protein), 31% Vegetable Oils (Coconut, Rapeseed), Sugar, Modified Corn Starch, Emulsifiers (Sunflower Lecithin, Sugar Esters of Fatty Acids, Mono- and Diglycerides of Fatty Acids), Stabilizers (Guar Gum, Locust Bean Gum), Natural Flavours, Salt, Colourant (Carotene)",https://www.sainsburys.co.uk/gol-ui/product/flora-plant-cream-double-250ml,,2024-08-20T18:15:16.405927-04:00
66-1178-DAI,Starbucks Caramel Frappuccino Flavoured Milk Iced Coffee 250ml,Starbucks,Drinks,Dairy & eggs,Milk,250ML,£2.20,,,88p / 100ml,8032152.0,"Milk drink with Starbucks® arabica coffee and caramel flavour, sterilised.",,https://assets.sainsburys-groceries.co.uk/gol/8032152/1/640x640.jpg,"Nutrient	/ 100 ml:
Energy:	272kJ/ 65kcal
Fat:	1.6g
of which saturates:	1.0g
Carbohydrate:	9.7g
of which sugars:	9.4g
Protein:	2.8g
Salt:	0.09g","2% Fat Milk (75%), Starbucks® Arabica Coffee (Water, Coffee Extract) (19.3%), Sugar (5.5%), Natural Flavourings (contains Milk), Acidity Requlator (Potassium Carbonates)",https://www.sainsburys.co.uk/gol-ui/product/starbucks-caramel-frappuccino-250ml,,2024-08-19T18:52:04.463420-04:00
66-1179-DAI,Le Rustique Brie 200g,Le,"Dairy, eggs & chilled",Dairy & eggs,Cheese,,£2.60,,,£13.00 / kg,8151962.0,Brie,,https://assets.sainsburys-groceries.co.uk/gol/8151962/1/640x640.jpg,"Nutrient	/ 100 g
Energy	1453 kJ - 351 kcal
Fat	31 g
of which saturates	22 g
Carbohydrate	1 g
of which sugars	<0,5 g
Protein	17 g
Salt	1,4 g",Full Fat Soft Cheese made from Pasteurised Cows' Milk,https://www.sainsburys.co.uk/gol-ui/product/le-rustique-brie-200g,,2024-08-20T18:15:29.447819-04:00
66-1180-DAI,Yeo Valley Organic Greek Style Natural Yogurt 150g,Yeo,"Dairy, eggs & chilled",Dairy & eggs,Yogurts,,85p,,,57p / 100g,8080504.0,Greek Style Natural Yogurt,,https://assets.sainsburys-groceries.co.uk/gol/8080504/1/640x640.jpg,"Nutrient	Per 100g		Per 100g
Energy	511kJ/ 123kcal
Fat	9.4g
of which saturates	6.1g
Carbohydrate	4.7g
of which sugars	4.7g
Protein	4.3g
Salt*	0.11g
Calcium	152mg†",,https://www.sainsburys.co.uk/gol-ui/product/yeo-valley-organic-greek-style-natural-150g,,2024-08-20T18:15:50.747691-04:00
66-1181-DAI,Actimel Kids Peach Yoghurt Drink 4x100g,Actimel,Drinks,Dairy & eggs,Yogurts,,£1.90,4 for £1.90,,48p / 100g,8080064.0,"Yogurt drink with L. Casei Danone cultures, vitamins D and B6, peach and added calcium.",,https://assets.sainsburys-groceries.co.uk/gol/8080064/1/640x640.jpg,"Nutrient	Per 100g	%RI*		Per 100g	%RI*
Energy	261 kJ / 62 kcal	3
Fat	1.4 g	2
of which saturates	0.9 g	5
Carbohydrate	9.0 g	3
of which sugars	8.5 g	9
Protein	3.3 g	7
Salt	0.11 g	2
Calcium	120 mg	15
Vitamin B6	0.21 mg	15
Vitamin D	1.67 µg	33","Yogurt (Milk), Peach Purée (6.2%), Sugar, Skimmed Milk, Tapioca Starch, Calcium Citrate (Calcium), Lemon Juice from Concentrate, Natural Flavouring, Lactobacillus Casei (L. Casei Danone®), Vitamins (B6, D)",https://www.sainsburys.co.uk/gol-ui/product/actimel-kids-peach-yoghurt-drink-4x100g,4x100g,2024-08-19T21:24:19.906817-04:00
66-1182-DAI,Starbucks DoubleShot Espresso No Added Sugar Iced Coffee Drink 200ml,Starbucks,Drinks,Dairy & eggs,Milk,200ML,£1.00,,£2.20,50p / 100ml,7912108.0,Milk drink with Starbucks® Arabica coffee with sweetener.,,https://assets.sainsburys-groceries.co.uk/gol/7912108/1/640x640.jpg,"Nutrient	per 100 ml:
Energy:	212kJ / 51kcal
Fat:	2.6g
of which saturates:	1.6g
Carbohydrate:	4.1g
of which sugars:	3.5g
Protein:	2.8g
Salt:	0.09g","3.3% Fat Milk (75%), Starbucks® Arabica Coffee (Water, Coffee Extract) (24.9%), Acidity Regulator (Potassium Carbonate), Sweetener (Acesulfame K)",https://www.sainsburys.co.uk/gol-ui/product/starbucks-doubleshot-espresso-no-added-sugar-200ml,,2024-08-19T18:50:16.452781-04:00
66-1183-DAI,Sainsbury's Free From Original Coconut Based Alternative to Soft Cheese 170g,Sainsbury's,"Dairy, eggs & chilled",Dairy & eggs,Cheese,,£2.10,,,£12.35 / kg,7800610.0,"A blend of coconut oil and soya protein, fortified with calcium",,https://assets.sainsburys-groceries.co.uk/gol/7800610/1/640x640.jpg,,,https://www.sainsburys.co.uk/gol-ui/product/sainsburys-freefrom-original-dairy-free-soft-cheese-170g,,2024-08-20T18:16:12.100334-04:00
66-1184-DAI,Fage Fruits Strawberry Strained Yoghurt 380g,Fage,"Dairy, eggs & chilled",Dairy & eggs,Special offers,,£2.50,,£1.75,66p / 100g,8126428.0,Greek Recipe Strained Yoghurt with Strawberry,,https://assets.sainsburys-groceries.co.uk/gol/8126428/1/640x640.jpg,"Nutrient	per 100g
Energy	447 kJ/ 106 kcal
Fat	4.0 g
of which saturates	2.9 g
Carbohydrate	10.3 g
of which sugars	9.2 g
Protein	7.3 g
Salt	0.09 g","Strained Yoghurt [Pasteurised Skimmed Milk, Cream (Milk), Cultures], Strawberry Puree (8%), Sugar, Water, Maize Starch, Black Carrot Juice Concentrate, Natural Flavourings, Live Yoghurt Cultures (L. Bulgaricus, S. Thermophilus, L. Acidophilus, Bifidus, L. Casei)",https://www.sainsburys.co.uk/gol-ui/product/fage-fruits-strawberry-strained-yoghurt-380g,,2024-08-20T18:16:20.021452-04:00
66-1185-DAI,The Collective Gourmet Morello Cherry Greek-Style Yoghurt 425g,The,"Dairy, eggs & chilled",Dairy & eggs,Yogurts,,£2.95,,,69p / 100g,7851257.0,Morello cherry yoghurt,,https://assets.sainsburys-groceries.co.uk/gol/7851257/1/640x640.jpg,"Nutrient	Per 100g
Energy	439kJ / 105kcal
Fat	4.6g
- Of which Saturates	3.0g
Carbohydrate	11.5g
- Of which Sugars	9.9g
Protein	4.5g
Salt	0.10g","Live Yoghurt* (Milk) (86%), Morello Cherry (5%), Sugar, Honey, Cornflour, Lemon Juice, Natural Flavourings, Gelling Agent (Fruit Pectin), Tapioca Starch, *Contains Cultures: S. Thermophilus, L. Acidophilus, Bifidobacterium",https://www.sainsburys.co.uk/gol-ui/product/the-collective-cherry-yogurt-450g,,2024-08-20T18:16:32.609193-04:00
66-1186-DAI,Alpro High Protein Chocolate Long Life Soya Dairy Alternative Drink 1L,Alpro,Drinks,Dairy & eggs,Dairy free,1L,£2.15,,,22p / 100ml,7996502.0,"Soya drink, chocolate flavour, with added calcium and vitamins.",,https://assets.sainsburys-groceries.co.uk/gol/7996502/1/640x640.jpg,"Nutrient	per 100 ml		per 100 ml
Energy	291 kJ / 69 kcal
Fat	2.8 g
of which Saturates	0.6 g
Carbohydrate	5.3 g
of which Sugars	5.0 g
Fibre	1.3 g
Protein	5.0 g
Salt	0.16 g
- D2	0.75 µg*
- Riboflavin (B2)	0.21 mg*
- Calcium	120 mg*","Soya Base [92.9%] [Water, Hulled Soya Beans [12%]], Sugar, Fat-Reduced Cocoa* [1.6%], Calcium (Calcium Carbonate), Flavouring, Sea Salt, Acidity Regulator [Potassium Phosphates], Stabiliser (Gellan Gum), Vitamins B2, D2, *Rainforest Alliance Certified",https://www.sainsburys.co.uk/gol-ui/product/alpro-plant-protein-chocolate-flavour-soya-uht-1l,,2024-08-19T18:51:25.040236-04:00
66-1187-DAI,Sainsbury's French Camembert Cheese Whole 250g,Sainsbury's,"Dairy, eggs & chilled",Dairy & eggs,Cheese,,£2.50,,,£10.00 / kg,681704.0,Soft mould ripened pasteurised cheese,,https://assets.sainsburys-groceries.co.uk/gol/681704/1/640x640.jpg,,,https://www.sainsburys.co.uk/gol-ui/product/sainsburys-whole-normandy-camembert-250g,,2024-08-20T18:16:53.444985-04:00
66-1188-DAI,Biocol Skimmed Milk 1L,Biocol,Drinks,Dairy & eggs,Milk,1L,£1.80,,,£1.80 / ltr,8160798.0,"Skimmed Cows' Milk with added plant sterols, high temperature pasteurised.",,https://assets.sainsburys-groceries.co.uk/gol/8160798/1/640x640.jpg,,"Skimmed Milk (99.6%), Plant Sterol Esters (0.4%)#, #Equivalent to Plant Sterols (0.24%)",https://www.sainsburys.co.uk/gol-ui/product/biocol-skimmed-milk-1l,,2024-08-19T18:51:37.942658-04:00
66-1189-DAI,GetPro Forest Fruits Flavour Protein Pouch Drink 200g,GetPro,Drinks,Dairy & eggs,Milk,,£1.65,,£1.25,83p / 100g,8190897.0,Forest Fruits Flavour Quark with Yoghurt and Sweeteners,100 g,https://assets.sainsburys-groceries.co.uk/gol/8190897/1/640x640.jpg,"Nutrient	Per 100g	Per serving (200g)	%RI* (200g)		Per 100g	Per serving (200g)	%RI* (200g)
Energy (kJ)/(kcal)	290/ 68	580/ 137	7%
Fat (g)	0.4	0.8	1%
of which saturates (g)	0.3	0.5	3%
Carbohydrate (g)	3.6	7.2	3%
of which sugars (g)	2.8	5.6	6%
Protein (g)	12	25	50%
Salt (g)	0.13	0.25	4%
Calcium (mg)	182 (23%)	364mg	45%","Quark (Milk) (51%), Yoghurt (Milk) (40%), Forest Fruits (6.1%) (Blackberry (2.9%), Strawberry (1.4%), Blueberry (0.8%), Blackcurrant (0.4%), Lingonberry (0.4%), Raspberry (0.2%)), Tapioca Starch, Fruit and Vegetable Concentrates (Carrot, Blueberry), Milk Minerals Concentrate, Thickener (Pectin), Natural Flavouring, Sweeteners (Acesulfame K, Sucralose), Lemon Juice Concentrate",https://www.sainsburys.co.uk/gol-ui/product/danone-getpro-forest-fruits-flavour-protein-pouch-200g,,2024-08-19T18:52:12.563205-04:00
66-1190-DAI,Castello Tex Mex Spicy Mozzarella & Cheddar Grated Cheese 180g,Castello,"Dairy, eggs & chilled",Dairy & eggs,Cheese,,£2.50,,£2.00,£13.89 / kg,8168718.0,"Grated firm medium fat mozzarella cheese and grated mild coloured Cheddar cheese, mixed with spices.",,https://assets.sainsburys-groceries.co.uk/gol/8168718/1/640x640.jpg,"Nutrient	per 100g
Energy	1429 kJ / 344 kcal
Fat	25 g
of which saturates	16 g
Carbohydrate	3.8 g
of which sugars	0.8 g
Protein	24 g
Salt	1.5 g","Mozzarella Cheese (Milk) (66%), Mild Coloured Cheddar Cheese (Milk) (33%) (Cheddar Cheese (Milk), Colour: Carotenes), Potato Starch, Spices",https://www.sainsburys.co.uk/gol-ui/product/castello-tex-mex-spicy-mozzarella-cheddar-grated-cheese-180g,,2024-08-20T18:17:00.931951-04:00
66-1191-DAI,Sainsbury's Cheese Selection 320g,Sainsbury's,"Dairy, eggs & chilled",Dairy & eggs,Cheese,,£3.65,,,£11.41 / kg,7179649.0,"Cheddar, Double Gloucester with spring onion and chive, Wensleydale with cranberries, Red Leicester",,https://assets.sainsburys-groceries.co.uk/gol/7179649/1/640x640.jpg,,,https://www.sainsburys.co.uk/gol-ui/product/sainsburys-cheese-selection--basics-320g,,2024-08-20T18:17:21.726908-04:00
66-1192-DAI,Nesquik Strawberry Milkshake Powder Tub 500g,Nesquik,Drinks,Dairy & eggs,Milk,,£5.25,,,£10.50 / kg,4032106.0,Strawberry Flavour Milkshake Mix with Added Vitamins C & D for Milk.,,https://assets.sainsburys-groceries.co.uk/gol/4032106/1/640x640.jpg,,"Sugar, Rice Flour, Natural Colour (Beetroot Red), Natural Flavouring, Vitamins (C, D)",https://www.sainsburys.co.uk/gol-ui/product/nesquick-strawberry-500g,,2024-08-19T18:11:49.369636-04:00
66-1193-DAI,Alpro Peach Gut Health Dairy Free Soya Yoghurt Alternative 4x125g,Alpro,"Dairy, eggs & chilled",Dairy & eggs,Dairy free,,£2.50,4 for £2.50,£2.00,50p / 100g,8132947.0,"Fermented soya product, peach, with added calcium and vitamins.",,https://assets.sainsburys-groceries.co.uk/gol/8132947/1/640x640.jpg,"Nutrient	per 100 g		per 100 g
Energy	285 kJ / 68 kcal
Fat	1.9 g
of which saturates	0.3 g
Carbohydrate	7.5 g
of which sugars	7.0 g
Fibre	1.6 g
Protein	3.5 g
Salt	0.11 g
- D	0.75 µg*
- B12	0.38 µg*
- Riboflavin (B2)	0.21 mg*
Minerals: Calcium	120 mg*","Soya Base [Water, Hulled Soya Beans [9.4%]], Peach [8%], Sugar, Soluble Corn Fibre, Calcium [Tri-Calcium- Citrate], Natural Flavourings, Modified Starch, Acidity Regulators [Citric Acid, Sodium Citrates], Carrot and Pumpkin Extracts, Sea Salt, Stabilisers [Pectins], Antioxidants [Tocopherol-rich Extract, Fatty Acid Esters of Ascorbic Acid], Vitamins (B2, B12, D2], Yogurt Cultures (S. Thermophilus, L. Bulgaricus), L. Acidophilus",https://www.sainsburys.co.uk/gol-ui/product/alpro-plant-based-gut-health-peach-500g,4x125g,2024-08-20T18:17:29.278302-04:00
66-1194-DAI,Yeo Valley Organic Double Free-Range Cream 220ml,Yeo,"Dairy, eggs & chilled",Dairy & eggs,Cream,220ML,£1.90,,,86p / 100ml,8102302.0,Pasteurised Double Cream,,https://assets.sainsburys-groceries.co.uk/gol/8102302/1/640x640.jpg,"Nutrient	Per 100ml
Energy	1919kJ/ 466kcal
Fat	50.5g
of which saturates	31.4g
Carbohydrate	1.6g
of which sugars	1.6g
Protein	1.5g
Salt*	0.05g",,https://www.sainsburys.co.uk/gol-ui/product/yeo-valley-organic-double-free-range-cream-220ml,,2024-08-20T18:17:50.205161-04:00
66-1195-DAI,Pro Mlk Coffee Protein Shake 330ml,Pro,Drinks,Dairy & eggs,Milk,330ML,£1.15,,£1.00,35p / 100ml,8181660.0,Protein Enriched Coffee Flavour Milk Drink with Sweeteners,,https://assets.sainsburys-groceries.co.uk/gol/8181660/1/640x640.jpg,,"Skimmed Milk (95%), Milk Protein (3%), Coffee Powder¹ (1.1%), Cornflour, Stabilisers (Cellulose, Cellulose Gum, Carrageenan), Acidity Regulator (Sodium Phosphate), Sweeteners (Acesulfame Potassium, Sucralose), ¹Rainforest Alliance Certified",https://www.sainsburys.co.uk/gol-ui/product/pro-mlk-coffee-protein-shake-330ml,,2024-08-19T18:52:20.297147-04:00
66-1196-DAI,Shaken Udder Vanilla licious Milkshake 330ml,Shaken,Drinks,Dairy & eggs,Milk,330ML,£1.60,,,48p / 100ml,7865968.0,High Temperature Pasteurised Milk Drink with Madagascan Vanilla Beans,,https://assets.sainsburys-groceries.co.uk/gol/7865968/1/640x640.jpg,"Nutrient	Per 100ml:	Per 330ml	RI*		Per 100ml:	Per 330ml	RI*
Energy	270kJ/ 64kcal	-	-
Fat	1.4g	-	-
of which saturates	1.0g	-	-
Carbohydrate	9.7g	-	-
of which sugars	8.4g	-	-
Protein	3.2g	-	-
Salt	0.13g	-	-
Vitamin B2 Riboflavin (mg)	0.23	0.76	54%
Vitamin B12 (µg)	0.90	2.97	119%
Calcium (mg)	115	380	47%","Semi-Skimmed Milk (94%), Sugar, Stabilisers (Cellulose, Modified Starch, Sodium Citrates, Guar Gum, Cellulose Gum, Carrageenan), Natural Flavourings, Madagascan Vanilla Seeds",https://www.sainsburys.co.uk/gol-ui/product/shaken-udder-vanillalicious%21-vanilla-milkshake-330ml,,2024-08-19T18:51:03.898911-04:00
66-1197-DAI,GetPro Banana Flavour Protein Pouch Drink 200g,GetPro,Drinks,Dairy & eggs,Milk,,£1.65,,£1.25,83p / 100g,8190892.0,Banana Flavour Quark with Yoghurt and Sweeteners,100 g,https://assets.sainsburys-groceries.co.uk/gol/8190892/1/640x640.jpg,"Nutrient	Per 100g	Per serving (200g)	%RI* (200g)		Per 100g	Per serving (200g)	%RI* (200g)
Energy (kJ/kcal)	296/ 70	592/ 139	7%
Fat (g)	0.4g	0.8g	1%
of which saturates (g)	0.3g	0.6g	3%
Carbohydrate (g)	4.0g	8.0g	3%
of which sugars (g)	3.4g	6.7g	7%
Protein (g)	12g	25g	49%
Salt (g)	0.12g	0.24g	4%
Calcium (mg)	165 (21%)	330mg	41%","Quark (Milk) (51%), Yoghurt (Milk) (40%), Banana (5%), Modified Maize Starch, Lemon Juice Concentrate, Colour (Plain Caramel), Thickener (Pectin), Flavouring, Sweeteners (Sucralose, Acesulfame K), Milk Minerals Concentrate",https://www.sainsburys.co.uk/gol-ui/product/danone-getpro-banana-flavour-protein-pouch-200g,,2024-08-19T18:53:44.209141-04:00
66-1198-DAI,Arla Blueberry Protein Yogurt 200g,Arla,"Dairy, eggs & chilled",Dairy & eggs,Special offers,,£1.25,,,63p / 100g,7756822.0,Blueberry Flavoured Strained Yogurt with Sweetener.,,https://assets.sainsburys-groceries.co.uk/gol/7756822/1/640x640.jpg,"Nutrient	Per 100 G
Energy	302 kJ/ 71 kcal
Fat	0.2 g
of which saturates	0.1 g
Carbohydrate	6.4 g
of which sugars	6.0 g
Protein	10 g
Salt	0.11 g","Lactose Free Skyr (Yogurt (Milk)), Grape Juice Concentrate, Blueberry Puree from Concentrate 1.8%, Waxy Maize Starch, Natural Flavouring, Black Carrot Concentrate, Hibiscus Concentrate, Steviol Glycosides from Stevia, Lactase Enzymes",https://www.sainsburys.co.uk/gol-ui/product/arla-protein-blueberry-yogurt-200g,,2024-08-20T18:18:02.866990-04:00
66-1199-DAI,Arla Jord Chilled Hemp & Oat Drink 1L,Arla,Drinks,Dairy & eggs,Dairy free,1L,£1.90,,£1.25,£1.90 / ltr,8030966.0,"Oat Drink with Hemp, Enriched with Vitamin D and Folic Acid (Vitamin B9), Pasteurised.",,https://assets.sainsburys-groceries.co.uk/gol/8030966/1/640x640.jpg,"Nutrient	Per 100 ml		Per 100 ml
Energy	179 kJ / 43 kcal
Fat	0,9 g
of which saturates	0,1 g
Carbohydrate	7,3 g
of which sugars	3,1 g
Fibre	1,0 g
Protein	0,9 g
Salt	0,10 g
Vitamin D	1,0 µg (20% RI / DRI*)
Folic Acid	15,0 µg (7,5% RI / DRI*)","Water, Oats (12%), Hemp Seed Paste (0,7%), Maize Fibre, Salt, Vitamin D, Folic Acid (Vitamin B9)",https://www.sainsburys.co.uk/gol-ui/product/jord-oat-hemp-1l,,2024-08-19T18:51:11.951760-04:00
66-1200-DAI,Milkybar White Chocolate Mousse 4x55g,Milkybar,"Dairy, eggs & chilled",Dairy & eggs,Special offers,,£2.00,4 for £2.00,£1.25,91p / 100g,7756856.0,White Chocolate Mousse,,https://assets.sainsburys-groceries.co.uk/gol/7756856/1/640x640.jpg,,"Skimmed Milk 76%, White Chocolate 7.5% (Sugar, Whole Milk Powder, Cocoa Butter¹, Natural Flavouring, Emulsifier Soya Lecithin), Sugar, Cream (Milk), Skimmed Milk Powder, Gelatine, Emulsifier: Lactic Acid Esters of Mono- and Di Glycerides of Fatty Acids, Thickener: Sodium Alginate, Acidity Regulator: Sodium Hydroxide, Flavourings, Carrot Concentrate, ¹Rainforest Alliance Certified",https://www.sainsburys.co.uk/gol-ui/product/milkybar-mousse-4x55g,4x55g,2024-08-20T18:18:10.355791-04:00
66-1201-DAI,I Can't Believe It's Not Butter Original 500g,I,"Dairy, eggs & chilled",Dairy & eggs,"Butter, spreads & pastry",,£1.00,,,£2.00 / kg,8202307.0,Half-fat margarine 39%.,,https://assets.sainsburys-groceries.co.uk/gol/8202307/1/640x640.jpg,"Nutrient	per 100g		per 100g
Energy	1443kJ / 351kcal
Fat	39g
of which saturates	10g
Carbohydrate	0g
of which sugars	0g
Protein	0g
Salt	1.3g
Climate impact (kg CO2 -eq per 100g)	0.37
Vitamin A	800 µg (100% DRI)
Vitamin D	7.5 µg (150% DRI)","Water, Vegetable Oils (Rapeseed, Palm, Sunflower, in varying proportion), Salt (1.3%), Emulsifiers (Mono- and Diglycerides of Fatty Acids, Lecithins), Flavouring, Acidity Regulator (Citric Acid), Vitamins (A and D)",https://www.sainsburys.co.uk/gol-ui/product/i-cant-believe-its-not-butter-original-500g,,2024-08-20T18:18:23.029995-04:00
66-1202-DAI,Califia Farms Mocha Cold Brew Coffee with Almond 750ml,Califia,Drinks,Dairy & eggs,Dairy free,750ML,£2.95,,,£3.93 / ltr,7914349.0,UHT Cold Brew Coffee and Almond Drink with Cocoa Powder and Added Calcium,,https://assets.sainsburys-groceries.co.uk/gol/7914349/1/640x640.jpg,"Nutrient	Per 100 ml		Per 100 ml
Energy	146 kJ / 35 kcal
Fat	1.3g
of which Saturates	0.2g
Carbohydrate	5.7g
of which Sugars	4.4g
Fibre	0.7g
Protein	0.8g
Salt	0.18g
Calcium	80mg (10%*)","Almond Drink (Water, Almonds (2%)), Coffee (30%) (Water, Coffee Extract), Cane Sugar, Cocoa Powder (1%), Flavourings, Calcium Carbonate, Sea Salt, Emulsifier (Sunflower Lecithin), Acidity Regulator (Potassium Citrate), Stabilisers (Guar Gum, Gellan Gum)",https://www.sainsburys.co.uk/gol-ui/product/califia-farms-mocha-cold-brew-coffee-with-almond-750ml,,2024-08-19T18:53:57.348301-04:00
66-1203-DAI,Califia Farms Unsweetened Almond Drink 750ml,Califia,Drinks,Dairy & eggs,Dairy free,750ML,£2.10,,,£2.80 / ltr,7862248.0,UHT Unsweetened Almond Drink with Added Calcium,,https://assets.sainsburys-groceries.co.uk/gol/7862248/1/640x640.jpg,"Nutrient	Per 100 ml		Per 100 ml
Energy	69kJ/ 17kcal
Fat	1.4g
of which Saturates	0.1g
Carbohydrate	0.4g
*of which Sugars	0.1g
Fibre	0.2g
Protein	0.7g
Salt	0.15g
Calcium	186mg (23%)","Water, Almonds (2.3%), Calcium Carbonate, Emulsifier (Sunflower Lecithin), Sea Salt, Flavourings, Stabilisers (Guar Gum, Gellan Gum), Acidity Regulator (Pottasium Citrate)",https://www.sainsburys.co.uk/gol-ui/product/califia-farms-almond-milk--unsweetened-750ml,,2024-08-19T18:52:46.758375-04:00
66-1204-DAI,Flora Buttery Spread with Natural Ingredients 250g,Flora,"Dairy, eggs & chilled",Dairy & eggs,"Butter, spreads & pastry",,£1.50,,,£6.00 / kg,8128080.0,75% Vegetable Fat Spread.,,https://assets.sainsburys-groceries.co.uk/gol/8128080/1/640x640.jpg,"Nutrient	Per 100g
Energy	2784kJ/ 677kcal
Fat	75g
of which saturates	28g
Carbohydrate	<0.5g
of which sugars	<0.5g
Protein	<0.5g
Salt	1.3g
Climate impact (kg CO2 -eq per 100g)	0.46","Vegetable Oils (Rapeseed, Sunflower, Linseed in Variable Proportions), Water, Coconut Fat, Emulsifier (Sunflower Lecithin), Faba Bean Preparation, Salt (1,3%), Natural Flavourings, Colour (Beta Carotene)",https://www.sainsburys.co.uk/gol-ui/product/flora-natural-dairy-free-spread-250g,,2024-08-20T18:18:35.800173-04:00
66-1205-DAI,Marmite Oven Baked Peanuts 190g,Marmite,"Dairy, eggs & chilled",Dairy & eggs,Cheese,,£3.00,,,£1.58 / 100g,8058509.0,Oven baked peanuts coated in a yeast extract seasoning,,https://assets.sainsburys-groceries.co.uk/gol/8058509/1/640x640.jpg,,"Peanuts (91%), Yeast Extract Powder, Rice Flour, Salt, Tapioca Starch, Natural Flavouring, Onion Powder, Acidity Regulator: Citric Acid, Garlic Powder, Onion Juice Concentrate, Vitamins (Thiamine, Riboflavin, Niacin, Vitamin B12, Folic Acid)",https://www.sainsburys.co.uk/gol-ui/product/marmite-oven-baked-peanuts-190g,,2024-08-20T18:18:48.386537-04:00
66-1206-DAI,"Sainsbury's Chaource Cheese, Taste the Difference 250g",Sainsbury's,"Dairy, eggs & chilled",Dairy & eggs,Cheese,,£3.55,,,£14.20 / kg,7567989.0,Full fat semi-soft AOP cheese made with pasteurised cows' milk,,https://assets.sainsburys-groceries.co.uk/gol/7567989/1/640x640.jpg,,,https://www.sainsburys.co.uk/gol-ui/product/sainsburys-chaource--taste-the-difference-250g,,2024-08-20T18:19:08.820056-04:00
66-1207-DAI,For Goodness Shakes Protein Chocolate Flavour Shake 435ml,For,Drinks,Dairy & eggs,Milk,435ML,£2.30,,,53p / 100ml,7677241.0,Protein is UHT milk based fat free high protein shake with sweetener enriched with vitamins. Chocolate flavour.,,https://assets.sainsburys-groceries.co.uk/gol/7677241/1/640x640.jpg,"Nutrient	Per 100ml	%NRV Per 100ml	Per 435ml Serv	%NRV Per 435ml		Per 100ml	%NRV Per 100ml	Per 435ml Serv	%NRV Per 435ml
Energy kJ	195	-	844	-
Energy kcal	46	-	199	-
Fat (g)	0.3	-	1.3	-
of which saturates (g)	0.2	-	0.9	-
Carbohydrate (g)	4.8	-	21	-
of which sugars (g)*	4.6	-	20	-
Fibre (g)	0.4	-	1.7	-
Protein (g)	5.8	-	25	-
Salt (g)	0.12	-	0.52	-
Vitamin D (µg)	0.3	5	1.3	22
Niacin (mg)	0.56	3.5	2.4	15
Folic Acid (µg)	7.0	3.5	30.4	15
Vitamin B12 (µg)	0.7	26	3.04	113
Riboflavin (mg)	0.2	15	0.87	65
Calcium (mg)	152	19	661	83","Skimmed Milk (89%), Water, Milk Protein Concentrate (2.7%), Fat Reduced Cocoa Powder (1.5%), Stabilisers (Cellulose, Cellulose Gum, Gellan Gum), Flavouring, Vitamins (Niacin, Vitamin D, Vitamin B12, Folic Acid), Sweetener (Sucralose)",https://www.sainsburys.co.uk/gol-ui/product/for-goodness-shakes-protein-chocolate-475ml-x12,,2024-08-19T18:51:51.356926-04:00
66-1208-DAI,Attack a Snak Pepperoni & Cheese Wrap Kit with Tomato Ketchup 83g,Attack,"Dairy, eggs & chilled",Dairy & eggs,Cheese,,£1.50,,,£18.07 / kg,8084805.0,"2 Wheat Flour Tortillas, 1 Cheestring (Medium Fat Hard Cheese), Sliced Pepperoni and Tomato Ketchup",,https://assets.sainsburys-groceries.co.uk/gol/8084805/1/640x640.jpg,,"Wheat Flour Tortilla (53%) (Fortified Wheat Flour (Wheat Flour, Calcium Carbonate, Iron, Niacin, Thiamin), Water, Vegetable Oils (Palm Oil, Rapeseed Oil), Humectant (Glycerol), Acidity Regulators (Citric Acid, Malic Acid), Raising Agent (Sodium Carbonate), Preservatives (Potassium Sorbate, Calcium Propionate), Emulsifier (Mono- and Diglycerides of Fatty Acids), Stabiliser (Carboxy Methyl, Cellulose), Flavouring, Sugar), String Cheese Stick (22%) (Pasteurized Milk, Salt, Acidity Regulator (Citric Acid), Lactic Acid Bacteria), Pepperoni Slices (13%) (Pork Meat, Pork Fat, Salt, Dextrose, Chilli, Rosemary Extract, Garlic Powder, Natural Paprika Flavouring, Paprika, Black Pepper, Ginger Powder, Antioxidant (Sodium Ascorbate), Preservative (Sodium Nitrite), Smoke), Tomato Ketchup (12%) (Tomato Puree, Glucose/Fructose Syrup, Sugar, Spirit Vinegar, Salt, Spice Mix (Onion, Clove, Salt, Cayenne Pepper, Garlic Oil))",https://www.sainsburys.co.uk/gol-ui/product/attack-a-snak-pepperoni-cheese-wrap-kit-90g,,2024-08-20T18:19:21.616233-04:00
66-1209-DAI,For Goodness Shakes Protein Strawberry Flavour Shake 435ml,For,Drinks,Dairy & eggs,Milk,435ML,£2.30,,,53p / 100ml,7727552.0,Protein is a UHT milk-based fat-free high protein shake with sweetener enriched with vitamins. Strawberry flavour.,,https://assets.sainsburys-groceries.co.uk/gol/7727552/1/640x640.jpg,"Nutrient	Per 100ml	%NRV Per 100ml	Per 435ml Serv	%NRV Per 435ml		Per 100ml	%NRV Per 100ml	Per 435ml Serv	%NRV Per 435ml
Energy kJ	191	-	844	-
Energy kcal	45	-	199	-
Fat (g)	0.1	-	<0.5	-
of which saturates (g)	0.06	-	0.3	-
Carbohydrate (g)	5	-	22	-
of which sugars (g)*	5	-	22	-
Fibre (g)	0.4	-	1.7	-
Protein (g)	5.8	-	25	-
Salt (g)	0.12	-	0.52	-
Vitamin D (µg)	0.3	5	1.3	22
Niacin (mg)	0.56	3.5	2.4	15
Folic Acid (µg)	7.0	3.5	30.4	15
Vitamin B12 (µg)	0.7	26	3.04	113
Riboflavin (mg)	0.2	15	0.87	65
Calcium (mg)	152	19	661	83","Skimmed Milk (97%), Milk Protein Concentrate (2.8%), Stabilisers (Cellulose, Cellulose Gum, Gellan Gum), Flavouring, Colouring (Carotene), Vitamins (Niacin, Vitamin D, Vitamin B12, Folic Acid), Sweetener (Sucralose)",https://www.sainsburys.co.uk/gol-ui/product/for-goodness-shakes-strawberry-475ml,,2024-08-19T18:50:29.640106-04:00
66-1210-DAI,Actimel Supermix Cranberry Redcurrant Rosehip Yogurt Drinks 12x100g,Actimel,Drinks,Dairy & eggs,Yogurts,,£4.50,12 for £4.50,,38p / 100ml,8082428.0,"Yogurt drink with L. casei Danone cultures, vitamins D and B6, cranberry, rosehip, redcurrant, strawberry.",,https://assets.sainsburys-groceries.co.uk/gol/8082428/1/640x640.jpg,"Nutrient	Per 100g	% RI*		Per 100g	% RI*
Energy	301 kJ/ 71 kcal	4
Fat	1.4 g	2
of which saturates	1.0 g	5
Carbohydrate	11 g	4
of which sugars	11 g	12
Fibre	0.2 g	-
Protein	2.9 g	6
Salt	0.10 g	2
Calcium	120 mg	15
Vitamin D	1.67 µg	33
Vitamin B6	0.21 mg	15","Yogurt (Milk), Skimmed Milk, Sugar/Liquid Sugar, Concentrated Fruit Purees (2.7%) [Cranberry (2%), Strawberry (0.7%)], Rosehip Purée (0.7%), Concentrated Redcurrant Juice (0.7%), Dextrose, Modified Maize Starch, Milk Minerals Concentrate, Acidity Regulator (Sodium Citrate), Flavouring, Black Carrot Concentrate, Lactobacillus casei (Lcasei Danone®), Vitamins (D, B6)",https://www.sainsburys.co.uk/gol-ui/product/actimel-supermix-cranberry-redcurrant-rosehip-12x100g,12x100g,2024-08-19T21:24:46.015360-04:00
66-1211-DAI,Sainsbury's Hazelnut Yoghurt 450g,Sainsbury's,"Dairy, eggs & chilled",Dairy & eggs,Yogurts,,£1.50,,,33p / 100g,7983294.0,Low fat hazelnut yogurt,,https://assets.sainsburys-groceries.co.uk/gol/7983294/1/640x640.jpg,,,https://www.sainsburys.co.uk/gol-ui/product/sainsburys-hazelnut-yoghurt-450g,,2024-08-20T18:19:42.508593-04:00
66-1212-DAI,Tom Parker Creamery Free Range Double Cream 250ml,Tom,"Dairy, eggs & chilled",Dairy & eggs,Cream,250ML,£2.20,,,88p / 100ml,8046704.0,Fresh Pasteurised Double Cream,,https://assets.sainsburys-groceries.co.uk/gol/8046704/1/640x640.jpg,"Nutrient	per 100ml:
Energy	1831KJ/ 445kcal
Fat	48g
of which saturates	30g
Carbohydrate	2.6g
of which sugars	2.6g
Protein	1.7g
Salt	0.08g",Contains Free Range Milk,https://www.sainsburys.co.uk/gol-ui/product/tom-parker-creamery-free-range-double-cream-250ml,,2024-08-20T18:19:55.206710-04:00
66-1213-DAI,Müller Rice Protein Vanilla Dessert 180g,Müller,"Dairy, eggs & chilled",Dairy & eggs,Special offers,,£1.10,,,61p / 100g,8189138.0,Low fat creamy dairy rice with smooth vanilla flavoured sauce (15%) with sweeteners.,,https://assets.sainsburys-groceries.co.uk/gol/8189138/1/640x640.jpg,"Nutrient	per 100g
Energy	404kJ (91kcal)
Fat	2.8g
of which saturates	1.7g
Carbohydrate	9.5g
of which sugars	4.2g
Protein	8.1g
Salt	0.3g","Skimmed Milk, Buttermilk, Water, Rice (6%), Milk Protein Powder, Cream (Milk), Skimmed Milk Powder, Whole Egg Powder, Modified Maize Starch, Stabilisers: Carob Bean Gum, Guar Gum, Carrageenan, Cellulose Gum, Salt, Natural Vanilla Flavouring, Flavouring, Sweeteners: Aspartame, Acesulfame K, Sodium Cyclamate, Colour: Carotenes, Spent Ground Vanilla",https://www.sainsburys.co.uk/gol-ui/product/m%C3%BCller-rice-protein-vanilla-dessert-180g,,2024-08-20T18:20:07.822507-04:00
66-1214-DAI,Yazoo Chocolate Milk Drink 6x200ml,Yazoo,Drinks,Dairy & eggs,Milk,200ML,£2.40,6 for £2.40,,£2.00 / ltr,7883205.0,Chocolate lactose reduced milk drink (UHT),,https://assets.sainsburys-groceries.co.uk/gol/7883205/1/640x640.jpg,,"Lactose Reduced Semi Skimmed Milk, Lactose Reduced Skimmed Milk, Fat Reduced Cocoa Powder¹ (1.2%), Stabilisers: Cellulose, Cellulose Gum and Carrageenan: Natural Flavouring, ¹Rainforest Alliance Certified",https://www.sainsburys.co.uk/gol-ui/product/yazoo-chocolate-milk-drink-6x200ml,6x200ml,2024-08-19T18:50:43.170878-04:00
66-1215-DAI,Mlekovita Gouda Slices 150g,Mlekovita,"Dairy, eggs & chilled",Dairy & eggs,Cheese,,£1.60,,£1.45,£10.67 / kg,7580252.0,Semi-Hard Cheese,,https://assets.sainsburys-groceries.co.uk/gol/7580252/1/640x640.jpg,"Nutrient	per 100 g
Energy	1387 kJ / 334 kcal
Fat	26 g
of which saturates	17 g
Carbohydrate	0 g
of which sugars	0 g
Protein	25 g
Salt	1.5 g","Milk, Salt, Stabiliser: Calcium Chloride, Starter Culture",https://www.sainsburys.co.uk/gol-ui/product/gouda-slices-150g,,2024-08-20T18:20:15.281244-04:00
66-1216-DAI,Jimmy's Iced Coffee Caramel 250ml,Jimmy's,Drinks,Dairy & eggs,Milk,250ML,£1.70,,£1.00,68p / 100ml,8186792.0,Refreshing caramel flavour iced coffee.,,https://assets.sainsburys-groceries.co.uk/gol/8186792/1/640x640.jpg,"Nutrient	per 100ml
Energy	165kJ/ 39kcal
Fat	1.1g
of which saturates	0.7g
Carbohydrate	5g
of which sugars	4.9g
Protein	2.2g
Salt	0.18g
Caffeine	51mg","Semi-Skimmed Milk (62%), Arabica Coffee (Water, Coffee*) (36%), Unrefined Demerara Sugar, Natural Flavouring, Acidity Regulator (Sodium Bicarbonate), *Rainforest Alliance Certified",https://www.sainsburys.co.uk/gol-ui/product/jimmys-iced-coffee-caramel-250ml,,2024-08-19T18:56:41.892732-04:00
66-1217-DAI,Koko Plain Smooth & Mellow 400g,Koko,"Dairy, eggs & chilled",Dairy & eggs,Dairy free,,£2.00,,,50p / 100g,8155899.0,Coconut milk fermented with dairy free cultures with added calcium and vitamins,,https://assets.sainsburys-groceries.co.uk/gol/8155899/1/640x640.jpg,"Nutrient	per 100g		per 100g
Energy	328kJ / 79kcal
Fat	4.9g
Of which Saturates	4.2g
Carbohydrate	8.0g
Of which Sugars	4.3g
Fibre	0.2g
Protein	0.6g
Salt	0.35g
Calcium	160mg (20% RI*)
Vitamin D2	0.75µg (15% RI*)
Vitamin B12	0.38µg (15% RI*)","Water, Coconut Milk (20%), Modified Maize Starch, Dextrose, Natural Flavourings, Calcium Phosphates, Salt, Thickener (Pectins), Colour (Carotenes), Live Dairy Free Cultures (S. Thermophilus, L. Bulgaricus), Vitamin D2, Vitamin B12",https://www.sainsburys.co.uk/gol-ui/product/koko-plain-smooth-mellow-400g,,2024-08-20T18:20:28.134374-04:00
66-1218-DAI,Sainsbury's Chipotle Chilli Cheddar Cheese 200g,Sainsbury's,"Dairy, eggs & chilled",Dairy & eggs,Cheese,,£2.65,,,£13.25 / kg,8182098.0,Cheddar cheese with chilli paste and chipotle chillies,,https://assets.sainsburys-groceries.co.uk/gol/8182098/1/640x640.jpg,,,https://www.sainsburys.co.uk/gol-ui/product/sainsburys-chipotle-chilli-cheddar-cheese-200g,,2024-08-20T18:20:49.441958-04:00
66-1219-DAI,Arla Jord Oat Strawberry use as alternative to Yoghurt 400g,Arla,"Dairy, eggs & chilled",Dairy & eggs,Dairy free,,£2.25,,,56p / 100g,8169181.0,"Fermented Oat Product with Strawberry, Enriched with Vitamin D and Folic Acid (Vitamin B9).",,https://assets.sainsburys-groceries.co.uk/gol/8169181/1/640x640.jpg,"Nutrient	Per 100g		Per 100g
Energy	371 kJ / 88 kcal
Fat	2.8 g
of which saturates	0.2 g
Carbohydrate	13 g
of which sugars	5.2 g
Fibre	1.5 g
Protein	2.3 g
Salt	0.10 g
Vitamin D	0.75 µg (15% RI / DRI*)
Folic Acid	30,0 µg (15% RI / DRI*)","Water, Oats (9%), Strawberries (3%), Sugar (2,7%), Maize Starch, Rapeseed Oil, Fava Bean Protein, Rice Starch, Maize Fibre, Gelling Agent (Agar), Salt, Beetroot Juice Concentrate, Natural Flavourings, Thickener (Pectin), Natural Strawberry Flavour, Lemon Juice Concentrate, Firming Agent (Calcium Citrates), Vitamin D, Folic Acid (Vitamin B9), Cultures (Streptococcus Thermophilus, Lactobacillus Delbrueckii Subsp, Bulgaricus)",https://www.sainsburys.co.uk/gol-ui/product/j%C3%B6rd-strawberry-oat-yoghurt-alternative-400g,,2024-08-20T18:21:02.245822-04:00
66-1220-DAI,Woodlands Sheep's Milk Yogurt 450g,Woodlands,"Dairy, eggs & chilled",Dairy & eggs,Dairy free,,£3.10,,,69p / 100g,6010702.0,Sheep Milk Natural Yogurt,150 g,https://assets.sainsburys-groceries.co.uk/gol/6010702/1/640x640.jpg,"Nutrient	per 100g	per 150g serving	% of GDAs	GDAs for adults		per 100g	per 150g serving	% of GDAs	GDAs for adults
Energy - kj	385	-	-	-
- kcal	92	138kcal	7%	2000kcal
Fat	5.8g	8.7g	12.4%	70g
of which saturates	3.8g	-	-	-
of which mono-unsaturates	1.7g	-	-	-
of which polyunsaturates	0.2g	-	-	-
Carbohydrate	4.8g	7.2g	2.7%	270g
of which sugars	4.8g	-	-	-
Fibre	nil	-	-	-
Protein	5.2g	7.8	15.6%	50g
Salt	less than 0.1g	less than 0.1g	0.17%	2.4g
Calcium	214mg	321mg	40%	800mg
Vitamin D	0.2µg	-	-	-
Vitamin B12	0.2µg	-	-	-
Vitamin E	0.73mg	-	-	-","100% Pure Sheep Milk, Live Cultures (Lactobacillus Acidophilus and Bulgaricus, Streptococcus Thermophilus) and nothing else",https://www.sainsburys.co.uk/gol-ui/product/woodlands-park-sheeps-milk-yogurt-450g,,2024-08-20T18:21:15.181196-04:00
66-1221-DAI,Sainsbury's West Country Farmhouse Mature Cheddar 220g,Sainsbury's,"Dairy, eggs & chilled",Dairy & eggs,Cheese,,£2.55,,,£11.59 / kg,7971231.0,West Country farmhouse Cheddar cheese,,https://assets.sainsburys-groceries.co.uk/gol/7971231/1/640x640.jpg,,,https://www.sainsburys.co.uk/gol-ui/product/sainsburys-west-country-farmhouse-mature-cheddar-220g,,2024-08-20T18:21:36.265656-04:00
66-1222-DAI,Shaken Udder Chocolush Milkshake 330ml,Shaken,Drinks,Dairy & eggs,Milk,330ML,£1.60,,,48p / 100ml,7865956.0,High Temperature Pasteurised Milk Drink with Chocolate,,https://assets.sainsburys-groceries.co.uk/gol/7865956/1/640x640.jpg,"Nutrient	Per 100ml:	Per 330ml	RI*		Per 100ml:	Per 330ml	RI*
Energy	310kJ/ 74kcal	-	-
Fat	2.1g	-	-
of which saturates	1.5g	-	-
Carbohydrate	10g	-	-
of which sugars	8.4g	-	-
Protein	3.5g	-	-
Salt	0.21g	-	-
Vitamin B12 (µg)	0.90	2.97	119%
Calcium (mg)	117	386	48%","Semi-Skimmed Milk (93%), Sugar, Milk Chocolate (1.5%) (Sugar, Cocoa Mass, Whole Milk Powder, Cocoa Butter, Skimmed Milk Powder), Dark Chocolate (Sugar, Cocoa Mass, Fat Reduced Cocoa Powder, Natural Vanilla Flavouring), Stabilisers (Cellulose, Modified Starch, Sodium Citrates, Guar Gum, Cellulose Gum, Carrageenan), Fat Reduced Cocoa Powder, Natural Flavourings, Salt",https://www.sainsburys.co.uk/gol-ui/product/shaken-udder-chocolush%21-belgian-chocolate-milkshake-330ml,,2024-08-19T18:53:36.317883-04:00
66-1223-DAI,Sainsbury's Cheddar & Onion 200g,Sainsbury's,"Dairy, eggs & chilled",Dairy & eggs,Cheese,,£2.65,,,£13.25 / kg,6032477.0,White Cheddar cheese with pickled onion and dried onion.,,https://assets.sainsburys-groceries.co.uk/gol/6032477/1/640x640.jpg,,,https://www.sainsburys.co.uk/gol-ui/product/sainsburys-cheddar-with-silverskin-onion---herb-200g,,2024-08-20T18:21:57.152129-04:00
66-1224-DAI,Nurishh Plant Based Cubes Greek Style 150g,Nurishh,"Dairy, eggs & chilled",Dairy & eggs,Cheese,,£2.70,,£2.00,£18.00 / kg,8151622.0,Food preparation with a blend of vegetable oils and added vitamin B12,,https://assets.sainsburys-groceries.co.uk/gol/8151622/1/640x640.jpg,,"Water, Vegetable Oils (Coconut 18%, Sunflower Oil 6%), Potato Starch, Salt, Potato Protein, Acidifier (Citric Acid), Natural Flavourings, Colour (Carotenes), Vitamin B12",https://www.sainsburys.co.uk/gol-ui/product/nurishh-plant-based-cubes-greek-style-150g,,2024-08-20T18:22:04.531968-04:00
66-1225-DAI,Koko Unsweetened Coconut UHT 1L,Koko,"Dairy, eggs & chilled",Dairy & eggs,Dairy free,1L,£1.80,,£1.25,£1.80 / ltr,7914316.0,"Unsweetened Dairy Free Alternative to Milk Made with Coconut Milk, Calcium and Vitamins D2 & B12",,https://assets.sainsburys-groceries.co.uk/gol/7914316/1/640x640.jpg,"Nutrient	per 100ml		per 100ml
Energy	80kJ / 19kcal
Fat	1.4g
Of which Saturates	1.2g
Mono-unsaturates	0.1g
Polyunsaturates	<0.1g
Carbohydrate	0.4g
Of which Sugars	0.2g
Fibre	0.2g
Protein	1.2g
Salt	0.10g
Calcium	120mg (15% NRV*)
Vitamin D2	0.75µg (15% NRV*)
Vitamin B12	0.38µg (15% NRV*)","Water, Coconut Milk (9%), Tricalcium Phosphate, Emulsifier (Sucrose Esters of Fatty Acids), Stabilisers (Guar Gum, Gellan Gum), Sea Salt, Vitamin D2, Vitamin B12, Colour (Carotene)",https://www.sainsburys.co.uk/gol-ui/product/koko-unsweetened-coconut-uht-1l,,2024-08-20T18:22:12.414463-04:00
66-1226-DAI,Sainsbury's Lighter Mature British Cheese 220g,Sainsbury's,"Dairy, eggs & chilled",Dairy & eggs,Cheese,,£2.35,,,£10.68 / kg,7971233.0,Medium fat mature cheese,,https://assets.sainsburys-groceries.co.uk/gol/7971233/1/640x640.jpg,,,https://www.sainsburys.co.uk/gol-ui/product/sainsburys-lighter-mature-british-cheese-220g,,2024-08-20T18:22:33.315643-04:00
66-1227-DAI,Arctic Rainforest Alliance Roasted Arabica Bean Coffee Caramel Latte 330ml,Arctic,Drinks,Dairy & eggs,Milk,330ML,£1.15,,,35p / 100ml,7963273.0,Caramel Flavour Coffee Milk Drink,,https://assets.sainsburys-groceries.co.uk/gol/7963273/1/640x640.jpg,"Nutrient	per 100ml
Energy	234kJ/ 55kcal
Fat	1.0g
of which saturates	0.7g
Carbohydrate	8.6g
of which sugars	7.4g
Protein	2.8g
Salt	0.21g","1% Fat Milk (76%), Coffee (Water, Coffee Powder*) (20%), Sugar, Stabilisers (Cellulose, Cellulose Gum), Natural Flavourings, Caramelised Sugar Powder, Acidity Regulator Sodium Phosphate, *Rainforest Alliance Certified",https://www.sainsburys.co.uk/gol-ui/product/arctic-fairtrade-roasted-arabica-bean-coffee-caramel-latte-330ml,,2024-08-19T18:54:31.207744-04:00
66-1228-DAI,Country Life British Unsalted Butter 250g,Country,"Dairy, eggs & chilled",Dairy & eggs,"Butter, spreads & pastry",,£2.50,,£2.00,£10.00 / kg,6355991.0,"Unsalted butter, minimum 82% butterfat",,https://assets.sainsburys-groceries.co.uk/gol/6355991/1/640x640.jpg,"Nutrient	Per 100g:
Energy	3068kJ / 746kcal
Fat	82.7g
of which saturates	54.7g
Carbohydrate	0g
of which sugars	0g
Protein	0.5g
Salt	0.03g",,https://www.sainsburys.co.uk/gol-ui/product/country-life-unsalted-butter-250g,,2024-08-20T18:22:49.172492-04:00
66-1229-DAI,Strings & Things Cheestrings Pizza Flavour 4x20g,Strings,"Dairy, eggs & chilled",Dairy & eggs,Cheese,,£1.75,4 for £1.75,,£21.88 / kg,8079236.0,,,https://assets.sainsburys-groceries.co.uk/gol/8079236/1/640x640.jpg,,"Pizza Seasoning: [Herbs (Oregano, Basil, Marjoram, Parsley), Dried Red Bell Pepper, Tomato Powder, Black Pepper, Sugar, Garlic Powder, Yeast Extract, Vegetable Oil, Salt, Spice Extract], Acidity Regulators (Citric Acid, Lactic Acid), Paprika, Vitamin B6, Vitamin D, Vitamin B12",https://www.sainsburys.co.uk/gol-ui/product/strings-things-cheestrings-pizza-flavour-4x20g,4x20g,2024-08-20T18:23:07.206461-04:00
66-1230-DAI,Alpro My Cuppa Soya Milk Chilled Dairy Alternative 1L,Alpro,"Dairy, eggs & chilled",Dairy & eggs,Dairy free,1L,£1.95,,,£2.60 / ltr,8033104.0,Soya drink for hot beverages.,,https://assets.sainsburys-groceries.co.uk/gol/8033104/1/640x640.jpg,"Nutrient	per 100 ml
Energy	251 kJ / 60 kcal
Fat	4.3 g
of which Saturates	0.6 g
Carbohydrate	2.0 g
of which Sugars	1.9 g
Fibre	1.6 g
Protein	2.1 g
Salt	0.15 g","Soya Base (Water, Hulled Soya Beans (5.7%)), Vegetable Oils and Fats (Sunflower, Shea), Sugar, Chicory Root Fibre, Emulsifier (Sucrose Esters of Fatty Acids), Sea Salt, Stabilisers (Locust Bean Gum, Gellan Gum), Flavourings",https://www.sainsburys.co.uk/gol-ui/product/alpro-my-cuppa-soya-drink-750ml,,2024-08-20T18:23:19.917288-04:00
66-1231-DAI,Alpro High Protein Tropical Fruit Dairy Free Soya Yoghurt Alternative 200g,Alpro,"Dairy, eggs & chilled",Dairy & eggs,Dairy free,,£1.50,,£1.00,75p / 100g,8189704.0,"Fermented soya product, mango and banana, with added calcium and vitamins.",,https://assets.sainsburys-groceries.co.uk/gol/8189704/1/640x640.jpg,"Nutrient	per 100 g		per 100 g
Energy	344 kJ / 82 kcal
Fat	2.2 g
of which Saturates	0.4 g
Carbohydrate	7.2 g
of which Sugars	7.0 g
Fibre	1.0 g
Protein	7.5 g
Salt	0.18 g
D2	0.75 µg*
B12	0.38 µg*
Calcium	120 mg*","Soya base (85.1%) (Water, Hulled Soya Beans (9.8%)), Sugar, Soya Protein Isolate, Mango-Banana Mix (2%) (Mango (1.5%), Banana (0.5%)), Faba Bean Protein, Calcium (Tri-Calciumcitrate), Stabiliser (Pectins), Natural Flavourings, Carrot and Pumpkin Concentrate, Acidity Regulators (Citric Acid, Sodium Citrates), Vitamins B12, D2, Live Cultures (S.Thermophilus, L.Bulgaricus)",https://www.sainsburys.co.uk/gol-ui/product/alpro-plant-protein-200g,,2024-08-20T18:23:27.461285-04:00
66-1232-DAI,Oreo Vanilla Flavoured Yogurt with Oreo Cookie Pieces 4x120g,Oreo,"Dairy, eggs & chilled",Dairy & eggs,Yogurts,,£2.75,4 for £2.75,,57p / 100g,7850888.0,4 x Vanilla flavour yogurt with Oreo cookie pieces (8%),,https://assets.sainsburys-groceries.co.uk/gol/7850888/1/640x640.jpg,"Nutrient	Per 100g	Per Pot	%* Per Pot
Energy	586kJ (139kcal)	703kJ (167kcal)	9%
Fat	3.7g	4.4g	6%
of which saturates	1.7g	2.0g	10%
Carbohydrate	21.7g	26.0g	10%
of which sugars	17.5g	21.0g	23%
Fibre	0.4g	0.5g	-
Protein	4.1g	4.9g	10%
Salt	0.2g	0.24g	4%","Yogurt (Milk), Sugar, Water, Wheat Flour, Rapeseed Oil, Modified Maize Starch, Fat Reduced Cocoa Powder, Glucose Fructose Syrup, Flavourings, Wheat Starch, Raising Agents (Potassium Carbonates, Ammonium Carbonates, Sodium Carbonates), Salt, Palm Oil, Stabiliser (Pectin), Emulsifier (Soya Lecithin), Acidity Regulator: Sodium Hydroxide",https://www.sainsburys.co.uk/gol-ui/product/muller-oreo-desserts-4x120g,4x120g,2024-08-20T18:23:40.265256-04:00
66-1233-DAI,Koko Greek Style Yogurt 350g,Koko,"Dairy, eggs & chilled",Dairy & eggs,Dairy free,,£2.20,,,63p / 100g,8155929.0,Coconut milk fermented with live dairy free cultures with added calcium and vitamins,,https://assets.sainsburys-groceries.co.uk/gol/8155929/1/640x640.jpg,"Nutrient	per 100g		per 100g
Energy	469kJ/ 113kcal
Fat	9.6g
Of which Saturates	8.5g
Carbohydrate	5.7g
Of which Sugars	0.6g
Fibre	<0.1g
Protein	1.1g
Salt	0.22g
Calcium	160mg (20% RI*)
Vitamin D2	0.75µg (15% RI*)
Vitamin B12	0.38µg (15% RI*)","Water, Coconut Milk (40%), Modified Starch, Calcium Phosphates, Salt, Sunflower Oil, Coconut Oil, Natural Flavouring, Live Dairy Free Cultures (S.Thermophilus, L. Bulgaricus), Colour (Carotenes), Vitamin D2, Vitamin B12",https://www.sainsburys.co.uk/gol-ui/product/koko-greek-style-yogurt-350g,,2024-08-20T18:23:52.977252-04:00
66-1234-DAI,Bute Island Foods Ltd Grated Sheese Vegan Mozzarella Style 200g,Bute,"Dairy, eggs & chilled",Dairy & eggs,Dairy free,,£2.50,,,£12.50 / kg,7904819.0,A blend of Coconut Oil and Starches with added calcium used as an alternative to cheese.,,https://assets.sainsburys-groceries.co.uk/gol/7904819/1/640x640.jpg,"Nutrient	per 100g		per 100g
Energy	1290kJ / 311kcal
Fat	24.5g
(of which saturates)	20.7g
Carbohydrate	19.8g
(of which sugars)	1.2g
Fibre	5.7g
Protein	0.1g
Salt	1.3g
Calcium	450mg (56% RI)","Water, Coconut Oil (24%), Modified Potato Starch, Gluten Free Oat Fibre, Tricalcium Citrate, Maize Starch, Fructose, Salt, Natural Flavourings, Modified Maize Starch, Thickeners (Carrageenan, Guar Gum), Acidity Regulators (Lactic Acid, Sodium Lactate), Colour (Carotenes)",https://www.sainsburys.co.uk/gol-ui/product/bute-island-foods-ltd-grated-sheese-vegan-mozzarella-style-200g,,2024-08-20T18:24:05.890437-04:00
66-1235-DAI,Dairylea Filled Crackers Cheese Snack 96.4g,Dairylea,"Dairy, eggs & chilled",Dairy & eggs,Cheese,,£2.20,,,£22.82 / kg,8079965.0,Wholegrain sandwich crackers with cheese flavoured filling (38 %) and added calcium.,,https://assets.sainsburys-groceries.co.uk/gol/8079965/1/640x640.jpg,,"Wholegrain Flour 23.2 % (Wheat 16.1 %, Spelt (Wheat) 7.1 %), Wheat Flour, Vegetable Oil Blend (Palm, Sheanut), Wheat Starch, Inulin, Cream Cheese Powder 4.5 %, Glucose Syrup, Barley Malt Extract, Lactose (from Milk), Milk Solids, Skimmed Milk Powder, Buttermilk Powder, Calcium Carbonate, Raising Agents (Ammonium Carbonates, Sodium Carbonates, Diphosphates), Salt, Emulsifier (Soya Lecithins), White Pepper Powder, Flour Treatment Agent (Sodium Metabisulphite)",https://www.sainsburys.co.uk/gol-ui/product/dairylea-filled-crackers-cheese-snack-964g,,2024-08-20T18:24:18.552573-04:00
66-1236-DAI,Tims Dairy Greek Style Raspberry Bio Live Yogurt 450g,Tims,"Dairy, eggs & chilled",Dairy & eggs,Yogurts,,£2.30,,,51p / 100g,8191060.0,Greek Style Raspberry Bio-Live Yogurt,,https://assets.sainsburys-groceries.co.uk/gol/8191060/1/640x640.jpg,,"Sugar Raspberries (6%), Cornflour, Natural Flavouring, Acidity Regulator: (Citric Acid), Bio-Live Cultures: Bifidobacterium, Streptococcus Thermophilus, Greek Style Natural Yogurt (Milk)",https://www.sainsburys.co.uk/gol-ui/product/tims-dairy-greek-style-raspberry-bio-live-yogurt-450g,,2024-08-20T18:24:31.228370-04:00
66-1237-DAI,Muller Plant Based Corner Strawberry & Pomegranate Yogurt 136g,Muller,"Dairy, eggs & chilled",Dairy & eggs,Dairy free,,£1.35,,,99p / 100g,8171081.0,Smooth fermented coconut milk dessert with strawberry and pomegranate compote.,,https://assets.sainsburys-groceries.co.uk/gol/8171081/1/640x640.jpg,"Nutrient	per 100g
Energy	430kJ (102kcal)
Fat	2.5g
of which saturates	2.3g
Carbohydrate	16.7g
of which sugars	12.3g
Protein	1.7g
Salt	0.09g","Water, Coconut Milk (17%), Strawberries (13%), Sugar, Pomegranate Juice from Concentrate (2.5%), Tapioca Flour, Inulin, Modified Maize Starch, Fava Bean Protein, Dextrose, Flavourings, Acidity Regulators: Citric Acid, Sodium Citrates, Colouring Food: Carrot Juice Concentrate, Stabiliser: Pectins, Spent Ground Vanilla, Cultures: Str. Thermophilus, L. Bulgaricus, Salt",https://www.sainsburys.co.uk/gol-ui/product/muller-corner-plant-based-strawberry-pomegranate-yogurt-136g,,2024-08-20T18:24:44.522453-04:00
66-1238-DAI,Philadelphia Lightest Soft Cheese With Herbs 165g,Philadelphia,"Dairy, eggs & chilled",Dairy & eggs,Cheese,,£2.20,,,£13.33 / kg,8025202.0,Low fat soft cheese with herbs.,,https://assets.sainsburys-groceries.co.uk/gol/8025202/1/640x640.jpg,,"Low Fat Soft Cheese, Herbs, Onion, Garlic, Salt, Stabiliser (Guar Gum), Acid (Citric Acid), Flavouring (contains Celery)",https://www.sainsburys.co.uk/gol-ui/product/philadelphia-lightest-with-herbs-170g,,2024-08-20T18:24:57.143294-04:00
66-1239-DAI,Califia Farms XX Espresso Cold Brew Coffee with Almond 750ml,Califia,Drinks,Dairy & eggs,Dairy free,750ML,£2.95,,,£3.93 / ltr,7862301.0,UHT Cold Brew Coffee and Almond Drink with Added Calcium,,https://assets.sainsburys-groceries.co.uk/gol/7862301/1/640x640.jpg,"Nutrient	Per 100 ml		Per 100 ml
Energy	138 kJ/ 33 kcal
Fat	1.2g
of which Saturates	0.1g
Carbohydrate	4.9g
of which Sugars	4.0g
Fibre	0.4g
Protein	0.7g
Salt	0.18g
Calcium	80mg (10%*)","Coffee (83%) (Water, Coffee Extract), Almond Drink (Water, Almonds (2%)), Cane Sugar, Acidity Regulator (Potassium Citrate), Calcium Carbonate, Sea Salt, Emulsifier (Sunflower Lecithin), Stabilisers (Guar Gum, Gellan Gum)",https://www.sainsburys.co.uk/gol-ui/product/califia-cold-brew-double-espresso-750ml,,2024-08-19T18:55:22.603955-04:00
66-1240-DAI,Cadbury Dairy Milk Pots Of Joy Caramel Chocolate Dessert 4x60g,Cadbury,"Dairy, eggs & chilled",Dairy & eggs,Yogurts,,£1.70,4 for £1.70,,71p / 100g,8027282.0,4 x Smooth Dessert Made with Melted Cadbury Milk Chocolate with a Rich Caramel Layer.,,https://assets.sainsburys-groceries.co.uk/gol/8027282/1/640x640.jpg,"Nutrient	Per 100g	Per 60g pot	%* Per pot
Energy kJ	892	535	-
kcal	213	128	7%
Fat g	10.5	6.3	9%
of which saturates g	7.6	4.6	23%
Carbohydrate g	27.1	16.3	7%
of which sugars g	26.0	15.6	18%
Fibre g	0.1	0.1	-
Protein g	2.5	1.5	3%
Salt g	0.20	0.12	2%","Water, Sugar, Concentrated Skimmed Milk, Milk Chocolate (7%) (Milk, Sugar, Cocoa Butter, Cocoa Mass, Vegetable Fats (Palm, Shea), Emulsifier (E442), Flavourings), Palm Oil, Cream, Modified Maize Starch, Fat Reduced Cocoa Powder, Pork Gelatine, Stabilisers (Pectin, E407, E412), Dried Glucose Syrup, Caramelised Sugar Syrup, Emulsifiers (E471), Flavouring, Dried Whey (from Milk), Dextrose, Salt, Acidity Regulators (Sodium Citrates)",https://www.sainsburys.co.uk/gol-ui/product/cadburys-pots-of-joy-caramel-4x65g,4x60g,2024-08-20T18:25:09.888428-04:00
66-1241-DAI,Dairylea Snackers Cheese & Crackers with Mini Oreo 66.1g,Dairylea,"Dairy, eggs & chilled",Dairy & eggs,Cheese,,£1.60,,,£24.21 / kg,8079209.0,Cheese food slices (39%) with added vitamin D. Butter flavour wheat crackers. Chocolate flavour sandwich biscuits with a vanilla flavour filling (22%).,,https://assets.sainsburys-groceries.co.uk/gol/8079209/1/640x640.jpg,,"Cheese Food: Cheese (75%), Skimmed Milk (Water, Skimmed Milk Powder), Emulsifying Salts (Sodium Citrates, Potassium Citrates), Milk Proteins, Butter, Skimmed Milk Powder, Whey Powder (from Milk), Vitamin D, Preservative (Sorbic Acid), Acidity Regulator (Citric Acid), Anti-Caking Agent (Sunflower Lecithins), Wheat Crackers: Wheat Flour (71%), Sunflower Oil, Wheat Bran, Sugar, Butter, Glucose-Fructose Syrup, Raising Agents (Ammonium Carbonates, Sodium Carbonates), Whey Powder (from Milk), Wheat Germ, Potassium Chloride, Flavourings (contains Milk), Flour Treatment Agent (Sodium Metabisulphite), Chocolate Flavour Sandwich Biscuits with Filling: Wheat Flour, Sugar, Palm Oil, Rapeseed Oil, Fat Reduced Cocoa Powder (4.3%), Wheat Starch, Glucose-Fructose Syrup, Raising Agents (Ammonium Carbonates, Potassium Carbonates, Sodium Carbonates), Salt, Emulsifier (Soya Lecithins), Acidity Regulator (Sodium Hydroxide), Flavouring",https://www.sainsburys.co.uk/gol-ui/product/dairylea-snackers-cheese-crackers-with-mini-oreo-661g,,2024-08-20T18:25:24.148726-04:00
66-1242-DAI,Sweet Freedom Choc Pot Chocolate Spread 250g,Sweet,"Dairy, eggs & chilled",Dairy & eggs,Dairy free,,£3.10,,,£1.24 / 100g,7792493.0,Chocolate spread,,https://assets.sainsburys-groceries.co.uk/gol/7792493/1/640x640.jpg,"Nutrient	per 100g	per 5g tsp
Energy kJ	1136	56.8
Energy kcal	270	13.5
Fat	8.0	0.4
of which saturates	2.6	0.1
Carbohydrate	44	2.2
of which sugars	37	1.9
Fibre	7.8	0.4
Protein	3.2	0.2
Salt	0.4	0.0","Sweet Freedom® Natural Fruit Extracts (Carob & Apple), Water, Cocoa, Rapeseed Oil, Sunflower Lecithin, Sea Salt, Natural Flavours",https://www.sainsburys.co.uk/gol-ui/product/sweet-freedom-choc-pot-chocolate-spread-250g,,2024-08-20T18:25:37.022716-04:00
66-1243-DAI,Up & Go Breakfast Drink Strawberry 300ml,Up,Drinks,Dairy & eggs,Milk,300ML,£1.25,,,38p / 100ml,7741174.0,"The nutritious strawberry flavour breakfast drink that's high in protein, high in fibre, low in fat and made with milk and oats. Fortified with vitamins & minerals (UHT).",,https://assets.sainsburys-groceries.co.uk/gol/7741174/1/640x640.jpg,,"Skimmed Milk (45%), Water, Maltodextrin, Vegetable Fibre, Sugar, Soya Isolate, Oat Flour (1.5%), Vegetable Oils (Sunflower, Rapeseed), Maize Starch, Acidity Regulator (Potassium Citrate), Stabilisers (Cellulose, Sodium Carboxy Methyl Cellulose, Carrageenan), Strawberry Puree, Flavourings, Minerals (Calcium and Sodium Phosphates, Iron), Colour (Carotenes), Salt, Vitamins (D, C, Thiamin, Riboflavin, Niacin, B6, Folic Acid, B12)",https://www.sainsburys.co.uk/gol-ui/product/up---go-nutritious-breakfast-drink-strawberry-250ml,,2024-08-19T18:54:44.013112-04:00
66-1244-DAI,"Sainsbury's Raspberry & Blackcurrant Layered Yogurt, Taste the Difference",Sainsbury's,"Dairy, eggs & chilled",Dairy & eggs,Special offers,,£2.00,,£1.80,44p / 100g,8184269.0,Sweetened yogurt with a raspberry and blackcurrant sauce,,https://assets.sainsburys-groceries.co.uk/gol/8184269/1/640x640.jpg,,,https://www.sainsburys.co.uk/gol-ui/product/sainsburys-raspberry-blackcurrant-layered-yogurt-taste-the-difference,,2024-08-20T18:25:52.811309-04:00
66-1245-DAI,Sainsbury's Lighter Mature British Cheese Sticks 5x20g,Sainsbury's,"Dairy, eggs & chilled",Dairy & eggs,Cheese,,£2.00,5 for £2.00,,£20.00 / kg,8048434.0,5 Medium fat mature cheese sticks,,https://assets.sainsburys-groceries.co.uk/gol/8048434/1/640x640.jpg,,,https://www.sainsburys.co.uk/gol-ui/product/sainsburys-lighter-mature-british-cheese-sticks-5x20g,5x20g,2024-08-20T18:26:13.891040-04:00
66-1246-DAI,Yazoo Strawberry Milk Drink 1L,Yazoo,Drinks,Dairy & eggs,Milk,1L,£2.00,,,20p / 100ml,8032226.0,Strawberry milk drink (UHT),,https://assets.sainsburys-groceries.co.uk/gol/8032226/1/640x640.jpg,,"Semi-Skimmed Milk, Skimmed Milk, Sugar (4.5%), Strawberry Juice from Concentrate (1%), Natural Flavouring, Stabiliser: Gellan Gum, Colour: Beta-Carotene",https://www.sainsburys.co.uk/gol-ui/product/yazoo-strawberry-1l,,2024-08-19T18:55:09.822130-04:00
66-1247-DAI,Muller Plant Based Corner Vanilla & Chocolate Balls Yogurt 136g,Muller,"Dairy, eggs & chilled",Dairy & eggs,Dairy free,,£1.35,,,£1.08 / 100g,8171079.0,Smooth fermented coconut milk dessert with dark chocolate coated crispy cereal balls (10%).,,https://assets.sainsburys-groceries.co.uk/gol/8171079/1/640x640.jpg,"Nutrient	per 100g
Energy	582kJ (139kcal)
Fat	6.0g
of which saturates	4.6g
Carbohydrate	17.0g
of which sugars	10.5g
Protein	2.6g
Salt	0.07g","Water, Coconut Milk (21%), Sugar, Cocoa Mass, Tapioca Flour, Inulin, Fava Bean Protein, Modified Maize Starch, Dextrose, Cocoa Butter, Cornmeal, Rice Flour, Wholemeal Spelt Wheat Flour (Gluten), Flavourings, Colouring Food: Carrot Juice Concentrate, Emulsifier: Soya Lecithins, Acidity Regulators: Citric Acid, Sodium Citrates, Salt, Malted Barley Flour, Spent Ground Vanilla, Cultures: Str. Thermophilus, L. Bulgaricus",https://www.sainsburys.co.uk/gol-ui/product/muller-corner-plant-based-vanilla-chocolate-balls-yogurt-136g,,2024-08-20T18:26:26.548985-04:00
66-1248-DAI,"Sainsbury's French Camembert Cheese, Taste the Difference 250g",Sainsbury's,"Dairy, eggs & chilled",Dairy & eggs,Cheese,,£3.20,,,£12.80 / kg,675611.0,Full fat mould ripened soft cheese made using unpasteurised milk,,https://assets.sainsburys-groceries.co.uk/gol/675611/1/640x640.jpg,,,https://www.sainsburys.co.uk/gol-ui/product/sainsburys-french-camembert-cheese--taste-the-difference-250g,,2024-08-20T18:26:47.585079-04:00
66-1249-DAI,Arctic Iced Coffee Vanilla Latte 330ml,Arctic,Drinks,Dairy & eggs,Milk,330ML,£1.15,,,35p / 100ml,8187525.0,Vanilla Flavour Coffee Milk Drink,,https://assets.sainsburys-groceries.co.uk/gol/8187525/1/640x640.jpg,"Nutrient	per 100ml
Energy	231kJ/ 55kcal
Fat	0.9g
of which saturates	0.3g
Carbohydrate	8.8g
of which sugars	7.5g
Protein	2.8g
Salt	0.07g","1% Fat Milk (76%), Coffee (Water, Coffee Powder*) (19%), Sugar, Stabilisers (Cellulose, Cellulose Gum), Natural Flavourings, Acidity Regulator: Potassium Carbonate, *Rainforest Alliance Certified",https://www.sainsburys.co.uk/gol-ui/product/arctic-iced-coffee-vanilla-latte-330ml,,2024-08-19T18:56:13.209235-04:00
66-1250-DAI,Emmi High Protein Caffe Latte 230ml,Emmi,Drinks,Dairy & eggs,Milk,230ML,£1.85,,,80p / 100ml,8187981.0,Pasteurised Iced Coffee with Sweeteners (1.2% fat in the milk content).,,https://assets.sainsburys-groceries.co.uk/gol/8187981/1/640x640.jpg,"Nutrient	Per 100 ml	Per 230 ml	% RI / 230ml**	Adult RI		Per 100 ml	Per 230 ml	% RI / 230ml**	Adult RI
Energy	239 kJ (57 kcal)	550 kJ (131 kcal)	7%	2000 kcal
Fat	1.1 g	2.5 g	4%	70 g
of which saturates	0.6 g	1.4 g	7%	20 g
Carbohydrate	3.9 g	9.0 g	3%	260 g
of which sugars	3.4 g	7.8 g	9%	90 g
Protein	7.8 g	17.9 g	36%	50 g
Salt	0.08 g	0.18 g	3%	6 g
Calcium	222 mg	511 mg	64% NRV****	800 mg NRV****","Milk Protein 51%, Skimmed Milk 30%, Brewed Arabica Coffee** 19%, Sweeteners: Cyclamate and Acesulfame-K; Lactase, **Rainforest Alliance Certified",https://www.sainsburys.co.uk/gol-ui/product/emmi-high-protein-caffe-latte-230ml,,2024-08-19T18:54:56.888447-04:00
66-1251-DAI,Oatly Whippable Creamy Oat 250ml,Oatly,"Dairy, eggs & chilled",Dairy & eggs,Cream,250ML,£1.35,,,54p / 100ml,8108758.0,"Plant based whippable cooking base, suitable for whipping and cooking.",,https://assets.sainsburys-groceries.co.uk/gol/8108758/1/640x640.jpg,"Nutrient	per 100 ml:
Energy	1045 kJ / 253 kcal
Fat	23 g
of which saturates	22 g
Carbohydrate	11 g
of which sugars	2.3 g
Fibre	0.5 g
Protein	<0.5 g
Salt	0.22 g","Water, Fully Hydrogenated Vegetable Oils (Coconut, Rapeseed), Oat Base (Oat, Water), Maltodextrin, Emulsifiers (E472e, Polysorbate 60), Salt, Acidity Regulator (Sodium Citrate), Stabilisers (E464, Gellan Gum), Colour (Beta Carotene)",https://www.sainsburys.co.uk/gol-ui/product/oatly-whippable-creamy-oat-250ml,,2024-08-20T18:27:00.309852-04:00
66-1252-DAI,Smarties Vanilla Flavour Yogurt with Mini Smarties 4x107g,Smarties,"Dairy, eggs & chilled",Dairy & eggs,Special offers,,£2.65,4 for £2.65,£2.00,62p / 100g,7525577.0,Vanilla Flavour Yogurt and Milk Chocolate in a Crisp Sugar Shell.,,https://assets.sainsburys-groceries.co.uk/gol/7525577/1/640x640.jpg,,"Vanilla Flavour Yogurt 86.7% [Yogurt (Milk 76%), Water, Sugar, Starch, Natural Flavouring, Acidity Regulators (Malic Acid, Sodium Citrate), Thickener: Guar Gum], Mini Smarties 13.3% (Sugar, Skimmed Milk Powder, Cocoa Mass, Cocoa Butter, Glucose Syrup, Wheat Flour (Gluten), Whey Permeate (Milk), Butter Oil Milk, Vegetable Fats (Palm, Shea), Rice Starch, Emulsifier: Lecithin, Colours (Beetroot Red, Carotene, Curcumin), Spirulina Concentrate, Glazing Agents (Bees Wax White, Carnaunba Wax), Vegetable Concentrates, (Safflower, Radish), Barley Malt Extract (Gluten)]",https://www.sainsburys.co.uk/gol-ui/product/smarties-split-pot-vanilla-4x120g,4x107g,2024-08-20T18:27:07.981430-04:00
66-1253-DAI,Sainsbury's Caramel Surprise 150g,Sainsbury's,"Dairy, eggs & chilled",Dairy & eggs,Special offers,,£1.25,,£1.00,83p / 100g,7741466.0,Caramel flavour custard topped with a layer of cream mousse,,https://assets.sainsburys-groceries.co.uk/gol/7741466/1/640x640.jpg,,,https://www.sainsburys.co.uk/gol-ui/product/sainsburys-caramel-surprise--basics-150g,,2024-08-20T18:27:23.656200-04:00
66-1254-DAI,Attack a Snak Chicken & Cheese Wrap Kit with Tomato Ketchup 86g,Attack,"Dairy, eggs & chilled",Dairy & eggs,Cheese,,£1.50,,,£17.44 / kg,7887213.0,"2 Wheat Flour Tortillas, 1 String Cheese Stick, (Mozzarella String Cheese), Cooked Chicken Breast (formed from Chicken Breast with added water) and Tomato Ketchup.",,https://assets.sainsburys-groceries.co.uk/gol/7887213/1/640x640.jpg,,"Wheat Flour Tortilla (51%) (Fortified Wheat Flour (Wheat Flour, Calcium Carbonate, Iron, Niacin, Thiamin), Water, Vegetable Oils (Palm Oil, Rapeseed Oil), Humectant (Glycerol), Acidity Regulators (Citric Acid, Malic Acid), Raising Agent (Sodium Carbonate), Preservatives (Potassium Sorbate, Calcium Propionate), Emulsifier (Mono- and Diglycerides of Fatty Acids), Stabiliser (Carboxy Methyl Cellulose), Flavouring, Sugar), String Cheese Stick (21%) (Pasteurized Milk, Salt, Acidity Regulator (Citric Acid), Lactic Acid Bacteria), Cooked Chicken Slices (16%) (Chicken Breast (80%), Water, Acidity Regulator (Potassium Lactate), Potato Starch, Sugar, Carageenan, Stabilisers (Sodium Triphosphate, Disodium Diphosphate, Sodium Polyphosphate), Salt, Preservative (Sodium Nitrite), Tomato Ketchup (12%) (Tomato Puree, Glucose/Fructose Syrup, Sugar, Spirit Vinegar, Salt, Spice Mix (Onion, Clove, Salt, Cayenne Pepper, Garlic Oil))",https://www.sainsburys.co.uk/gol-ui/product/attack-a-snak-chicken-n-cheese-wrap-kit-with-tomato-ketchup-99g,,2024-08-20T18:27:36.264100-04:00
66-1255-DAI,Mlekovita Mazdamer Cheese Slices 150g,Mlekovita,"Dairy, eggs & chilled",Dairy & eggs,Cheese,,£1.60,,,£10.67 / kg,8150667.0,Swiss Type Full Fat Hard Cheese,,https://assets.sainsburys-groceries.co.uk/gol/8150667/1/640x640.jpg,"Nutrient	per 100 g
Energy	1387 kJ/ 334 kcal
Fat	26 g
of which saturates	17 g
Carbohydrate	0 g
of which sugars	0 g
Protein	25 g
Salt	1.1 g","Milk, Salt, Stabiliser: Calcium Chloride, Starter Culture",https://www.sainsburys.co.uk/gol-ui/product/mlekovita-mazdamer-cheese-slices-150g,,2024-08-20T18:27:48.914536-04:00
66-1256-DAI,Sainsbury's Extra Mature Cheddar 220g,Sainsbury's,"Dairy, eggs & chilled",Dairy & eggs,Cheese,,£2.35,,,£10.68 / kg,8025119.0,Extra Mature Cheddar cheese,,https://assets.sainsburys-groceries.co.uk/gol/8025119/1/640x640.jpg,,,https://www.sainsburys.co.uk/gol-ui/product/sainsburys-extra-mature-cheddar-220g,,2024-08-20T18:28:09.816526-04:00
66-1257-DAI,Alpro High Protein Chocolate Chilled Soya Dairy Alternative Drink 750ml,Alpro,"Dairy, eggs & chilled",Dairy & eggs,Dairy free,750ML,£2.00,,£1.50,£2.67 / ltr,8187683.0,"Soya drink, chocolate flavour with added calcium, iodine and vitamins, flash pasteurised.",,https://assets.sainsburys-groceries.co.uk/gol/8187683/1/640x640.jpg,"Nutrient	per 100ml		per 100ml
Energy	294 kJ / 70 kcal
Fat	2.8 g
of which Saturates	0.6 g
Carbohydrate	5.5 g
of which Sugars	5.0 g
Fibre	1.3 g
Protein	5.0 g
Salt	0.16 g
- D2	0.75 µg*
- Riboflavin (B2)	0.21 mg
- Calcium	120 mg*
- Iodine	22.5 µg*","Soya Base (93%) (Water, Hulled Soya Beans (12%)), Sugar, Fat-Reduced Cocoa* (1.6%), Calcium (Calcium Carbonate), Flavourings, Sea Salt, Acidity Regulator (Potassium Phosphates), Stabiliser (Gellan Gum), Potassium Iodide, Vitamins B2, D2, *Rainforest Alliance Certified",https://www.sainsburys.co.uk/gol-ui/product/alpro-plant-protein-chocolate-flavour-3x250ml,,2024-08-20T18:28:17.418718-04:00
66-1258-DAI,The Coconut Collaborative Salted Caramel Choc Pots 4x45g,The,"Dairy, eggs & chilled",Dairy & eggs,Dairy free,,£2.95,4 for £2.95,,£1.64 / 100g,7947153.0,Salted Caramel Chocolate Ganache,,https://assets.sainsburys-groceries.co.uk/gol/7947153/1/640x640.jpg,,"Coconut Cream (32%) (Coconut Extract, Water), Dark Chocolate (18%) (Cocoa Mass, Sugar, Emulsifier (Soya Lecithin), Natural Vanilla Flavouring), Water, Caramel (15%) (Sugar, Water), Sugar, Cocoa Powder (2%), Modified Corn Starch, Stabilisers (Carrageenan, Guar Gum), Modified Tapioca Starch, Salt, Emulsifier (Mono & Diglycerides of Fatty Acids), Natural Flavourings",https://www.sainsburys.co.uk/gol-ui/product/the-coconut-collaborative-salted-caramel-choc-pots-4x45g,4x45g,2024-08-20T18:28:29.930755-04:00
66-1259-DAI,Shaken Udder Vanilla licious Milkshake 750ml,Shaken,Drinks,Dairy & eggs,Milk,750ML,£2.45,,£2.00,33p / 100ml,7972804.0,High Temperature Pasteurised Milk Drink with Madagascan Vanilla Beans,,https://assets.sainsburys-groceries.co.uk/gol/7972804/1/640x640.jpg,"Nutrient	Per 100ml:	Per 250ml	RI*		Per 100ml:	Per 250ml	RI*
Energy	270kJ/ 64kcal	-	-
Fat	1.4g	-	-
of which saturates	1.0g	-	-
Carbohydrate	9.7g	-	-
of which sugars	8.4g	-	-
Protein	3.2g	-	-
Salt	0.13g	-	-
Vitamin B2 Riboflavin (mg)	0.23	0.58	41%
Vitamin B12 (µg)	0.90	2.25	90%
Calcium (mg)	115	288	36%","Semi-Skimmed Milk (94%), Sugar, Stabilisers (Cellulose, Modified Starch, Sodium Citrates, Guar Gum, Cellulose Gum, Carrageenan), Natural Flavourings, Madagascan Vanilla Seeds",https://www.sainsburys.co.uk/gol-ui/product/shaken-udder-vanillalicious-750ml,,2024-08-19T18:55:38.523476-04:00
66-1260-DAI,Haute Fromagerie Cheese Selection Pack 400g,Haute,"Dairy, eggs & chilled",Dairy & eggs,Cheese,,£9.80,,,£24.50 / kg,8083947.0,A selection of French cheeses,,https://assets.sainsburys-groceries.co.uk/gol/8083947/1/640x640.jpg,"Nutrient	per 100g:
Energy	1383 kJ/ 333 kcal
Fat	26.4g
of which saturates	18.5g
Carbohydrate	3.9g
of which sugars	3.7g
Protein	20.1g
Salt	1.8g","Saint-Nectaire Laitier: Pasteurised Cows' Milk, Tomme de Brebis: Pasteurised Ewes' Milk, Crottin: Pasteurised Goats' Milk, Maroilles: Pasteurised Cows' Milk, Bleu d'Auvergne: Pasteurised Cows' Milk, Quince Jelly: Quinces (55%), Sugar, Water, Gelling Agent: Pectin, Concentrated Lemon Juice",https://www.sainsburys.co.uk/gol-ui/product/haute-fromagerie-cheese-selection-pack-400g,,2024-08-20T18:28:42.895775-04:00
66-1261-DAI,Alpro Coconut Salted Caramel Plant Based Yoghurt Alternative 350g,Alpro,"Dairy, eggs & chilled",Dairy & eggs,Dairy free,,£3.00,,£1.75,86p / 100g,8189154.0,"Fermented coconut product with caramelised sugar, sea salt and natural flavouring.",,https://assets.sainsburys-groceries.co.uk/gol/8189154/1/640x640.jpg,"Nutrient	per 100 g
Energy	453 kJ / 108 kcal
Fat	5.0 g
of which Saturates	4.7 g
Carbohydrate	15 g
of which Sugars	9.1 g
Fibre	0.5 g
Protein	0.5 g
Salt	0.24 g","Light Coconut Milk [84.9%] [Water, Coconut Cream (20.8%), Coconut Water [9.7%]], Sugar, Modified Starches, Caramelised Sugar [1%], Salt [0.2%], Natural Flavourings, Lemon Juice from Concentrate, Stabilisers [Pectins], Live Cultures [S. Thermophilus, L. Bulgaricus]",https://www.sainsburys.co.uk/gol-ui/product/alpro-coconut-salted-caramel-350g,,2024-08-20T18:28:50.388825-04:00
66-1262-DAI,Cadbury Pots Of Joy Chocolate Dessert Limited Edition 4x60g,Cadbury,"Dairy, eggs & chilled",Dairy & eggs,Yogurts,,£1.70,4 for £1.70,,71p / 100g,8027272.0,"4 x Smooth Dessert Made with Melted Cadbury Milk Chocolate, with a Smooth Brownie Flavour Layer.",,https://assets.sainsburys-groceries.co.uk/gol/8027272/1/640x640.jpg,"Nutrient	Per 100g	Per pot (60g)	%* Per pot
Energy kJ	992	595	-
kcal	237	142	8%
Fat g	13.9	8.3	12%
of which saturates g	7.8	4.7	24%
Carbohydrate g	23.3	14.0	6%
of which sugars g	20.8	12.5	14%
Fibre g	1.0	0.6	-
Protein g	4.2	2.5	5%
Salt g	0.17	0.10	2%","Water, Concentrated Skimmed Milk, Milk Chocolate (13%) (Milk, Sugar, Cocoa Butter, Cocoa Mass, Vegetable Fats (Palm, Shea), Emulsifier (E442), Flavourings), Sugar, Cream, Fat Reduced Cocoa Powder, Palm Oil, Modified Maize Starch, Pork Gelatine, Flavourings, Emulsifier (E471), Dried Whey (from Milk), Stabilisers (Pectin, E412), Dried Glucose Syrup, Acidity Regulator (Sodium Citrates), Salt",https://www.sainsburys.co.uk/gol-ui/product/cadburys-pots-of-joy-ltd-edition-4x65g,4x60g,2024-08-20T18:29:03.272097-04:00
66-1263-DAI,Alpro Not Milk Whole Oat Milk Chilled Dairy Alternative 750ml,Alpro,"Dairy, eggs & chilled",Dairy & eggs,Dairy free,750ML,£1.75,,,£2.33 / ltr,8175825.0,"Oat drink with added calcium, iodine and vitamin D2.",,https://assets.sainsburys-groceries.co.uk/gol/8175825/1/640x640.jpg,"Nutrient	per 100 ml		per 100 ml
Energy	260 kJ / 62 kcal
Fat	3.5 g
of which Saturates	0.4 g
Carbohydrate	6.4 g
of which Sugars	1.2 g
Fibre	1.0 g
Protein	0.7 g
Salt	0.12 g
- D2	0.75 µg*
- Calcium	120 mg**
- Iodine	22.5 µg**","Oat base (93.5%) (Water, Oat (8.3%)), Sunflower Oil, Soluble Corn Fiber, Sugar, Pea Protein, Calcium (Calcium Carbonate), Acidity Regulator (Potassium Phosphates), Flavourings, Sea Salt, Stabiliser (Gellan Gum), Potassium Iodide, Vitamin D2",https://www.sainsburys.co.uk/gol-ui/product/alpro-plant-based-whole-milk-750ml,,2024-08-20T18:29:16.121961-04:00
66-1264-DAI,The Coconut Collab Raspberry Yog 350g,The,"Dairy, eggs & chilled",Dairy & eggs,Dairy free,,£2.75,,,79p / 100g,8104357.0,Cultured Coconut Yogurt Alternative with Raspberry Compote.,,https://assets.sainsburys-groceries.co.uk/gol/8104357/1/640x640.jpg,,"Cultured Coconut Milk (85%) (Coconut Milk, Coconut Water, Water, Modified Flour (Corn, Tapioca, Potato), Dietary Fibre, Rice Extract, Potato Flour, Guar Gum, Fruit Pectin, Vitamins D2, B6 and B12, Tricalcium Phosphate (Calcium), Natural Flavouring, Cultures (S.Thermophilus + L.Bulgaricus, Lactobacillus Acidophilus, Bifidobacterium Lactis, Bifidobacterium SPP.), Raspberry Compote (15%)(Apple Juice Concentrate, Raspberry (30%), Water, Modified Corn Flour, Natural Flavouring, Carrot Concentrate, Fruit Pectin, Lemon Juice Concentrate, Citric Acid)",https://www.sainsburys.co.uk/gol-ui/product/the-coconut-collab-raspberry-yog-350g,,2024-08-20T18:29:28.797415-04:00
66-1265-DAI,"Sainsbury's Nacho Cheese Bake Summer Edition, Taste the Difference 150g",Sainsbury's,"Dairy, eggs & chilled",Dairy & eggs,Cheese,,£4.00,,£3.00,£26.67 / kg,8182092.0,A coloured mature Cheddar and full fat soft cheese bake with green Jalapeños,,https://assets.sainsburys-groceries.co.uk/gol/8182092/1/640x640.jpg,,,https://www.sainsburys.co.uk/gol-ui/product/sainsburys-nacho-cheese-bake-summer-edition-taste-the-difference-150g,,2024-08-20T18:29:44.568458-04:00
66-1266-DAI,Castello Bake Mozzarella & Maasdam Grated Cheese 180g,Castello,"Dairy, eggs & chilled",Dairy & eggs,Cheese,,£2.50,,£2.00,£13.89 / kg,8168709.0,Grated firm medium fat mozzarella cheese and grated semi-hard ripened Maasdam cheese.,,https://assets.sainsburys-groceries.co.uk/gol/8168709/1/640x640.jpg,"Nutrient	per 100 g
Energy	1305 kJ / 314 kcal
Fat	23 g
of which saturates	14 g
Carbohydrate	2.8 g
of which sugars	0.6 g
Protein	24 g
Salt	1.5 g","Mozzarella Cheese (Milk) (58%), Maasdam Cheese (Milk)(39%), Potato Starch",https://www.sainsburys.co.uk/gol-ui/product/castello-bake-mozzarella-maasdam-grated-cheese-180g,,2024-08-20T18:29:52.213189-04:00
66-1267-DAI,Arctic Iced Coffee Mocha 1L,Arctic,Drinks,Dairy & eggs,Milk,1L,£2.20,,£1.95,22p / 100ml,8187521.0,Coffee Milk Drink with Fat Reduced Cocoa Powder,,https://assets.sainsburys-groceries.co.uk/gol/8187521/1/640x640.jpg,"Nutrient	per 100ml
Energy	275kJ/ 65kcal
Fat	1.1g
of which saturates	0.8g
Carbohydrate	10.7g
of which sugars	8.2g
Protein	2.9g
Salt	0.18g","1.8% Fat Milk (76%), Coffee (Water, Coffee Powder*) (19%), Sugar, Fat-Reduced Cocoa Powder, Stabilisers (Cellulose, Cellulose Gum), Natural Flavouring, Acidity Regulator: Sodium Phosphate, *Rainforest Alliance Certified",https://www.sainsburys.co.uk/gol-ui/product/arctic-iced-coffee-mocha-1l,,2024-08-19T18:56:49.563219-04:00
66-1268-DAI,Muller Light Choc Pot Orange Chocolate Dessert 4x80g,Muller,"Dairy, eggs & chilled",Dairy & eggs,New,,£2.25,4 for £2.25,£1.50,70p / 100g,8198908.0,Low Fat Smooth Orange Flavoured Milk Chocolate Dessert with Sugars & Sweeteners x4,,https://assets.sainsburys-groceries.co.uk/gol/8198908/1/640x640.jpg,"Nutrient	per 100g
Energy	404kJ (96kcal)
Fat	2.6g
of which saturates	1.6g
Carbohydrate	14.2g
of which sugars	10.4g
Protein	3.4g
Salt	0.14g","Water, Skimmed Milk from Concentrate, Belgian Milk Chocolate (6%) (Sugar, Cocoa Butter, Whole Milk Powder Cocoa Mass, Emulsifier: Soya Lecithin; Natural Vanilla Flavouring), Sugar, Modified Maize Starch, Fat Reduced Cocoa Powder, Stabilisers: Pectins, Carob Bean Gum, Cream (Milk), Natural Orange Flavouring, Sweeteners: Aspartame, Acesulfame K, Flavouring",https://www.sainsburys.co.uk/gol-ui/product/muller-smooth-belgian-milk-chocolate-orange-flavour-light-chocolate-fix-4x80g,4x80g,2024-08-20T18:29:59.451498-04:00
66-1269-DAI,President A La Carte Crispy Bakes with Brie 6x25g,President,"Dairy, eggs & chilled",Dairy & eggs,Cheese,,£3.00,6 for £3.00,,£20.00 / kg,8166340.0,Product made from a Brie and Mozzarella cheese mix coated in puffed rice.,,https://assets.sainsburys-groceries.co.uk/gol/8166340/1/640x640.jpg,,"Brie Cheese 29.1% (Pasteurised Milk, Salt, Cultures), Mozzarella Cheese 26.5% (Pasteurised Milk, Salt, Cultures), Wheat Flour, Puffed Rice 11.6%, Water, Sunflower Oil, Sugar, Barley Malt Extract, Egg White Powder, Salt, Wheat Gluten, Cassava Starch, Thickeners (Carob Seeds Flour, Xanthan Gum), Preservative (Potassium Sorbate)",https://www.sainsburys.co.uk/gol-ui/product/president-a-la-carte-crispy-bakes-with-brie-6x25g,6x25g,2024-08-20T18:30:11.960061-04:00
66-1270-DAI,Biotiful Gut Health Organic Kefir Milk Drink Original 500ml,Biotiful,Drinks,Dairy & eggs,Milk,500ML,£2.80,,,56p / 100g,7999085.0,Fermented organic milk traditionally known as kefir,,https://assets.sainsburys-groceries.co.uk/gol/7999085/1/640x640.jpg,"Nutrient	Per 100ml	1 serving (250ml)		Per 100ml	1 serving (250ml)
Energy, kcal (kJ)	59 (245)	148 (612)
Fat (g)	2.9	7.3
of which saturates (g)	2.1	5.3
Carbohydrates (g)	4.6	12
of which sugars*** (g)	2.8	7.0
Protein (g)	3.5	8.8
Salt (g)	0.10	0.25
Vitamins and Minerals	% of reference intake per 100ml	Per 100ml
Riboflavin B2 (mg)	10%	0.14
Vitamin B12 (µg)	9%	0.22
Calcium (mg)	14%	111
Phosphorus (mg)	11%	78","Organic Pasteurised Cow's Milk Fermented with Live Kefir Cultures†, † Includes: Bifidobacterium, Lactobacillus Acidophilus, Lactobacillus Casei, Lactobacillus Rhamnosus",https://www.sainsburys.co.uk/gol-ui/product/biotiful-dairy-organic-kefir-500ml,,2024-08-19T18:57:03.182100-04:00
66-1271-DAI,Starbucks Skinny Latte Lactose Free Flavoured Milk Iced Coffee 220ml,Starbucks,Drinks,Dairy & eggs,Milk,220ML,£2.20,,,£1.00 / 100ml,7697653.0,Lactose free milk drink with Starbucks® Arabica coffee and sweetener. UHT.,,https://assets.sainsburys-groceries.co.uk/gol/7697653/1/640x640.jpg,"Nutrient	per 100 ml:
Energy:	151kJ/ 36kcal
Fat:	0.9g
of which saturates:	0.5g
Carbohydrate:	4.1g
of which sugars:	3.7g
Protein:	2.8g
Salt:	0.09g","1.1% Fat Milk (75%), Starbucks® Arabica Coffee (Water, Coffee Extract) (24.8%), Acidity Regulator (Potassium Carbonate), Stabilisers (Gellan Gum, Carrageenan), Lactase Enzyme, Sweetener (Acesulfame K)",https://www.sainsburys.co.uk/gol-ui/product/starbucks-skinny-latte-10x220ml,,2024-08-19T18:54:18.096642-04:00
66-1272-DAI,The Coconut Collab Gut Health Cultured Coconut Yog Plain 350g,The,"Dairy, eggs & chilled",Dairy & eggs,Dairy free,,£2.75,,,79p / 100g,8115065.0,Cultured Coconut Yogurt Alternative.,,https://assets.sainsburys-groceries.co.uk/gol/8115065/1/640x640.jpg,"Nutrient	per 100g:		per 100g:
Energy	377kJ/ 90kcal
Fat	5.8g
Of which Saturates	5.4g
Carbohydrates	8.8g
Of which Sugars	1.1g
Fibre	1.0g
Protein	0.6g
Salt	0.08g
Vitamin D	10µg (RI** 20%)
Vitamin B6	0.3mg (RI** 21%)
Vitamin B12	0.5µg (RI** 20%)
Calcium	120mg (RI** 15%)","Coconut Milk (40%), Coconut Water (40%), Water, Modified Corn Flour, Modified Tapioca Starch, Potato Starch, Guar Gum, Pectin, Natural Flavourings, Rice Flour, Vitamin D2, Vitamin B6, Vitamin B12, Tricalcium Phosphate (Calcium), Natural Flavouring, Cultures (S. Thermophilus + L. Bulgaricus, Lactobacillus Acidophilus, Bifidobacterium Lactis, Bifidobacterium Spp.)",https://www.sainsburys.co.uk/gol-ui/product/the-coconut-collab-gut-health-cultured-coconut-yog-plain-350g,,2024-08-20T18:30:24.662456-04:00
66-1273-DAI,"Sainsbury's Smoked Shropshire Red, Taste the Difference",Sainsbury's,"Dairy, eggs & chilled",Dairy & eggs,Cheese,,£3.25,,£2.75,£16.25 / kg,8174900.0,Smoked Shropshire Red Cheese,,https://assets.sainsburys-groceries.co.uk/gol/8174900/1/640x640.jpg,,,https://www.sainsburys.co.uk/gol-ui/product/sainsburys-smoked-shropshire-red-taste-the-difference,,2024-08-20T18:30:40.471984-04:00
66-1274-DAI,Arla Protein Strawberry & Raspberry Flavoured Milk Drink 482ml,Arla,Drinks,Dairy & eggs,Milk,482ML,£2.00,,,42p / 100ml,8183694.0,Strawberry and Raspberry Flavoured UHT Milk Drink with Added Milk Protein.,,https://assets.sainsburys-groceries.co.uk/gol/8183694/1/640x640.jpg,"Nutrient	Per 100 ml		Per 100 ml
Energy	214 kJ/ 51 kcal
Fat	0,9 g
of which saturates	0,6 g
Carbohydrate	4,8 g
of which sugars	4,7 g
Protein	5,7 g
Salt	0,18 g
Calcium	146 mg (18% RI⁵)","Milk (95%), Milk Protein (2.6%), Sugar (1.9%), Stabilisers (Gellan Gum, Carrageenan, Trisodium Citrate), Natural Flavouring, Colour (Beta Carotene), Lactase Enzyme",https://www.sainsburys.co.uk/gol-ui/product/arla-protein-strawberry-raspberry-flavoured-milk-drink-482ml,,2024-08-19T18:56:34.103462-04:00
66-1275-DAI,Ufit White Chocolate Flavour High Protein Milkshake 330ml,Ufit,Drinks,Dairy & eggs,Milk,330ML,£2.00,,£1.50,61p / 100ml,8128023.0,"A high protein White Chocolate flavour milkshake drink with sweetener, added vitamins and contains naturally occurring sugars.",,https://assets.sainsburys-groceries.co.uk/gol/8128023/1/640x640.jpg,"Nutrient	Per 100ml	Per 330ml	RI%* Per 100ml		Per 100ml	Per 330ml	RI%* Per 100ml
Energy (kJ)	194	640	-
Energy (kcal)	46	152	-
Fat (g)	0.1	0.3	-
of which saturates (g)	0.1	0.3	-
Carbohydrate (g)	3.6	12	-
of which sugars (g)	3.4	11	-
Protein (g)	7.6	25	-
Salt (g)	0.17	0.56	-
Vitamin D2 (µg)	0.33	1.09	6.5
Vitamin E (mg)	0.78	2.57	6.5
Vitamin C (mg)	5.20	17.16	6.5
Selenium (µg)	3.60	11.88	6.5","Skimmed Milk, Milk Protein Concentrate, Water, Skimmed Milk Powder, Oat Fibre (Gluten), Vitamin & Mineral Blend (Vitamin C, Vitamin E, Selenium, Vitamin D2), Stabilisers: Gellan Gum, Carrageenan, Flavourings, Salt, Sweetener: Sucralose, Acidity Regulator: Sodium Citrate",https://www.sainsburys.co.uk/gol-ui/product/ufit-white-chocolate-flavour-high-protein-milkshake-330ml,,2024-08-19T18:55:59.897953-04:00
66-1276-DAI,Muller Light Choc Pot Chocolate Dessert 4x80g,Muller,"Dairy, eggs & chilled",Dairy & eggs,New,,£2.25,4 for £2.25,£1.50,70p / 100g,8200076.0,Low Fat Smooth Milk Chocolate Dessert with Sugars & Sweeteners x4,,https://assets.sainsburys-groceries.co.uk/gol/8200076/1/640x640.jpg,"Nutrient	per 100g
Energy	418kJ (100kcal)
Fat	2.7g
of which saturates	1.6g
Carbohydrate	15.0g
of which sugars	9.6g
Protein	3.4g
Salt	0.13g","Water, Skimmed Milk from Concentrate, Belgian Milk Chocolate (6%) (Sugar, Cocoa Butter, Whole Milk Powder, Cocoa Mass, Emulsifier: Soya Lecithin; Natural Vanilla Flavouring), Sugar, Modified Maize Starch, Fat Reduced Cocoa Powder, Cream (Milk), Stabilisers: Pectins, Carob Bean Gum, Sweeteners: Aspartame, Acesulfame K, Flavourings",https://www.sainsburys.co.uk/gol-ui/product/muller-smooth-belgian-milk-chocolate-light-chocolate-fix-4x80g,4x80g,2024-08-20T18:30:48.144520-04:00
66-1277-DAI,Shaken Udder Chocolate Protein Milkshake 330ml,Shaken,Drinks,Dairy & eggs,Milk,330ML,£2.30,,,70p / 100ml,8188586.0,Ultra High Temperature Pasteurised Protein Milk Drink with Chocolate,,https://assets.sainsburys-groceries.co.uk/gol/8188586/1/640x640.jpg,"Nutrient	Per 100ml:	Per 330ml	RI*		Per 100ml:	Per 330ml	RI*
Energy	342kJ/ 81kcal	-	-
Fat	1.8g	-	-
of which saturates	1.1g	-	-
Carbohydrates	9.8g	-	-
of which sugars	9.7g	-	-
Protein	6g	-	-
Salt	0.2g	-	-
Vitamin B12 (µg)	0.16	0.53	21%
Calcium (mg)	178	587	29%","Semi-Skimmed Milk (64%), Milk Protein (29%), Sugar, Milk Chocolate (1.5%) (Sugar, Cocoa Mass, Whole Milk Powder, Cocoa Butter, Skimmed Milk Powder), Chocolate (1%) (Sugar, Cocoa Mass, Fat Reduced Cocoa Powder, Natural Vanilla Flavouring), Fat Reduced Cocoa Powder (0.4%), Stabilisers (Cellulose, Cellulose Gum, Carrageenan), Natural Flavourings, Salt",https://www.sainsburys.co.uk/gol-ui/product/shaken-udder-chocolate-protein-milkshake-330ml,,2024-08-19T18:57:42.129208-04:00
66-1278-DAI,Alpro Not Milk Semi Oat Milk Chilled Dairy Alternative 750ml,Alpro,"Dairy, eggs & chilled",Dairy & eggs,Dairy free,750ML,£1.75,,,£2.33 / ltr,8175801.0,"Oat drink with added calcium, iodine and vitamin D2, flash pasteurised.",,https://assets.sainsburys-groceries.co.uk/gol/8175801/1/640x640.jpg,"Nutrient	per 100 ml		per 100 ml
Energy	196 kJ / 47 kcal
Fat	1.8 g
of which Saturates	0.2 g
Carbohydrate	6.5 g
of which Sugars	1.2 g
Fibre	1.0 g
Protein	0.7 g
Salt	0.12 g
- D2	0.75 µg*
- Calcium	120 mg*
- Iodine	22.5 µg*","Oat Base (95.3%) (Water, Oat (8.3%)), Sunflower Oil, Soluble Corn Fiber, Sugar, Pea Protein, Calcium (Calcium Carbonate), Acidity Regulator (Potassium Phosphates), Flavourings, Sea Salt, Stabiliser (Gellan Gum), Potassium Iodide, Vitamin D2",https://www.sainsburys.co.uk/gol-ui/product/alpro-plant-based-semi-milk-750ml,,2024-08-20T18:31:01.275160-04:00
66-1279-DAI,Fruit Bowl Raspberry Yogurt Flakes 5x21g,Fruit,"Dairy, eggs & chilled",,,,£2.25,5 for £2.25,£1.50,£2.50 / 100g,7922739.0,Fruit pieces made with concentrated apple and raspberry purees in a yogurt flavoured coating.,,https://assets.sainsburys-groceries.co.uk/gol/7922739/1/640x640.jpg,,"Yogurt Flavoured Coating (60%): [Sugar, Palm Fat, Whey Powder (Milk), Rice Flour, Yogurt Powder (Milk) (3%), Emulsifier (Sunflower Lecithins), Glazing Agent (Shellac, Gum Arabic)], Fruit Flakes® (40%): [Concentrated Apple Puree, Fructose-Glucose Syrup, Raspberry Puree, Sugar, Gluten Free Wheat Fibre, Palm Fat, Gelling Agent (Pectin), Concentrated Elderberry Juice, Acidity Regulator (Malic Acid, Citric Acid), Natural Flavouring], An average of 206g Apple, 26g Raspberry and 6g Elderberry used to prepare 100g of Fruit Flakes®",https://www.sainsburys.co.uk/gol-ui/product/fruit-bowl-raspberry-yogurt-flakes-5x21g,5x21g,2024-08-20T18:31:13.986827-04:00
66-1280-DAI,Violife Cheddarton Extra Mature Vegan Cheese Alternative,Violife,"Dairy, eggs & chilled",Dairy & eggs,Cheese,,£2.75,,,£13.75 / kg,8188963.0,Food Preparation with Coconut Oil.,100 g,https://assets.sainsburys-groceries.co.uk/gol/8188963/1/640x640.jpg,"Nutrient	Per 100g	Per Serving (30g)***	%RI* Per Serving (30g)***		Per 100g	Per Serving (30g)***	%RI* Per Serving (30g)***
Energy	1457kJ/ 352kcal	437kJ/ 106kcal	5%
Fat	30g	9g	13%
- Of which Saturates	27g	8.1g	41%
Carbohydrates	19g	5.7g	2%
- Of which Sugars	1.5g	0.5g	1%
Protein	0.4g	0.1g	0%
Salt	2.6g	0.8g	13%
Vitamin B12	2.5µg (100%**)	0.75µg (30%**)	-
Calcium	140mg (18%**)	42mg (5%**)	-","Water, Coconut Oil (30%), Modified Starch, Starch, Cheddar Flavour, Sea Salt, Thickener (Agar), Fructose, Calcium Phosphate, Acidity Regulator (Lactic Acid), Olive Extract, Colour (Carotenes), Vitamin B12",https://www.sainsburys.co.uk/gol-ui/product/violife-cheddarton-extra-mature-vegan-cheese-alternative,,2024-08-20T18:31:26.778662-04:00
66-1281-DAI,Huel Salted Caramel 500ml,Huel,Drinks,Dairy & eggs,Milk,500ML,£3.50,,,70p / 100ml,8186757.0,"Nutritionally complete drink with natural flavourings, sea salt and natural sweetener",,https://assets.sainsburys-groceries.co.uk/gol/8186757/1/640x640.jpg,,"Water, Pea Protein, Tapioca Maltodextrin, Rapeseed Oil, Gluten-Free Oat Flour, Ground Flaxseed, Medium-Chain Triglyceride Powder (from Coconut), Soluble Gluco Fibre, Natural Flavourings, Micronutrient Blend*, Coconut Sugar, Hemp Seed Protein, Emulsifier: Sunflower Lecithin, Sea Salt (0.1%), Sweetener: Steviol Glycosides, Thickener: Gellan Gum, *Micronutrient Blend: Potassium Citrate, Potassium Chloride, Calcium Carbonate, Maltodextrin, Vitamin C (as L-Ascorbic Acid), Magnesium Phosphate, Magnesium Citrate, L-Choline Bitartrate, Vitamin K2 (as Menaquinone-7), Vitamin E (as D-Alpha-Tocopheryl Acetate), Vitamin A (as Retinyl Acetate), Niacin (as Niacinamide), Vitamin D2 (Ergocalciferol), Vitamin B12 (as Cyanocobalamin), Pantothenic Acid (as Calcium-D-Pantothenate), D-Biotin, Copper Gluconate, Zinc Oxide Vitamin B6 (as Pyridoxine Hydrochloride), Potassium Iodide, Riboflavin, Selenium Yeast, Thiamin Mononitrate, Calcium-L-Methylfolate, Chromium Picolinate",https://www.sainsburys.co.uk/gol-ui/product/huel-salted-caramel-500ml,,2024-08-19T18:57:16.187364-04:00
66-1282-DAI,Piatnica Serek Wiejski Zananasem Cottage Cheese with Pineapple 150g,Piatnica,"Dairy, eggs & chilled",Dairy & eggs,Cheese,,£1.05,,,£7.00 / kg,8205820.0,Cottage cheese with pineapple,,https://assets.sainsburys-groceries.co.uk/gol/8205820/1/640x640.jpg,,"Grain Curd, Pasteurized Cream, Pineapple Fruit preparation (Sugar, Pineapple 7 % in Cheese, Thickened Lemon Juice, Flavouring, Colours: Curcumin, Paprika Extract), Salt",https://www.sainsburys.co.uk/gol-ui/product/piatnica-serek-wiejski-zananasem-cottage-cheese-with-pineapple-150g,,2024-08-20T18:31:39.743734-04:00
66-1283-DAI,Philadelphia Lactose Free Soft Cheese 150g,Philadelphia,"Dairy, eggs & chilled",Dairy & eggs,Cheese,,£2.20,,,£14.67 / kg,8025181.0,Lactose-free Medium fat soft cheese,,https://assets.sainsburys-groceries.co.uk/gol/8025181/1/640x640.jpg,,"Medium Fat Soft Cheese, Salt, Stabilisers (Guar Gum, Carrageenan), Lactase",https://www.sainsburys.co.uk/gol-ui/product/philadelphia-lactose-free-150g,,2024-08-20T18:31:52.244710-04:00
66-1284-DAI,Coconut Collaborative Mango & Passionfruit Yoghurt 360g,Coconut,"Dairy, eggs & chilled",Dairy & eggs,Dairy free,,£2.75,,,76p / 100g,7988482.0,Cultured coconut dessert mango and passion fruit compote,,https://assets.sainsburys-groceries.co.uk/gol/7988482/1/640x640.jpg,,"Cultured Coconut Milk (82%) (Coconut Milk, Coconut Water, Cornflour, Potato Starch, Stabiliser (Fruit Pectin), Corn Fibre, Cultures*), Mango & Passion Fruit Compote (18%) ((Fruit Derived Sugars, Mango (23%), Water, Passion Fruit Puree (8%), Corn Starch, Calcium (Calcium Citrates), Lemon Juice Concentrate, Fruit Pectin, Locust Bean Gum, Natural Flavouring, Citric Acid, Vitamin D2)), *S. Thermophilus + L. Bulgaricus, Lactobacillus Acidophilus, Bifidobacterium Lactis)",https://www.sainsburys.co.uk/gol-ui/product/coconut-collab-mango-yoghurt-400g,,2024-08-20T18:32:04.852537-04:00
66-1285-DAI,"Sainsbury's Banoffee Pie Twin Pack Yogurt, Taste the Difference x2",Sainsbury's,"Dairy, eggs & chilled",Dairy & eggs,Special offers,,£1.50,,£1.20,68p / 100g,8184295.0,Banana and toffee flavour yogurts with biscuit pieces,,https://assets.sainsburys-groceries.co.uk/gol/8184295/1/640x640.jpg,,,https://www.sainsburys.co.uk/gol-ui/product/sainsburys-banoffee-pie-twin-pack-yogurt-taste-the-difference-x2,,2024-08-20T18:32:20.577113-04:00
66-1286-DAI,Jus-Rol Classic Pizza Base 600g,Jus-Rol,"Dairy, eggs & chilled","Pizza, pasta & garlic bread",Pizza,,£3.45,,,£5.75 / kg,8171690.0,Chilled uncooked dough with olive oil for pizza and tomato sauce with herbs. Olive oil 1.6%.,,https://assets.sainsburys-groceries.co.uk/gol/8171690/1/640x640.jpg,"Nutrient	(uncooked) Per 100g	(uncooked) 1/6 of pizza base with tomato sauce (100g)	%* (100g)
Energy	809 kJ / 192 kcal	809 kJ / 192 kcal	10%
Fat	3.2 g	3.2 g	5%
of which saturates	0.7 g	0.7 g	4%
Carbohydrate	31.5 g	31.5 g	12%
of which sugars	2.3 g	2.3 g	3%
Fibre	2.0 g	2.0 g	-
Protein	5.7 g	5.7 g	11%
Salt	1.21 g	1.21 g	20%","Pizza Dough (67%): Wheat Flour, Water, Wheat Gluten, Raising Agents (Potassium Carbonates, Glucono-Delta-Lactone, Diphosphates), Olive Oil (2.4%, Expressed on 100% Pizza Dough), Ethyl Alcohol, Dextrose, Salt, Stabiliser (Magnesium Chloride), Thickener (Xanthan Gum), Flour Treatment Agent (Ascorbic Acid), Tomato Sauce (33%): Tomato Puree and Pulp (92%**), Sunflower Oil, Onions, Water, Salt, Herbs (0.06%**) (Oregano, Basil), Pepper, **Expressed on 100% Tomato Sauce",https://www.sainsburys.co.uk/gol-ui/product/jus-rol-classic-pizza-base-600g,,2024-08-20T18:32:33.408629-04:00
66-1287-DAI,Mighty Oat Based Whole Not Milk Alternative 1L,Mighty,Drinks,Dairy & eggs,Dairy free,1L,£1.90,,£1.35,£1.90 / ltr,8104439.0,Oat and pea protein drink with added vitamins and minerals.,,https://assets.sainsburys-groceries.co.uk/gol/8104439/1/640x640.jpg,"Nutrient	Per 100ml		Per 100ml
Energy	205kJ/ 49kcal
Fat	3.5g
of which Saturates	0.5g
Carbohydrate	2.8g
of which Sugars	1.0g
Fibre	0.1g
Protein	1.6g
Salt	0.16g
Calcium	120mg 15% RI†
Vitamin B12	0.90µg 36% RI†
Vitamin D	0.75µg 15% RI†
Iodine	30µg 20% RI†","Water, Oats (4%), Rapeseed Oil, Pea* Protein Isolate (1.6%), Acidity Regulator (Dipotassium Phosphate), Fermented Oats, Calcium Carbonate, Natural Flavourings, Sea Salt, Stabiliser (Gellan Gum), Iodine, Vitamins (B12, D), *Peas are legumes",https://www.sainsburys.co.uk/gol-ui/product/mighty-milkology-whole-1l,,2024-08-19T18:56:21.071069-04:00
66-1288-DAI,Müller Frijj Banana Flavour Milkshake 330ml,Müller,Drinks,Dairy & eggs,Milk,330ML,£1.00,,£1.50,30p / 100ml,7895953.0,Ultra Heat Treated (UHT) long life banana flavour milkshake.,,https://assets.sainsburys-groceries.co.uk/gol/7895953/1/640x640.jpg,"Nutrient	Per 100ml		Per 100ml
Energy	299kJ / 71kcal
Fat	1.3g
of which saturates	0.8g
Carbohydrate	11.0g
of which sugars	10.4g
Protein	3.7g
Salt	0.12g
Calcium	126mg (15% NRV)
Vitamin B12	0.3µg (12% NRV)","Skimmed Milk (61%), Whole Milk (30%), Sugar Syrup, Buttermilk Powder, Modified Maize Starch, Fructose, Stabilisers: Cellulose, Cellulose Gum, Carrageenan, Guar Gum, Flavourings, Colour: Carotenes",https://www.sainsburys.co.uk/gol-ui/product/frijj-banana-flavoured-milk-400ml,,2024-08-19T18:57:57.677710-04:00
66-1289-DAI,Sainsbury's Little Ones Organic Peach & Mango Yogurt 7+ Months 90g,Sainsbury's,"Dairy, eggs & chilled",Baby meals,All baby meals,,65p,,,72p / 100g,7971754.0,Organic fruit puree with pasteurised organic yogurt and organic wholegrain rice flour,,https://assets.sainsburys-groceries.co.uk/gol/7971754/1/640x640.jpg,,,https://www.sainsburys.co.uk/gol-ui/product/sainsburys-little-ones-organic-peach-mango-yogurt-7-months-90g,,2024-08-20T18:32:54.277067-04:00
66-1290-DAI,Chocomel 750ml,Chocomel,Drinks,Dairy & eggs,Milk,750ML,£2.75,,£2.00,37p / 100ml,8169248.0,Chocolate flavoured milk drink. UHT,,https://assets.sainsburys-groceries.co.uk/gol/8169248/1/640x640.jpg,,"Milk (1,3% Fat), 5% Chocolate Powder (Sugar, Cocoa¹), Sugar, Stabilisers (Carrageenan), Flavour, ¹Rainforest Alliance Certified",https://www.sainsburys.co.uk/gol-ui/product/chocomel-750ml,,2024-08-19T18:58:44.558799-04:00
66-1291-DAI,Primula Signature Blend Mature Cheddar Cheese 140g,Primula,"Dairy, eggs & chilled",Dairy & eggs,Cheese,,£1.85,,,£13.21 / kg,8168707.0,Mature Cheese Spread,,https://assets.sainsburys-groceries.co.uk/gol/8168707/1/640x640.jpg,,"Cheese (63%) (Mature Cheddars (50%) (Milk), Medium Fat Soft Cheese (Medium Fat Soft Cheese, Sea Salt) (Milk)), Partially Reconstituted Skimmed Milk Powder (Water, Skimmed Milk Powder), Emulsifying Salts (Triphosphates, Polyphosphates)",https://www.sainsburys.co.uk/gol-ui/product/primula-signature-blend-mature-cheddar-cheese-140g,,2024-08-20T18:33:06.904358-04:00
66-1292-DAI,Nesquik Banana Milkshake Powder Tub 500g,Nesquik,Drinks,Dairy & eggs,Milk,,£5.25,,,£10.50 / kg,8153736.0,Banana Flavour Milkshake Mix with Added Vitamins C & D for Milk.,,https://assets.sainsburys-groceries.co.uk/gol/8153736/1/640x640.jpg,,"Sugar, Rice Flour, Natural Flavouring, Vitamins (C, D), Colours (Carotenes)",https://www.sainsburys.co.uk/gol-ui/product/nesquik-banana-milkshake-powder-tub-500g,,2024-08-19T18:58:23.826318-04:00
66-1293-DAI,Activia Fibre Muesli Breakfast Gut Health Yoghurt 4x115g,Activia,"Dairy, eggs & chilled",Dairy & eggs,Special offers,,£2.75,4 for £2.75,£2.00,60p / 100g,8166166.0,Yogurt with Muesli,100 g,https://assets.sainsburys-groceries.co.uk/gol/8166166/1/640x640.jpg,"Nutrient	Per 100g	Per serving (115g)	% RI* (115g)		Per 100g	Per serving (115g)	% RI* (115g)
Energy (kJ/kcal)	433/ 104	498/ 120	6
Fat (g)	3.4	3.9	6
of which saturates (g)	1.9	2.2	11
Carbohydrate (g)	13	15	6
of which sugars (g)	13	14	16
Fibre (g)	2.5	2.9	-
Protein (g)	3.6	4.1	8
Salt (g)	0.13	0.15	2
Calcium (mg)	137	158	20","Yogurt (Milk), Water, Sugar, Muesli (3.5%) (Raisins, Wheat, Oat, Hazelnut, Almond, Walnut), Dietary Fibre (Oligofructose) (29%), Modified Maize Starch, Thickener (Carrageenan), Acidity Regulators (Citric Acid, Sodium Citrate), Flavourings, Cultures (Lactobacillus Bulgaricus, Streptococcus Thermophilus, Lactococcus Lactis, Bifidobacterium Lactis (Bifidus ActiRegularis))",https://www.sainsburys.co.uk/gol-ui/product/activia-muesli-x4-460g-,4x115g,2024-08-20T18:33:14.577623-04:00
66-1294-DAI,Cadbury Creamy Chocolate Milkshake 250ml,Cadbury,Drinks,Dairy & eggs,Milk,250ML,£2.00,,,80p / 100ml,8183652.0,Ultra Heat Treated (UHT) Long Life Chocolate Flavour Milk Drink.,,https://assets.sainsburys-groceries.co.uk/gol/8183652/1/640x640.jpg,,"Whole Milk (47%), Semi-Skimmed Milk (39%), Sugar Syrup, Milk Chocolate Powder (5%) (Milk, Sugar, Cocoa Mass, Cocoa Butter, Vegetable Fats (Palm, Shea), Emulsifier (E442)), Cocoa Powder, Buttermilk Powder, Modified Maize Starch, Stabilisers (Cellulose, Cellulose Gum, Carrageenan), Flavouring, Salt",https://www.sainsburys.co.uk/gol-ui/product/cadbury-creamy-chocolate-milkshake-250ml,,2024-08-19T18:57:29.091177-04:00
66-1295-DAI,Galbani Mozzarella Panini Slices x6 120g,Galbani,"Dairy, eggs & chilled",Dairy & eggs,Cheese,,£2.35,,,£19.58 / kg,8168731.0,Sliced fresh soft cheese.,,https://assets.sainsburys-groceries.co.uk/gol/8168731/1/640x640.jpg,,"Milk, Cream (Milk), Salt, Microbial Coagulant, Acidity Regulator: Citric Acid",https://www.sainsburys.co.uk/gol-ui/product/galbani-mozzarella-panini-slices-x6-120g,,2024-08-20T18:33:27.196680-04:00
66-1296-DAI,Rowse Organic Runny Honey Squeezy 680g,Rowse,"Dairy, eggs & chilled",Dairy & eggs,"Butter, spreads & pastry",,£5.75,,,85p / 100g,8089101.0,Organic,,https://assets.sainsburys-groceries.co.uk/gol/8089101/1/640x640.jpg,"Nutrient	per 100g:
Energy	1398kJ/ 329kcal
Fat	<0.5g
of which saturates	0.2g
Carbohydrate	81.5g
of which sugars	80.8g
Fibre	<0.5g
Protein	<0.5g
Salt	0.03g",,https://www.sainsburys.co.uk/gol-ui/product/rowse-organic-runny-honey-squeezy-680g,,2024-08-20T18:33:48.115458-04:00
66-1297-DAI,Cathedral City Naturally Smoked Cheddar Cheese 300g,Cathedral,"Dairy, eggs & chilled",Dairy & eggs,Cheese,,£3.50,,,£11.67 / kg,8168714.0,Smoked Cheddar Cheese.,30 g,https://assets.sainsburys-groceries.co.uk/gol/8168714/1/640x640.jpg,"Nutrient	per 100g	per 30g serving		per 100g	per 30g serving
Energy	1725kJ / 416kcal	518kJ / 125kcal
Fat	34.9g	10.5g
(of which saturates)	21.7g	6.5g
Carbohydrate	0.1g	0g
(of which sugars)	0.1g	0g
Protein	25.4g	7.6g
Salt	1.8g	0.5g
Calcium	739mg (92% RI)	222mg (28% RI)",,https://www.sainsburys.co.uk/gol-ui/product/cathedral-city-our-naturally-smoked-cheddar-300g,,2024-08-20T18:34:09.313371-04:00
66-1298-DAI,Lindahls Pro+ Kvarg Raspberry & Vanilla Protein Yogurt Drink 250ml,Lindahls,Drinks,Dairy & eggs,Yogurts,250ML,£1.50,,,60p / 100g,8102492.0,"Concentrated fermented skimmed milk with raspberry and vanilla flavour, with sweeteners.",,https://assets.sainsburys-groceries.co.uk/gol/8102492/1/640x640.jpg,,"Skimmed Milk, Whey Proteins (Milk), Water, Modified Starch, Acidity Regulator (Citric Acid), Natural Raspberry Flavouring, Natural Flavouring, Black Carrot Concentrate, Lactic Cultures (Milk), Lactase Enzyme, Microbial Rennet (Milk), Sweeteners (Aspartame, Acesulfame K)",https://www.sainsburys.co.uk/gol-ui/product/lindahls-pro-kvarg-raspberry-vanilla-250ml,,2024-08-19T21:27:10.290588-04:00
66-1299-DAI,"Sainsbury's Cherry Bakewell Twin Pack Yogurt, Taste the Difference",Sainsbury's,"Dairy, eggs & chilled",Dairy & eggs,Special offers,,£1.50,,£1.20,68p / 100g,8184287.0,Cherry and almond flavour yogurts,,https://assets.sainsburys-groceries.co.uk/gol/8184287/1/640x640.jpg,,,https://www.sainsburys.co.uk/gol-ui/product/sainsburys-cherry-bakewell-twin-pack-yogurt-taste-the-difference,,2024-08-20T18:34:25.273818-04:00
66-1300-DAI,"Cathedral City Mature Cheddar Slices, Crackers & Pickle Lunch Pack 122g",Cathedral,"Dairy, eggs & chilled",Dairy & eggs,Cheese,,£2.00,,,£16.39 / kg,8173620.0,Lunch Pack,122 g,https://assets.sainsburys-groceries.co.uk/gol/8173620/1/640x640.jpg,"Nutrient	per 100g	Per 122g serving		per 100g	Per 122g serving
Energy	1405kJ / 336kcal	1714kJ / 410kcal
Fat	18.1g	22.1g
of which saturates	10.6g	12.9g
Carbohydrate	29.3g	35.7g
of which sugars	9.9g	12.1g
Protein	13.2g	16.1g
Salt	2.4g	2.9g
Calcium	303mg (38% RI)	370mg (46% RI)","Mature Cheddar Cheese (41%), Branston® Pickle Dip (33%) [Vegetables in variable proportions (Carrot, Rutabaga, Onion, Cauliflower), Sugar, Barley Malt Vinegar, Spirit Vinegar, Water, Tomato Purée, Date Paste (Dates, Rice Flour), Apple Pulp, Salt, Modified Maize Starch, Colour (Sulphite Ammonia Caramel), Onion Powder, Concentrated Lemon Juice, Spices, Roasted Barley Malt Extract, Herb and Spice Extracts], Jacobs Cream Crackers (26%) [Flour (Wheat Flour, Calcium, Iron, Niacin, Thiamin), Palm Oil, Salt, Raising Agent: Sodium Bicarbonate, Yeast]",https://www.sainsburys.co.uk/gol-ui/product/cathedral-city-mature-cheddar-slices-crackers-pickle-x4-122g,,2024-08-20T18:34:38.112731-04:00
66-1301-DAI,Biotiful Gut Health Kefir Protein Yogurt Vanilla 250g,Biotiful,"Dairy, eggs & chilled",Dairy & eggs,Yogurts,,£1.85,,,74p / 100g,8169272.0,High protein kefir quark with vanilla flavour,,https://assets.sainsburys-groceries.co.uk/gol/8169272/1/640x640.jpg,"Nutrient	Per 100g	% of reference intake per 100g	Per pot (250g)		Per 100g	% of reference intake per 100g	Per pot (250g)
Energy, kcal (kJ)	70 (297)	-	175 (736)
Fat (g)	0.4	-	0.9
of which saturates (g)	0.2	-	0.5
Carbohydrate (g)	6.0	-	15
of which sugars (g)	5.3	-	13
Protein (g)	10	-	26
Salt (g)	0.10	-	0.24
Riboflavin B2 (mg)	0.20	15%	-
Vitamin B12 (µg)	0.54	22%	-
Calcium (mg)	118	15%	-
Phosphorus (mg)	136	19%	-","Pasteurised Cow's Milk Fermented with Live Kefir and Quark Cultures, Water, Fruit Extract (Apple, Carob, Grape), Tapioca Starch, Natural Flavouring, Lemon Concentrate, Stabiliser (Pectin)",https://www.sainsburys.co.uk/gol-ui/product/biotiful-protein-vanilla-gut-health-kefir-250g,,2024-08-20T18:34:50.559595-04:00
66-1302-DAI,Muller Frijj Cookie Dough Milkshake,Muller,"Dairy, eggs & chilled",Dairy & eggs,Milk,,£1.00,,£1.50,30p / 100ml,8196950.0,Ultra Heat Treated (UHT) long life cookie dough flavour milkshake.,,https://assets.sainsburys-groceries.co.uk/gol/8196950/1/640x640.jpg,"Nutrient	Per 100ml		Per 100ml
Energy	302kJ / 72kcal
Fat	1.2g
of which saturates	0.8g
Carbohydrate	11.5g
of which sugars	10.8g
Protein	3.4g
Salt	0.11g
Calcium	117mg (14% NRV)
Vitamin B12	0.3µg (12% NRV)","Skimmed Milk (61%), Whole Milk (29%), Sugar Syrup, Buttermilk Powder, Modified Maize Starch, Fructose, Stabilisers: Cellulose, Cellulose Gum, Carrageenan, Guar Gum, Colour: Plain Caramel, Flavourings",https://www.sainsburys.co.uk/gol-ui/product/muller-frijj-cookie-dough-milkshake,,2024-08-20T18:34:57.593793-04:00
66-1303-DAI,Plenish Barista Organic Oat Drink Chilled 1L,Plenish,"Dairy, eggs & chilled",Dairy & eggs,Dairy free,1L,£2.25,,£1.75,£2.25 / ltr,8173119.0,"Organic Oat Drink, UHT.",,https://assets.sainsburys-groceries.co.uk/gol/8173119/1/640x640.jpg,"Nutrient	Per 100ml
Energy	195kJ / 46kcal
Fat	0.9g
Of which saturates	0.3g
Carbohydrate	9.1g
Of which sugars	2.6g
Fibre	<0.5g
Protein	0.3g
Salt	0.10g","Water, Gluten Free Oats 11%*, Coconut Cream*, Salt, *Organic",https://www.sainsburys.co.uk/gol-ui/product/plenish-barista-organic-oat-drink-chilled-1l,,2024-08-20T18:35:04.453086-04:00
66-1304-DAI,Little Yeos Organic Blueberry & Banana Whole Milk Smooth Yogurt 6m+ 4x85g,Little,"Dairy, eggs & chilled",Dairy & eggs,Special offers,,£3.00,4 for £3.00,£2.50,88p / 100g,8181167.0,Organic Yogurt Blended with a Smooth Fruit Purée,,https://assets.sainsburys-groceries.co.uk/gol/8181167/1/640x640.jpg,"Nutrient	Per 100g		Per 100g
Energy	317kJ/ 76kcal
Fat	3.6g
of which saturates	2.4g
Carbohydrate	7.0g
of which sugars	5.4g
Protein	3.9g
Salt*	0.10g
Calcium	150mg†","Organic Yogurt (Milk), Water, Organic Blueberry Purée (6%), Organic Banana Purée (5%), Organic Maize Starch, Natural Flavourings, Organic Concentrated Lemon Juice, Lactase Enzyme, Contains the following Live Cultures: Bifidobacterium, Lactococcus Cremoris, Streptococcus Thermophilus",https://www.sainsburys.co.uk/gol-ui/product/little-yeos-organic-blueberry-banana-whole-milk-smooth-yogurt-6m-4x85g,4x85g,2024-08-20T18:35:11.630711-04:00
66-1305-DAI,Mars Chocolate Milk Shake Drink No Added Sugar 400ml,Mars,Drinks,Dairy & eggs,Milk,400ML,£1.60,,,40p / 100ml,7847229.0,"Chocolate milk drink with malt extract, caramel flavour and sweeteners (UHT).",,https://assets.sainsburys-groceries.co.uk/gol/7847229/1/640x640.jpg,,"Milk (2.2% Fat) (75%), Water, Whey Powder (from Milk), Cocoa Powder (0.7%), Modified Starch, Stabilisers: Carrageenan, Guar Gum, Emulsifier: Mono and Diglycerides of Fatty Acids from Vegetable Source, Barley Malt Extract (0.1%), Flavourings, Salt, Sweeteners: Acesulfame K, Sucralose",https://www.sainsburys.co.uk/gol-ui/product/mars-sportscap-400ml,,2024-08-19T18:59:55.717044-04:00
66-1306-DAI,Sainsbury's Continental Grated Cheese 250g,Sainsbury's,"Dairy, eggs & chilled",Dairy & eggs,Cheese,,£2.55,,,£10.20 / kg,8156426.0,A blend of grated Gouda and Edam cheeses.,,https://assets.sainsburys-groceries.co.uk/gol/8156426/1/640x640.jpg,,,https://www.sainsburys.co.uk/gol-ui/product/sainsburys-continental-grated-cheese-250g,,2024-08-20T18:35:32.202510-04:00
66-1307-DAI,The Coconut Collab Chocolate & Cream 4x60g,The,"Dairy, eggs & chilled",Dairy & eggs,Dairy free,,£2.95,4 for £2.95,,£1.23 / 100g,8107903.0,Chocolate and Cre&m Dessert,,https://assets.sainsburys-groceries.co.uk/gol/8107903/1/640x640.jpg,,"Water, Coconut Cream (29%), Dark Chocolate (11%) (Cocoa Mass, Sugar, Soy Lecithin (Emulsifier), Natural Vanilla Flavouring), Coconut Oil, Sugar, Potato Starch, Corn Flour, Organic Rice Powder, Cocoa Powder (1%), Tapioca Starch, Calcium Lactate, Stabilisers (Carrageenan, Guar Gum, Cellulose Gum), Emulsifiers (Polysorbate 60, Mono & Diacetyl Tartaric Acid Esters of Mono & Diglycerides of Fatty Acids, Cellulose, Lactic Acid Esters of Mono & Diglycerides of Fatty Acids), Natural Flavouring, Salt",https://www.sainsburys.co.uk/gol-ui/product/the-coconut-collab-chocolate-cream-4x60g,4x60g,2024-08-20T18:35:44.333510-04:00
66-1308-DAI,Castello Pizza Mozzarella Grated Cheese Cubes 180g,Castello,"Dairy, eggs & chilled",Dairy & eggs,Cheese,,£2.50,,£2.00,£13.89 / kg,8168702.0,Cubed firm medium fat mozzarella cheese.,,https://assets.sainsburys-groceries.co.uk/gol/8168702/1/640x640.jpg,"Nutrient	per 100 g
Energy	1252 kJ / 301 kcal
Fat	21 g
of which saturates	13 g
Carbohydrate	3.2 g
of which sugars	1.0 g
Protein	24 g
Salt	1.4 g","Mozzarella Cheese (Milk), Potato Starch",https://www.sainsburys.co.uk/gol-ui/product/castello-pizza-mozzarella-grated-cheese-cubes-180g,,2024-08-20T18:35:51.675620-04:00
66-1309-DAI,Tom Parker Creamery Free Range Chocolate Milk 250ml,Tom,Drinks,Dairy & eggs,Milk,250ML,£1.55,,£1.25,62p / 100ml,8001111.0,Fresh Pasteurised Chocolate Milk,,https://assets.sainsburys-groceries.co.uk/gol/8001111/1/640x640.jpg,"Nutrient	per 100ml:
Energy	445KJ/ 106kcal
Fat	4.7g
of which saturates	2.9g
Carbohydrate	12g
of which sugars	9.1g
Protein	3.9g
Salt	0.1g","Free Range Whole Milk (91%), Cacao (5%), Raw Cane Sugar (4%), Natural Vanilla",https://www.sainsburys.co.uk/gol-ui/product/tom-parker-creamery-free-range-chocolate-milk-250ml,,2024-08-19T18:59:43.206104-04:00
66-1310-DAI,Biotiful Gut Health Kefir Protein Yogurt Cherry 250g,Biotiful,"Dairy, eggs & chilled",Dairy & eggs,Yogurts,,£1.85,,,74p / 100g,8176698.0,High protein kefir quark with cherry,,https://assets.sainsburys-groceries.co.uk/gol/8176698/1/640x640.jpg,"Nutrient	Per 100g	Per pot (250g)		Per 100g	Per pot (250g)
Energy, kcal (kJ)	73 (306)	182 (764)
Fat (g)	0.4	0.9
of which saturates (g)	0.2	0.4
Carbohydrates (g)	6.4	16
of which sugars (g)	5.9	15
Protein (g)	11	26
Salt (g)	0.09	0.23
Vitamins and Minerals	% of reference intake per 100g	per 100g
Riboflavin B2 (mg)	15%	0.21
Vitamin B12 (µg)	23%	0.56
Calcium (mg)	15%	122
Phosphorus (mg)	20%	141","Pasteurised Cow's Milk Fermented with Live Kefir and Quark Cultures, Sour Cherry Puree (5.4%), Fruit Extract (Apple, Carob, Grape), Tapioca Starch, Natural Flavourings, Stabiliser (Pectin), Lemon Concentrate",https://www.sainsburys.co.uk/gol-ui/product/biotiful-gut-health-kefir-protein-cherry-250g,,2024-08-20T18:36:04.054246-04:00
66-1311-DAI,Plant Pioneer Vegan Jumbo Roll 145g,Plant,"Dairy, eggs & chilled",Dairy & eggs,"Butter, spreads & pastry",,£1.40,,,£9.66 / kg,8011471.0,Puff pastry filled with seasoned mushroom mince,,https://assets.sainsburys-groceries.co.uk/gol/8011471/1/640x640.jpg,,,https://www.sainsburys.co.uk/gol-ui/product/plant-pioneer-vegan-jumbo-roll-145g,,2024-08-20T18:36:24.631106-04:00
66-1312-DAI,Britannia Beef Dripping 250g,Britannia,"Dairy, eggs & chilled",Dairy & eggs,"Butter, spreads & pastry",,£1.20,,,£4.80 / kg,7755567.0,100% pure beef dripping and nothing else.,10 g,https://assets.sainsburys-groceries.co.uk/gol/7755567/1/640x640.jpg,"Nutrient	per 100g	Per 10g Serving
Energy	3700kJ/ 900kcal	90 Calories
Fat	100.0g	10.0g
(of which saturates)	57.0g	-
(of which mono-unsaturates)	36.0g	-
(polyunsaturates)	3.0g	-
Carbohydrates	0.0g	-
(of which sugars)	0.0g	-
Fibre	0.0g	-
Protein	0.0g	-
Salt	0.0g	-",Beef Dripping,https://www.sainsburys.co.uk/gol-ui/product/britannia-beef-dripping-250g,,2024-08-20T18:36:37.058520-04:00
66-1313-DAI,Lindahls Protein Pudding Salted Caramel 140g,Lindahls,"Dairy, eggs & chilled",Dairy & eggs,Special offers,,£1.40,,£1.00,£1.00 / 100g,8126284.0,Salted Caramel Flavour Dairy Dessert with Sweeteners.,,https://assets.sainsburys-groceries.co.uk/gol/8126284/1/640x640.jpg,,"Skimmed Milk (86%), Milk Protein, Modified Starch, Flavouring, Caramel (Glucose Syrup, Sugar, Water), Thickener (Pectins), Salt, Colour (Carotenes), Sweeteners (Sucralose Acesulfame K)",https://www.sainsburys.co.uk/gol-ui/product/lindahls-protein-pudding-salted-caramel-140g,,2024-08-20T18:36:44.439668-04:00
66-1314-DAI,Fruit Bowl Juicy Yogurt Raisins 5x25g,Fruit,"Dairy, eggs & chilled",,,,£2.25,5 for £2.25,£1.50,£2.14 / 100g,7922764.0,Juicy raisins in a yogurt flavoured coating.,,https://assets.sainsburys-groceries.co.uk/gol/7922764/1/640x640.jpg,,"Yogurt Flavoured Coating (54%): [Sugar, Palm Fat, Whey Powder (Milk), Rice Flour, Yogurt Powder (Milk) (5%), Emulsifier (Sunflower Lecithins), Glazing Agent (Shellac, Gum Arabic)], Raisins (46%)",https://www.sainsburys.co.uk/gol-ui/product/fruit-bowl-juicy-yogurt-raisins-5x25g,5x25g,2024-08-20T18:36:56.540058-04:00
66-1315-DAI,Starbucks Caffe Latte Protein Drink with Coffee 330ml,Starbucks,Drinks,Dairy & eggs,Milk,330ML,£2.75,,£1.75,83p / 100ml,8202563.0,Milk drink with Starbucks® Arabica coffee. UHT,,https://assets.sainsburys-groceries.co.uk/gol/8202563/1/640x640.jpg,"Nutrient	per 100ml:
Energy:	215kJ/ 51kcal
Fat:	1.1g
of which saturates:	0.7g
Carbohydrate:	4.1g
of which sugars:	3.8g
Protein:	6.1g
Salt:	0.13g","1.3% Fat Milk (75%), Starbucks® Arabica Coffee (Water, Coffee Extract) (20.9%), Milk Protein Powder (3.8%), Stabilisers (Gellan Gum, Carrageenan), Acidity Regulator (Sodium Citrate, Potassium Carbonate), Acesulfame-K",https://www.sainsburys.co.uk/gol-ui/product/starbucks-caffe-latte-protein-drink-with-coffee-330ml,,2024-08-19T19:00:15.103333-04:00
66-1316-DAI,Violife Le Rond Camembert Flavour Block Vegan Alternative to Cheese 150g,Violife,"Dairy, eggs & chilled",Dairy & eggs,"Butter, spreads & pastry",,£3.25,,,£21.67 / kg,8096897.0,Food Preparation with Coconut Oil.,,https://assets.sainsburys-groceries.co.uk/gol/8096897/1/640x640.jpg,"Nutrient	Per 100 g		Per 100 g
Energy	1335 kJ / 323 kcal
Fat	31 g
Of Which Saturates	28 g
Carbohydrates	11 g
Of Which Sugars	0 g
Protein	0 g
Salt	1.7 g
Vitamin B12	2.5 µg (100 %*)","Water, Coconut Oil (31%), Modified Starch, Starch, Sea Salt, Flavourings, Olive Extract, Colour: B-Carotene, Vitamin B12",https://www.sainsburys.co.uk/gol-ui/product/violife-le-rond-camembert-flavour-block-150g,,2024-08-20T18:37:08.761484-04:00
66-1317-DAI,The Collective Great Dairy Gourmet Strawberry Matcha 425g,The,"Dairy, eggs & chilled",Dairy & eggs,Yogurts,,£2.95,,,69p / 100g,8172036.0,Strawberry and matcha yoghurt,,https://assets.sainsburys-groceries.co.uk/gol/8172036/1/640x640.jpg,"Nutrient	Per 100g
Energy	468kJ/ 111kcal
Fat	4.9g
-Of which Saturates	3.0g
Carbohydrate	12g
-Of which Sugars	12g
Protein	4.6g
Salt	0.15g","Live Yoghurt* (Milk) (86%), Sugar, Strawberries (3%), Honey, Tapioca Starch, Condensed Skimmed Milk, Maize Starch, Natural Flavourings, Matcha Tea Extract, Gelling Agent (Pectin), Acidity Regulator (Lactic Acid), Natural Colours (Anthocyanins, Curcumin), Concentrated Lemon Juice, Safflower Concentrate, Spirulina Concentrate, *Contains Cultures: S. Thermophilus, L. Acidophilus, Bifidobacterium",https://www.sainsburys.co.uk/gol-ui/product/the-collective-great-dairy-gourmet-spiced-plum-custard-limited-edition-425g,,2024-08-20T18:37:20.985184-04:00
66-1318-DAI,Arla Jord Oat Vanilla use as alternative to yoghurt 400g,Arla,"Dairy, eggs & chilled",Dairy & eggs,Dairy free,,£2.25,,,56p / 100g,8169189.0,"Fermented Oat Product with Vanilla, Enriched With Vitamin D and Folic Acid (Vitamin B9)",,https://assets.sainsburys-groceries.co.uk/gol/8169189/1/640x640.jpg,"Nutrient	Per 100 G		Per 100 G
Energy	384 kJ / 91 kcal
Fat	2,8 g
of which saturates	0,2 g
Carbohydrate	14 g
of which sugars	6,0 g
Fibre	1,5 g
Protein	2,3 g
Salt	0,10 g
Vitamin D	0,75 µg (15% RI / DRI*)
Folic Acid	30,0 µg (15% RI / DRI*)","Water, Oats (9%), Sugar (3,3%), Maize Starch, Rapeseed Oil, Fava Bean Protein, Rice Starch, Maize Fibre, Natural Flavourings, Gelling Agent (Agar), Salt, Natural Vanilla Flavour, Thickener (Pectin), Lemon Juice Concentrate, Vanilla Bean Powder, Firming Agent (Calcium Citrates), Vitamin D, Folic Acid (Vitamin B9), Cultures (Streptococcus Thermophilus, Lactobacillus Delbrueckii Subsp. Bulgaricus)",https://www.sainsburys.co.uk/gol-ui/product/j%C3%B6rd-vanilla-oat-yoghurt-alternative-400g,,2024-08-20T18:37:33.303978-04:00
66-1319-DAI,Shaken Udder Strawberry Protein Milkshake 330ml,Shaken,Drinks,Dairy & eggs,Milk,330ML,£2.30,,,70p / 100ml,8188583.0,Ultra High Temperature Pasteurised Protein Milk Drink with Strawberries,,https://assets.sainsburys-groceries.co.uk/gol/8188583/1/640x640.jpg,"Nutrient	Per 100ml:	Per 330ml	RI		Per 100ml:	Per 330ml	RI
Energy	316kJ/ 75kcal	-	-
Fat	1g	-	-
of which saturates	0.7g	-	-
Carbohydrates	10.2g	-	-
of which sugars	10g	-	-
Protein	6g	-	-
Salt	0.13g	-	-
Vitamin B12 (µg)	0.16	0.53	21%
Calcium (mg)	184	607	30%","Semi-Skimmed Milk (61%), Milk Protein (32%), Sugar, Strawberry Purée (1.5%), Stabilisers (Cellulose, Cellulose Gum, Carrageenan), Natural Flavourings, Colour (Lycopene from Red Tomatoes)",https://www.sainsburys.co.uk/gol-ui/product/shaken-udder-strawberry-protein-milkshake-330ml,,2024-08-19T19:00:27.677617-04:00
66-1320-DAI,All Things Butter British Garlic & Herb Butter 125g,All,"Dairy, eggs & chilled",Dairy & eggs,"Butter, spreads & pastry",,£3.00,,£2.40,£24.00 / kg,8188363.0,Garlic & Herb Flavoured British Butter,,https://assets.sainsburys-groceries.co.uk/gol/8188363/1/640x640.jpg,"Nutrient	per 100g:
Energy	2715kJ / 660 kcal
Fat	70g
of which saturates	44g
Carboydrates	5 g
of which sugars	1 g
Protein	2 g
Salt	1.7g","Unsalted Butter 84% (contains Milk), Garlic Puree, Organic Garlic Powder, Lemon Juice, Parsley, Salt (1.7%), Black Pepper, Garlic Oil (Sunflower Oil, Garlic), Parsley Oil (Sunflower Oil, Garlic), Mint Oil (Sunflower Oil, Mint)",https://www.sainsburys.co.uk/gol-ui/product/all-things-butter-flavoured-british-butter-garlic-herb-125g,,2024-08-20T18:37:40.423934-04:00
66-1321-DAI,Arla Jord Chilled Vanilla & Oat Drink 1L,Arla,"Dairy, eggs & chilled",Dairy & eggs,Dairy free,1L,£1.90,,£1.25,£1.90 / ltr,8165266.0,"Oat Drink with Natural Vanilla Flavouring, Enriched with Vitamin D and Folic Acid (Vitamin B9), Pasteurised.",,https://assets.sainsburys-groceries.co.uk/gol/8165266/1/640x640.jpg,"Nutrient	Per 100 ml		Per 100 ml
Energy	196 kJ / 47 kcal
Fat	1,5 g
of which saturates	0,1 g
Carbohydrate	7,2 g
of which sugars	3, 0 g
Fibre	1,0 g
Protein	0,7 g
Salt	0,1 g
Vitamin D	1,0 µg (20% RI / DRI*)
Folic Acid	15,0 µg (7,5% RI / DRI*)","Water, Oats (12%), Rapeseed Oil, Maize Fibre, Salt, Vitamin D, Folic Acid (Vitamin B9), Natural Vanilla Flavour",https://www.sainsburys.co.uk/gol-ui/product/jord-oat-vanilla-drink-with-nordic-oats-1-litre,,2024-08-20T18:37:47.303718-04:00
66-1322-DAI,Starbucks Grande Caffe Latte Iced Coffee Drink 330ml,Starbucks,Drinks,Dairy & eggs,Milk,330ML,£2.80,,,85p / 100ml,8073210.0,Milk drink with Starbucks® arabica coffee. UHT.,,https://assets.sainsburys-groceries.co.uk/gol/8073210/1/640x640.jpg,"Nutrient	per 100 ml:
Energy:	293kJ/ 70kcal
Fat:	2.4g
of which saturates:	1.5g
Carbohydrate:	8.7g
of which sugars:	8.2g
Protein:	2.8g
Salt:	0.09g","3.1% Fat Milk (75%), Starbucks® Arabica Coffee (Water, Coffee Extract) (19.8%), Sugar (4.2%), Chicory Inulin, Acidity Regulator (Ptassium Carbonate), Stabilisers (Gellan Gum, Carrageenan)",https://www.sainsburys.co.uk/gol-ui/product/starbucks-grande-caffe-latte-iced-coffee-drink-330ml,,2024-08-19T18:59:35.862697-04:00
66-1323-DAI,GetPro Mango High Protein Yoghurt Drink 300g,GetPro,Drinks,Dairy & eggs,Milk,,£2.00,,£1.50,67p / 100g,8200731.0,Mango Flavour Drinking Yoghurt with Sweeteners,300 g,https://assets.sainsburys-groceries.co.uk/gol/8200731/1/640x640.jpg,"Nutrient	Per 100g	Per 300g serving	% RI* 300g		Per 100g	Per 300g serving	% RI* 300g
Energy (kJ/kcal)	250/ 59	750/ 177	9%
Fat (g)	0.5	1.5	2%
of which saturates (g)	0.3	0.9	5%
Carbohydrate (g)	5.4	16.2	6%
of which sugars (g)	5.2	15.6	17%
Protein (g)	8.3	24.9	50%
Salt (g)	0.17	0.52	9%
Calcium (g)	176 (22% RI*)	529	66%","Yoghurt (Milk), Whey Protein (Milk), Concentrated Mango Purée (0.5%), Modified Maize Starch, Flavourings, Thickener (Pectin), Acidity Regulators (Citric Acid, Sodium Citrate), Sweeteners (Acesulfame K, Sucralose)",https://www.sainsburys.co.uk/gol-ui/product/danone-getpro-protein-drink-300g,,2024-08-19T21:27:31.589423-04:00
66-1324-DAI,Starbucks Frappuccino S'mores Flavoured Milk Iced Coffee 250ml,Starbucks,Drinks,Dairy & eggs,Milk,250ML,£2.20,,,88p / 100ml,8182173.0,Chocolate Marshmallow Flavour S'mores,,https://assets.sainsburys-groceries.co.uk/gol/8182173/1/640x640.jpg,"Nutrient	per 100ml:
Energy:	262kJ/ 62kcal
Fat:	1.6g
of which saturates:	1.0g
Carbohydrate:	8.9g
of which sugars:	8.6g
Protein:	2.9g
Salt:	0.09g","2% Fat Milk (75%), Starbucks® Arabica Coffee (Water, Coffee Extract) (19.6%), Sugar (4.7%), Fat-Reduced Cocoa Powder (0.4%), Natural Flavourings, Acidity Regulator (Potassium Carbonate)",https://www.sainsburys.co.uk/gol-ui/product/starbucks-frappuccino-smores-flavoured-milk-iced-coffee-250ml,,2024-08-19T18:58:57.464194-04:00
66-1325-DAI,Pakeeza Exotic Mango Lassi Thick Yogurt Drink 330g,Pakeeza,"Dairy, eggs & chilled",Dairy & eggs,Yogurts,,£1.45,,,44p / 100g,8124954.0,"Cool, creamy and bursting with exotic mango, our lassi is a tremendously thick and seriously smooth yogurt drink made with an authentic, traditional recipe.",,https://assets.sainsburys-groceries.co.uk/gol/8124954/1/640x640.jpg,"Nutrient	per 100g
Energy	380kJ/ 90kcal
Fat	3.0g
of which saturates	1.86g
Mono-unsaturates	0.86g
Polyunsaturates	0.15g
Carbohydrate	13.5g
of which sugars	12.7g
Fibre	<0.5g
Protein	2.31g
Salt	0.02g","Whole Milk Natural Yogurt (Milk), Mango Pulp, Sugar, Colour: Beta Carotenes",https://www.sainsburys.co.uk/gol-ui/product/pakeeza-exotic-mango-lassi-thick-yogurt-drink-330g,,2024-08-20T18:37:59.615523-04:00
66-1326-DAI,Shaken Udder Salted Caramel Milkshake 330ml,Shaken,Drinks,Dairy & eggs,Milk,330ML,£1.60,,,48p / 100ml,7865983.0,High Temperature Pasteurised Caramel Flavoured Milk Drink with Sea Salt,,https://assets.sainsburys-groceries.co.uk/gol/7865983/1/640x640.jpg,"Nutrient	Per 100ml:	Per 330ml	RI*		Per 100ml:	Per 330ml	RI*
Energy	271kJ/ 64kcal	-	-
Fat	1.4g	-	-
of which saturates	1.1g	-	-
Carbohydrate	9.5g	-	-
of which sugars	8.4g	-	-
Protein	3.2g	-	-
Salt	0.23g	-	-
Vitamin B12 (µg)	0.90	2.97	119%
Calcium (mg)	115	380	47%","Semi-Skimmed Milk (94%), Sugar, Stabilisers (Cellulose, Modified Starch, Sodium Citrates, Guar Gum, Cellulose Gum, Carrageenan), Fat Reduced Cocoa Powder, Natural Colouring (Caramelised Sugar Syrup), Sea Salt (0.13%), Natural Flavourings",https://www.sainsburys.co.uk/gol-ui/product/shaken-udder-salted-caramel-milkshake-330ml,,2024-08-19T18:59:23.165901-04:00
66-1327-DAI,Shaken Udder Salted Caramel Milkshake 750ml,Shaken,Drinks,Dairy & eggs,Milk,750ML,£2.45,,£2.00,33p / 100ml,8073168.0,High Temperature Pasteurised Caramel Flavoured Milk Drink with Sea Salt,,https://assets.sainsburys-groceries.co.uk/gol/8073168/1/640x640.jpg,"Nutrient	Per 100ml:	Per 250ml	RI*		Per 100ml:	Per 250ml	RI*
Energy	271kJ/ 64kcal	-	-
Fat	1.4g	-	-
of which saturates	1.1g	-	-
Carbohydrate	9.5g	-	-
of which sugars	8.4g	-	-
Protein	3.2g	-	-
Salt	0.23g	-	-
Vitamin B12 (µg)	0.90	2.25	90%
Calcium (mg)	115	288	36%","Semi-Skimmed Milk (94%), Sugar, Stabilisers (Cellulose, Modified Starch, Sodium Citrates, Guar Gum, Cellulose Gum, Carrageenan), Fat Reduced Cocoa Powder, Natural Colouring (Caramelised Sugar Syrup), Sea Salt (0.13%), Natural Flavourings",https://www.sainsburys.co.uk/gol-ui/product/shaken-udder-salted-caramel-750ml,,2024-08-19T19:01:34.366578-04:00
66-1328-DAI,The Flower Farm Spread without Palm Oil with Shea 450g,The,"Dairy, eggs & chilled",Dairy & eggs,"Butter, spreads & pastry",,£3.00,,,£6.67 / kg,8152971.0,"Vegetable Fat Spread, 60%",,https://assets.sainsburys-groceries.co.uk/gol/8152971/1/640x640.jpg,"Nutrient	100g	portion (10g)	RI*		100g	portion (10g)	RI*
Energy	2240 kJ	224 kJ	3%
Energy	545 kcal	54,5 kcal	3%
Fat	60 g	6 g	9%
of which saturated	13 g	1,3 g	8%
Carbohydrates	0,7 g	0,07 g	<1%
of which sugar	0,6 g	0,06 g	<1%
Fibre	0,7 g	0 g	-
Protein	0,1 g	0 g	<1%
Salt	1,39 g	0,14 g	<2%
Vitamin A	-	800 µg	100%
Vitamin D2	-	7,5 µg	150%","Vegetable Oils and Fats (Rapeseed Oil (62%), Shea Butter (38%)), Water, Carrot Juice, Sea Salt, Thickener: Pectins, Natural Flavour, Vitamins: A, D",https://www.sainsburys.co.uk/gol-ui/product/the-flower-farm-spread-without-palm-oil-with-shea-450g,,2024-08-20T18:38:11.991335-04:00
66-1329-DAI,Lindahls Strawberry Sundae Pro + Kvarg 150g,Lindahls,"Dairy, eggs & chilled",Dairy & eggs,Special offers,,£1.40,,,93p / 100g,8182578.0,"Fat Free Quark with Sweeteners, Strawberry Flavour.",,https://assets.sainsburys-groceries.co.uk/gol/8182578/1/640x640.jpg,,"Skimmed Milk, Whey Protein Concentrate (Milk), Water, Modified Starch, Flavourings, Sweeteners (Aspartame, Acesulfame K), Black Carrot Concentrate, Acidity Regulator: Citric Acid, Lactic Cultures, Microbial Rennet, Lactase Enzyme",https://www.sainsburys.co.uk/gol-ui/product/lindahls-strawberry-sundae-pro-kvarg-150g,,2024-08-20T18:38:24.153278-04:00
66-1330-DAI,"Sainsbury's Cheese Selection Classic Assortment, Taste the Difference 285g",Sainsbury's,"Dairy, eggs & chilled",Dairy & eggs,Cheese,,£5.70,,,£20.00 / kg,8064017.0,"Full fat mould ripened French Brie, Barbers Mature Cheddar, Mature Blue Stilton (r)",,https://assets.sainsburys-groceries.co.uk/gol/8064017/1/640x640.jpg,,,https://www.sainsburys.co.uk/gol-ui/product/sainsburys-cheese-selection-classic-assortment-taste-the-difference-285g,,2024-08-20T18:38:44.824888-04:00
66-1331-DAI,Alpro High Protein Soya Chilled Dairy Alternative Drink 750ml,Alpro,"Dairy, eggs & chilled",Dairy & eggs,Dairy free,750ML,£2.00,,£1.50,£2.67 / ltr,8187666.0,"Soya drink with added calcium, iodine and vitamins, flash pasteurised.",,https://assets.sainsburys-groceries.co.uk/gol/8187666/1/640x640.jpg,"Nutrient	per 100 ml		per 100 ml
Energy	243 kJ / 58 kcal
Fat	2.8 g
of which Saturates	0.5 g
Carbohydrate	2.7 g
of which Sugars	2.5 g
Fibre	0.9 g
Protein	5 g
Salt	0.11 g
- D2	0.75 µg*
- B12	0.38 µg*
- Riboflavin (B2)	0.21 mg*
- Calcium	120 mg*
- Iodine	22.5 µg*","Soya Base (96.9%) [Water, Hulled Soya Beans (13.1%)], Sugar, Acidity Regulator [Potassium Phosphates], Calcium [Calcium Carbonate], Flavouring, Sea Salt, Stabiliser [Gellan Gum], Potassium Iodide, Vitamins B2, B12, D2",https://www.sainsburys.co.uk/gol-ui/product/alpro-plant-protein-3x250ml,,2024-08-20T18:38:52.067762-04:00
66-1332-DAI,Violife Mozzarella Flavour Slices 160g,Violife,"Dairy, eggs & chilled",Dairy & eggs,Cheese,,£2.70,,,£16.88 / kg,8114924.0,Food Preparation with Coconut Oil.,,https://assets.sainsburys-groceries.co.uk/gol/8114924/1/640x640.jpg,"Nutrient	Per 100g	Per Slice (13g)***	%RI* Per Slice***		Per 100g	Per Slice (13g)***	%RI* Per Slice***
Energy	1361kJ/ 328kcal	177kJ/ 43kcal	2%
Fat	26g	3.4g	5%
- Of which Saturates	24g	3.1g	16%
Carbohydrates	23g	3.0g	1%
- Of which Sugars	0g	0g	0%
Protein	0.4g	<0.5g	0%
Salt	2.2g	0.29g	5%
Minerals	Per 100g	Per Slice (13g)	%NRV**Per Slice***
Vitamins	Per 100g	Per Slice (13g)	%NRV**Per Slice***
Vitamin B12	2.5µg (100% of NRV**)	0.33µg	13%
Calcium	470mg (59% of NRV**)	61.1mg	8%","Water, Coconut Oil (26%), Modified Starch*, Starch, Sea Salt, Calcium Phosphate, Lentil Protein, Mozzarella Flavour, Olive Extract, Colour: B-Carotene, Vitamin B12, *Not to be confused with GMO (Genetically Modified) ingredients",https://www.sainsburys.co.uk/gol-ui/product/violife-mozzarella-flavour-slices-160g,,2024-08-20T18:39:04.523443-04:00
66-1333-DAI,Alpro Coconut Stracciatella Plant Based Yoghurt Alternative 350g,Alpro,"Dairy, eggs & chilled",Dairy & eggs,Dairy free,,£3.00,,£1.75,86p / 100g,8189158.0,Fermented coconut product with chocolate pieces.,,https://assets.sainsburys-groceries.co.uk/gol/8189158/1/640x640.jpg,"Nutrient	per 100 g
Energy	490 kJ / 117 kcal
Fat	6.4 g
of which Saturates	5.6 g
Carbohydrate	14 g
of which Sugars	8.6 g
Fibre	0.7 g
Protein	0.6 g
Salt	0.03 g","Light Coconut Milk (84.7%) (Water, Coconut Cream (20.5%), Coconut Water (9.6%)), Sugar, Modified Starches, Chocolate (2%) (Cocoa* Mass, Cocoa* Butter, Sugar), Stabilisers (Pectins), Lemon Juice from Concentrate, Natural Flavourings, Acidity Regulator (Calcium Citrate), Sea Salt, Live Cultures (S. Thermophilus, L.Bulgaricus), *Rainforest Alliance Certified",https://www.sainsburys.co.uk/gol-ui/product/alpro-coconut-stracciatella-350g,,2024-08-20T18:39:11.609228-04:00
66-1334-DAI,Sainsbury's Milk Chocolate Chip Cookie Dough 300g,Sainsbury's,"Dairy, eggs & chilled",Dairy & eggs,"Butter, spreads & pastry",,£2.00,,,£6.67 / kg,8182762.0,Milk chocolate chunk cookie dough,,https://assets.sainsburys-groceries.co.uk/gol/8182762/1/640x640.jpg,,,https://www.sainsburys.co.uk/gol-ui/product/sainsburys-milk-chocolate-chip-cookie-dough-300g,,2024-08-20T18:39:32.157050-04:00
66-1335-DAI,Violife Garlic Herb Creamy Plant Based Alternative 150g,Violife,"Dairy, eggs & chilled",Dairy & eggs,Cheese,,£2.75,,,£18.33 / kg,8159987.0,Food preparation with coconut oil.,,https://assets.sainsburys-groceries.co.uk/gol/8159987/1/640x640.jpg,"Nutrient	per 100g:		per 100g:
Energy	954kJ/ 231kcal
Fat	23g
of which Saturates	21g
Carbohydrates	5.5g
of which Sugars	0.1g
Protein	0.2g
Salt	1.2g
Vitamin B12	2.5µg (100% of NRV*)","Water, Coconut Oil (23%), Modified Starch, Herbs, Dried Onion & Garlic, Starch, Sea Salt, Citrus Fibres, Acidity Regulator (Glucono-Delta-Lactone), Flavourings, Olive Extract, Colour (Beta-Carotene), Vitamin B12",https://www.sainsburys.co.uk/gol-ui/product/food-heaven-heavenly-whipped-chocolate-flavoured-200ml,,2024-08-20T18:39:44.418362-04:00
66-1336-DAI,Ski Variety Yogurt 4x120g,Ski,"Dairy, eggs & chilled",Dairy & eggs,Yogurts,,£1.45,4 for £1.45,,30p / 100g,6565384.0,Low fat yogurt with fruit pieces and fruit puree,,https://assets.sainsburys-groceries.co.uk/gol/6565384/1/640x640.jpg,,"Strawberry: Low Fat Yogurt (Milk), Strawberry (9%), Sugar, Rice Starch, Natural Flavouring, Concentrated Lemon Juice, Vegetable Concentrate (Carrot), Thickener (Guar Gum), Milk Mineral Concentrate, Apricot: Low Fat Yogurt (Milk), Apricot (9%) (Apricot, Apricot Puree from Concentrate), Sugar, Rice Starch, Natural Flavouring, Concentrated Lemon Juice, Thickener (Guar Gum), Raspberry: Low Fat Yogurt (Milk), Raspberry (10%) (Raspberries, Raspberry Puree from Concentrate), Sugar, Rice Starch, Concentrated Lemon Juice, Natural Flavouring, Red Beetroot Juice Concentrate, Thickener (Guar Gum), Peach: Low Fat Yogurt (Milk), Peach (9%) (Peaches, Peach Puree from Concentrate), Sugar, Rice Starch, Concentrated Lemon Juice, Natural Flavouring, Thickener (Guar Gum)",https://www.sainsburys.co.uk/gol-ui/product/ski-variety-4x120g,4x120g,2024-08-20T18:39:56.544014-04:00
66-1337-DAI,Food Heaven Vegan Garlic Spreadable 125g,Food,"Dairy, eggs & chilled",Dairy & eggs,"Butter, spreads & pastry",,£1.00,,,£8.00 / kg,8084851.0,Vegetable fat spread (55%) with Garlic (9%) and Parsley (0.23%),,https://assets.sainsburys-groceries.co.uk/gol/8084851/1/640x640.jpg,"Nutrient	per 100g
Energy	2069kJ/ 503kcal
Fat	55g
of which saturates	15g
Carbohydrates	1.6g
of which sugars	0.1g
Fibre	0.0g
Protein	0.4g
Salt	1.5g","Vegetable Oils (Rapeseed Oil, Palm, Oil), Water, Crushed Garlic (9%), Salt, Emulsifier (Mono & Diglycerides of Fatty Acids), Parsley (0.23%), Preservative (Potassium Sorbate), Colours (Annatto Bixin, Curcumin), Acidity Regulator (Citric Acid), Flavouring",https://www.sainsburys.co.uk/gol-ui/product/food-heaven-vegan-garlic-spreadable-125g,,2024-08-20T18:40:08.904990-04:00
66-1338-DAI,Tom Parker Creamery Free Range Banana Fudge Milk 250ml,Tom,Drinks,Dairy & eggs,Milk,250ML,£1.55,,£1.25,62p / 100ml,8001115.0,Fresh Pasteurised Banana Fudge Milk,,https://assets.sainsburys-groceries.co.uk/gol/8001115/1/640x640.jpg,"Nutrient	per 100ml:
Energy	320KJ/ 76kcal
Fat	2.9g
of which saturates	1.7g
Carbohydrate	10g
of which sugars	9.7g
Protein	2.4g
Salt	0.07g","Free Range Whole Milk (90%), Banana Puree (5%) (Banana Puree, Sugar), Raw Cane Sugar, Natural Flavourings",https://www.sainsburys.co.uk/gol-ui/product/tom-parker-creamery-free-range-banana-fudge-milk-250ml,,2024-08-19T19:01:00.728656-04:00
66-1339-DAI,Yeo Valley Organic Greek Recipe Lemon 150g,Yeo,"Dairy, eggs & chilled",Dairy & eggs,Special offers,,£1.35,,85p,90p / 100g,8187376.0,Strained Lemon Yogurt,,https://assets.sainsburys-groceries.co.uk/gol/8187376/1/640x640.jpg,"Nutrient	Per 100g	Per 150g pot		Per 100g	Per 150g pot
Energy	488kJ/ 116kcal	732kJ/ 174kcal
Fat	4.6g	6.9g
of which saturates	3.0g	4.4g
Carbohydrate	10.7g	16.0g
of which sugars	8.2g	12.3g
Protein	8.0g	12.0g
Salt*	0.07g	0.10g
Calcium	80mg	120mg†
Vitamin B2	0.14mg	0.21mg†
Vitamin B12	0.25µg	0.38µg†","Organic Strained Yogurt (Milk), Water, Organic Sugar (5%), Organic Concentrated Lemon Juice (5%), Organic Tapioca Starch, Natural Flavourings",https://www.sainsburys.co.uk/gol-ui/product/yeo-valley-organic-greek-recipe-lemon-150g,,2024-08-20T18:40:16.041789-04:00
66-1340-DAI,Nush Dairy Free Almond Milk Yog Strawberry 350g,Nush,"Dairy, eggs & chilled",Dairy & eggs,Dairy free,,£3.00,,,86p / 100g,7984725.0,Strawberry Almond Yog,,https://assets.sainsburys-groceries.co.uk/gol/7984725/1/640x640.jpg,"Nutrient	per 100g
Energy	384kJ/ 85kcal
Fat	5.9g
of which saturates	0.5g
Carbohydrates	4.9g
of which sugars	2.2g
Protein	1.8g
Salt	0.29g","Almond Drink (70%) (Filtered Water/Almonds), Strawberry Puree (25%) (Strawberries, Fruit Extract), Thickener: Tapioca Starch & Carob Gum, Live Vegan Cultures",https://www.sainsburys.co.uk/gol-ui/product/nush-dairy-free-almond-milk-yog-strawberry-350g,,2024-08-20T18:40:28.286356-04:00
66-1341-DAI,Kidderton Ash a Speckled Ash Crusted Goat's Cheese 150g,Kidderton,"Dairy, eggs & chilled",Dairy & eggs,Cheese,,£3.50,,,£23.33 / kg,8113371.0,Mould Ripened Goats Milk Cheese with Charcoal Ash,,https://assets.sainsburys-groceries.co.uk/gol/8113371/1/640x640.jpg,"Nutrient	per 100g:
Energy	1372kJ/ 331kcal
Fat	27.8g
of which saturates	18.5g
Carbohydrate	0.1g
of which sugars	0.1g
Fibre	0g
Protein	20.1g
Salt	1.2g","Soft Goats Cheese (Milk), Colour (Carbon Black)",https://www.sainsburys.co.uk/gol-ui/product/kidderton-ash-a-speckled-ash-crusted-goats-cheese-150g,,2024-08-20T18:40:40.606303-04:00
66-1342-DAI,"Sainsbury's Mango & Passionfruit Layered Yogurt, Taste the Difference",Sainsbury's,"Dairy, eggs & chilled",Dairy & eggs,Special offers,,£2.00,,£1.80,44p / 100g,8184271.0,Sweetened yogurt with a mango and passion fruit sauce,,https://assets.sainsburys-groceries.co.uk/gol/8184271/1/640x640.jpg,,,https://www.sainsburys.co.uk/gol-ui/product/sainsburys-mango-passionfruit-layered-yogurt-taste-the-difference,,2024-08-20T18:40:56.043069-04:00
66-1343-DAI,Califia Farms Almond Unsweetened Vanilla Drink 750ml,Califia,Drinks,Dairy & eggs,Dairy free,750ML,£2.10,,,£2.80 / ltr,7862258.0,UHT Unsweetened Vanilla Almond Drink with Added Calcium.,,https://assets.sainsburys-groceries.co.uk/gol/7862258/1/640x640.jpg,"Nutrient	Per 100ml		Per 100ml
Energy	79 kJ/ 19 kcal
Fat	1.4 g
of which Saturates	0.1 g
Carbohydrate	0.4 g
of which Sugars	0.1 g
Fibre	0.2 g
Protein	0.7 g
Salt	0.15 g
Calcium	186 mg (23%*)","Water, Almonds (2.3%), Flavourings, Calcium Carbonate, Emulsifier (Sunflower Lecithin), Sea Salt, Stabilisers (Guar Gum, Gellan Gum), Acidity Regulator (Potassium Citrate)",https://www.sainsburys.co.uk/gol-ui/product/califia-almond-vanilla-milk--unsweetened-750ml,,2024-08-19T19:00:40.684131-04:00
66-1344-DAI,Costa Coffee Caramel Latte 250ml,Costa,Drinks,,,250ML,£1.65,,,66p / 100ml,8016543.0,"Flavoured coffee drink with Costa® Mocha Italia blend coffee beans and milk, sterilised.",,https://assets.sainsburys-groceries.co.uk/gol/8016543/1/640x640.jpg,"Nutrient	Per 100ml:	Per 250ml (%*):
Energy	160 kJ / 38 kcal	400 kJ / 95 kcal (5%)
Fat	1.5 g	3.8 g (5%)
Of which saturates	1.1 g	2.7 g (14%)
Carbohydrate	5.0 g	13 g (5%)
Of which sugars	3.5 g	8.8 g (10%)
Protein	1.2 g	3.0 g (6%)
Salt	0.06 g	0.14 g (2%)","Coffee (Water, Coffee Extract**) (63%), Whole Milk (34%), Sugar, Stabilisers (Cellulose, Cellulose Gum, Carrageenan), Acidity Regulators (Potassium Carbonates, Potassium Citrates), Natural Flavourings, **Rainforest Alliance Certified™",https://www.sainsburys.co.uk/gol-ui/product/costa-coffee-caramel-latte-250ml,,2024-08-19T19:01:18.980769-04:00
66-1345-DAI,Arctic Iced Coffee Hi Protein Caramel Latte 330ml,Arctic,Drinks,Dairy & eggs,Milk,330ML,£1.15,,,35p / 100ml,8187523.0,Caramel Flavour Coffee Milk Drink with Added Milk Protein and Sweeteners,,https://assets.sainsburys-groceries.co.uk/gol/8187523/1/640x640.jpg,"Nutrient	per 100ml
Energy	161kJ/ 38kcal
Fat	<0.5g
of which saturates	<0.1g
Carbohydrate	4.9g
of which sugars	3.4g
Protein	4.6g
Salt	0.19g","Skimmed Milk (70%), Coffee (Water, Coffee Powder*) (27%), Milk Protein (2.2%), Stabilisers (Cellulose, Cellulose Gum), Natural Flavourings, Acidity Regulator: Sodium Phosphate, Caramelised Sugar Powder, Sweeteners (Sucralose, Acesulfame Potassium), *Rainforest Alliance Certified",https://www.sainsburys.co.uk/gol-ui/product/arctic-iced-coffee-hi-protein-caramel-latte-330ml,,2024-08-19T18:58:36.984640-04:00
66-1346-DAI,For Goodness Shakes Protein Salted Caramel Flavour Shake 435ml,For,Drinks,Dairy & eggs,Milk,435ML,£2.30,,,53p / 100ml,8020205.0,Protein is a UHT milk-based fat-free high protein shake with sweetener enriched with vitamins. Salted Caramel flavour.,,https://assets.sainsburys-groceries.co.uk/gol/8020205/1/640x640.jpg,"Nutrient	Per 100ml	%NRV Per 100ml	Per 435ml Serv	%NRV Per 435ml		Per 100ml	%NRV Per 100ml	Per 435ml Serv	%NRV Per 435ml
Energy kJ	191	-	827	-
Energy kcal	45	-	195	-
Fat (g)	0.1	-	<0.5	-
of which saturates (g)	0.06	-	0.3	-
Carbohydrate (g)	5	-	22	-
of which sugars (g)*	5	-	22	-
Fibre (g)	0.4	-	1.7	-
Protein (g)	5.8	-	25	-
Salt (g)	0.12	-	0.52	-
Vitamin D (µg)	0.3	5	1.3	22
Niacin (mg)	0.56	3.5	2.4	15
Folic Acid (µg)	7.0	3.5	30.4	15
Vitamin B12 (µg)	0.7	26	3.04	113
Riboflavin (mg)	0.2	15	0.87	65
Calcium (mg)	152	19	661	83","Skimmed Milk (97%), Milk Protein Concentrate (2.7%), Stabilisers (Cellulose, Cellulose Gum, Gellan Gum), Flavouring, Vitamins (Niacin, Vitamin D, Vitamin B12, Folic Acid), Sweetener (Sucralose)",https://www.sainsburys.co.uk/gol-ui/product/fgs-protein-salted-caramel-475ml,,2024-08-19T18:59:10.365338-04:00
66-1347-DAI,For Goodness Shakes Recovery Chocolate Flavour Shake 435ml,For,Drinks,Dairy & eggs,Milk,435ML,£2.00,,£1.25,46p / 100ml,6409432.0,Recovery is a fat-free UHT milk-based shake enriched with vitamins. Chocolate flavour.,,https://assets.sainsburys-groceries.co.uk/gol/6409432/1/640x640.jpg,"Nutrient	Per 100ml	%NRV Per 100ml	Per 435ml Serv	%NRV Per 435ml		Per 100ml	%NRV Per 100ml	Per 435ml Serv	%NRV Per 435ml
Energy kJ	240	-	1050	-
Energy kcal	57	-	248	-
Fat (g)	0.2	-	0.9	-
of which saturates (g)	0.1	-	0.4	-
Carbohydrate (g)	10	-	44	-
of which sugars (g)	9.9	-	43	-
Fibre (g)	0.4	-	1.7	-
Protein (g)	3.5	-	15	-
Salt (g)	0.12	-	0.52	-
Vitamin D (µg)	0.3	5	1.3	22
Niacin (mg)	0.56	3.5	2.4	15
Folic Acid (µg)	7.0	3.5	30.4	15
Vitamin B12 (µg)	0.7	26	3.04	113
Riboflavin (mg)	0.2	15	0.87	65
Calcium (mg)	120	15	522	65","Skimmed Milk (90%), Sugar, Fat Reduced Cocoa Powder (1.3%), Stabilisers (Cellulose, Cellulose Gum, Gellan Gum), Flavouring, Vitamins (Niacin, Vitamin D, Vitamin B12, Folic Acid)",https://www.sainsburys.co.uk/gol-ui/product/for-goodness-shakes-chocolate-500g,,2024-08-19T19:01:26.694184-04:00
66-1348-DAI,Sainsbury's Kids Plain Yogurt Pack 6x45g,Sainsbury's,"Dairy, eggs & chilled",Dairy & eggs,New,,£1.00,6 for £1.00,,37p / 100g,8199428.0,"Greek style yogurt, fortified with vitamin D",,https://assets.sainsburys-groceries.co.uk/gol/8199428/1/640x640.jpg,,,https://www.sainsburys.co.uk/gol-ui/product/sainsburys-kids-plain-yogurt-pack-6x45g,6x45g,2024-08-20T18:41:16.472990-04:00
66-1349-DAI,Starbucks Chocolate Mocha Flavour Protein Drink with Coffee 330ml,Starbucks,Drinks,Dairy & eggs,Milk,330ML,£2.75,,£1.75,83p / 100ml,8202571.0,Milk drink with Starbucks® Arabica coffee and fat-reduced cocoa powder. UHT.,,https://assets.sainsburys-groceries.co.uk/gol/8202571/1/640x640.jpg,"Nutrient	per 100ml:
Energy:	218kJ/ 52kcal
Fat:	1.1g
of which saturates:	0.7g
Carbohydrate:	4.1g
of which sugars:	3.8g
Protein:	6.1g
Salt:	0.13g","1.3% Fat Milk (75%), Starbucks® Arabica Coffee (Water, Coffee Extract) (20.6%), Milk Protein Powder (3.6%), Fat-Reduced Cocoa Powder, Stabilisers (Gellan Gum, Carrageenan), Acidity Regulator (Sodium Citrate, Potassium Carbonate), Natural Flavouring, Acesulfame-K",https://www.sainsburys.co.uk/gol-ui/product/starbucks-chocolate-mocha-flavour-protein-drink-with-coffee-330ml,,2024-08-19T19:01:41.611313-04:00
66-1350-DAI,Jimmy's Iced Coffee Original 250ml,Jimmy's,Drinks,Dairy & eggs,Milk,250ML,£1.70,,£1.00,68p / 100ml,8117552.0,Refreshing iced coffee.,,https://assets.sainsburys-groceries.co.uk/gol/8117552/1/640x640.jpg,"Nutrient	per 100ml
Energy	165kJ/ 39kcal
Fat	1.1g
of which saturates	0.7g
Carbohydrate	4.9g
of which sugars	4.9g
Protein	2.2g
Salt	0.17g
Caffeine	51mg","Semi-Skimmed Milk (62%), Arabica Coffee (Water, Coffee*)(36%), Unrefined Demerara Sugar, Acidity Regulator (Sodium Bicarbonate), *Rainforest Alliance Certified",https://www.sainsburys.co.uk/gol-ui/product/jimmys-iced-coffee-original-250ml,,2024-08-19T19:02:16.846766-04:00
66-1351-DAI,Graham's The Family Dairy Skyr Raspberry Icelandic Style Yogurt 150g,Graham's,"Dairy, eggs & chilled",Dairy & eggs,Yogurts,,£1.20,,,80p / 100g,8004921.0,Skyr Yogurt,,https://assets.sainsburys-groceries.co.uk/gol/8004921/1/640x640.jpg,"Nutrient	Per 100g
Energy	343kJ/ 87kcal
Fat	0.4g
(of which saturates	0.2g)
Carbohydrate	9.4g
(of which sugars	7.0g)
Protein	10.5g
Salt	0.1g","Skyr Yogurt with Live Cultures* (Milk) 86%, Raspberries (6%), Sugar, Water, Cornflour, Raspberry Juice (0.1%), Colour (Anthocyanins), Acid (Citric Acid), Natural Flavourings, *Includes millions of: Bifidobacterium and Lactobacillus",https://www.sainsburys.co.uk/gol-ui/product/grahams-skyr-pouch-raspberry-150g,,2024-08-20T18:41:28.703641-04:00
66-1352-DAI,Castello Chilli & Ginger Cream Cheese Ring 125g,Castello,"Dairy, eggs & chilled",Dairy & eggs,Cheese,,£2.30,,£1.50,£18.40 / kg,8164637.0,Soft cheese with chilli and ginger,,https://assets.sainsburys-groceries.co.uk/gol/8164637/1/640x640.jpg,"Nutrient	per 100 g
Energy	1354 kJ/ 328 kcal
Fat	30 g
of which saturates	19 g
Carbohydrate	6,8 g
of which sugars	5,9 g
Protein	7,6 g
Salt	1,1 g","Cream Cheese (Milk), Ginger and Chilli Mix (9.5%) (Water, Candied Ginger (Ginger, Sugar, Glucose Fructose Syrup), Dried Ginger Pieces, Garlic Puree, Crushed Chilli, Sugar, Waxy Maize Starch, Salt, Ground Ginger Root, Spices, Lime Juice Concentrate), Coconut Chilli Flakes (3%) (Dried Coconut, Dried Chilli), Salt, Milk Protein, Gelatine, Stabiliser: Locust Bean Gum, Preservative: Sorbic Acid",https://www.sainsburys.co.uk/gol-ui/product/castello-chilli-ginger-125g,,2024-08-20T18:41:35.817871-04:00
66-1353-DAI,Oatly Creamy Oat Spread Plain 150g,Oatly,"Dairy, eggs & chilled",Dairy & eggs,"Butter, spreads & pastry",,£1.95,,,£13.00 / kg,8053354.0,"Plant-based spread, plain.",,https://assets.sainsburys-groceries.co.uk/gol/8053354/1/640x640.jpg,"Nutrient	per 100 g:
Energy	966 kJ / 233 kcal
Fat	20 g
of which saturates	8.0 g
Carbohydrate	9.7 g
of which sugars	3.6 g
Fibre	0.8 g
Protein	3.2 g
Salt	0.71 g","Water, Rapeseed Oil, Fully Hydrogenated Vegetable Oils (Coconut, Rapeseed), Oats 9%, Potato Starch, Potato Protein, Iodised Salt, Stabiliser (Pectin), Acids (Malic Acid, Lactic Acid)",https://www.sainsburys.co.uk/gol-ui/product/oatly-creamy-oat-spread-plain-150g,,2024-08-20T18:41:47.943221-04:00
66-1354-DAI,Emmi Caffe Latte Skinny 650ml,Emmi,Drinks,Dairy & eggs,Milk,650ML,£3.00,,£2.00,46p / 100ml,8188095.0,Reduced Fat milk beverage with Coffee and Sweeteners. Lactose free. UHT processed.,100 ml,https://assets.sainsburys-groceries.co.uk/gol/8188095/1/640x640.jpg,"Nutrient	Per 100 ml	Per serving 200 ml	%RI/ 200 ml****	Adult RI		Per 100 ml	Per serving 200 ml	%RI/ 200 ml****	Adult RI
Energy	160 kJ (38 kcal)	320 kJ (76 kcal)	4 %	2000 kcal
Fat	0.6 g	1.2 g	2 %	70 g
of which saturates	0.4 g	0.8 g	4 %	20 g
Carbohydrate	4.7 g	9.4 g	4 %	260 g
of which sugars	4.2 g	8.4 g	9 %	90 g
Protein	3.1 g	6.2 g	12 %	50 g
Salt	0.10 g	0.20 g	3 %	6 g
Calcium	110 mg	220 mg	28 % NRV*****	800 mg NRV*****","Partly Skimmed Milk 81% (0.7% Fat), Brewed Arabica Coffee*** 19%, Sweeteners: Cyclamate and Saccharin, Lactase, ***Rainforest Alliance Certified",https://www.sainsburys.co.uk/gol-ui/product/emmi-caffe-latte-skinny-650ml,,2024-08-19T19:01:49.700645-04:00
66-1355-DAI,Tom Parker Creamery Vitamin Enriched Whole Milk 500ml,Tom,Drinks,Dairy & eggs,Milk,500ML,£1.25,,,£2.50 / ltr,8091850.0,Fresh Pasteurised Vitamin Enriched Whole Milk,,https://assets.sainsburys-groceries.co.uk/gol/8091850/1/640x640.jpg,"Nutrient	Per 100ml	Per portion (500ml)	%RI Per portion:		Per 100ml	Per portion (500ml)	%RI Per portion:
Energy	317kJ/ 75kcal	1585kJ/ 300kcal	-
Fat	4.5g	23g	-
of which saturates	2.9g	15g	-
Carbohydrate	4.6g	23g	-
of which sugars	4.0g	20g	-
Protein	3.9g	20g	-
Salt	0.1g	0.5g	-
Magnesium*	18.75mg	94mg	25%
Vitamin K2*	3.76µg	18.8µg	25%
Vitamin D3*	0.26µg	1.3µg	25%","Free Range Whole Milk, Magnesium Citrate, Vitamin K, Vitamin D",https://www.sainsburys.co.uk/gol-ui/product/tom-parker-creamery-vitamin-enriched-whole-milk-500ml,,2024-08-19T19:02:29.553634-04:00
66-1356-DAI,Yazoo Strawberry Milk Drink 6x200ml,Yazoo,Drinks,Dairy & eggs,Milk,200ML,£2.40,6 for £2.40,£2.00,£2.00 / ltr,7883222.0,Strawberry lactose reduced milk drink (UHT),,https://assets.sainsburys-groceries.co.uk/gol/7883222/1/640x640.jpg,,"Lactose Reduced Semi Skimmed Milk, Lactose Reduced Skimmed Milk, Strawberry Juice from Concentrate (1%), Natural Flavouring, Stabiliser: Gellan Gum, Colour: Beta Carotene",https://www.sainsburys.co.uk/gol-ui/product/yazoo-strawberry-milk-drink-6x200ml,6x200ml,2024-08-19T19:01:56.760659-04:00
66-1357-DAI,Tom Parker Creamery Free Range Strawberries & Cream Milk 250ml,Tom,Drinks,Dairy & eggs,Milk,250ML,£1.55,,£1.25,62p / 100ml,8085183.0,Fresh Pasteurised Strawberries & Cream Milk,,https://assets.sainsburys-groceries.co.uk/gol/8085183/1/640x640.jpg,"Nutrient	per 100ml:
Energy	375kJ/ 90kcal
Fat	4.7g
of which saturates	3.0g
Carbohydrate	8.3g
of which sugars	8.3g
Protein	3.6g
Salt	0.11g","Free Range Whole Milk (94%), Raw Cane Sugar (3.5%), Strawberry Puree (1.0%), Strawberry Concentrate (0.75%), Free Range Double Cream (Milk) (0.5%), Natural Flavouring, Natural Colour",https://www.sainsburys.co.uk/gol-ui/product/tom-parker-creamery-free-range-strawberries-cream-milk-250ml,,2024-08-19T19:03:19.985315-04:00
66-1358-DAI,Food Heaven Heavenly Whipped 200ml,Food,Drinks,Dairy & eggs,Custard,200ML,£2.20,,,£1.10 / 100ml,8050018.0,"Sprayable UHT preparation for whipping with vegetable fat, sweetened.",100 ml,https://assets.sainsburys-groceries.co.uk/gol/8050018/1/640x640.jpg,"Nutrient	per 100ml serving:
Energy	849kJ/ 203kcal
Fat	16g
- of which saturates	16g
Carbohydrates	15g
- of which sugars	13g
Protein	0g
Salt	0.25g","Water, Fully Hydrogenated Palm Oil (15%), Sugar (10%), Dextrose, Propellant: Nitrous Oxide, Glucose Syrup, Humectant: Sorbitol, Emulsifiers: Mono and Diacetyl Tartaric Acid Esters of Mono - and Di-Glycerides of Fatty Acids, Polyoxyethylene Sorbitan Monostearate, Thickener: Hydroxypropylmethylcellulose, Potato Starch, Salt, Flavouring",https://www.sainsburys.co.uk/gol-ui/product/food-heaven-heavenly-whipped-200ml,,2024-08-20T00:23:32.131733-04:00
66-1359-DAI,Koko Dairy Free Super Drink 1L,Koko,"Dairy, eggs & chilled",Dairy & eggs,Dairy free,1L,£2.30,,,£2.30 / ltr,7942348.0,A coconut-based drink fortified with vitamins and minerals.,,https://assets.sainsburys-groceries.co.uk/gol/7942348/1/640x640.jpg,"Nutrient	per 100ml		per 100ml
Energy	219kJ / 53kcal
Fat	4.1 g
Of Which Saturates	2.8 g
Mono-unsaturates	0.7 g
Polyunsaturates	0.2 g
Carbohydrate	1.9 g
Of Which Sugars	1.9 g
Fibre	0.6 g
Protein	1.9 g
Salt	0.11 g
Vitamin A	100 µg (13% NRV*)
Vitamin B2	0.5 mg (36% NRV*)
Vitamin B12	0.1 µg
Vitamin C	4.3 mg
Vitamin D2	1.2 µg (24% NRV*)
Vitamin E	3.6 mg (30% NRV*)
Calcium	170 mg (21% NRV*)
Folic Acid	40 µg (20% NRV*)
Potassium	83 mg
Iodine	13 µg (9% NRV*)
Magnesium	13 mg
Zinc	0.6 mg
Iron	0.3 mg
Phosphorus	78mg (11% NRV*)","Water, Coconut Milk (11%), Concentrated Apple Juice, Rapeseed Oil, Faba Bean Protein, Vitamins and Minerals (Tricalcium Phosphates, Calcium Carbonate, Dipotassium Phosphate, Vitamin C, Magnesium Oxide, Vitamin E, Folic Acid, Zinc Sulphate, Vitamin A, Vitamin B12, Vitamin B2, Vitamin D, Ferric Diphosphate, Potassium Iodide), Emulsifier (Sucrose Esters of Fatty Acids), Natural Flavourings, Stabilisers (Cellulose Gum, Gellan Gum), Sea Salt, Acidity Regulator (Dipotassium Phosphate)",https://www.sainsburys.co.uk/gol-ui/product/koko-dairy-free-super-drink-1l,,2024-08-20T18:42:00.437705-04:00
66-1360-DAI,Pilgrims Choice Extra Mature Lighter Big Pack 550g,Pilgrims,"Dairy, eggs & chilled",Dairy & eggs,Cheese,,£5.40,,,£9.82 / kg,8166437.0,Extra Mature Lighter Cheese,,https://assets.sainsburys-groceries.co.uk/gol/8166437/1/640x640.jpg,"Nutrient	Per 100g		Per 100g
Energy	1305kJ/ 314kcal
Fat	22.1g
(of which saturates)	13.8g
Carbohydrates	0.8g
(of which sugars)	0.1g
Protein	27.9g
Fibre	0.0g
Salt	1.8g
Calcium	840µg (105% RI* per 100g)",Reduced Fat Cheese (Milk),https://www.sainsburys.co.uk/gol-ui/product/pilgrims-choice-extra-mature-lighter-big-pack-550g,,2024-08-20T18:42:12.875407-04:00
66-1361-DAI,Emmi Caffe Latte Cappuccino 370ml,Emmi,Drinks,,,370ML,£2.65,,,72p / 100ml,7862772.0,Pasteurised Iced Coffee with Cocoa.,,https://assets.sainsburys-groceries.co.uk/gol/7862772/1/640x640.jpg,"Nutrient	Per 100 ml	Per 370 ml	% RI/370ml**	Adult RI		Per 100 ml	Per 370 ml	% RI/370ml**	Adult RI
Energy	251 kJ (59 kcal)	929 kJ (218 kcal)	11%	2000 kcal
Fat	1.2 g	4.4 g	6%	70 g
of which saturates	0.7 g	2.6 g	13%	20 g
Carbohydrate	9.2 g	34.0 g	13%	260 g
of which sugars	8.8 g	32.6 g	36%	90 g
Protein	2.8 g	10.4 g	21%	50
Salt	0.08 g	0.30 g	5%	6 g
Calcium	97 mg	359 mg	45 % NRV ***	800 mg NRV ***","Semi-Skimmed Milk 78% (1,5% Fat), Brewed Arabica Coffee* 17%, Sugar, Cocoa Powder* 0,2%, *Rainforest Alliance Certified™",https://www.sainsburys.co.uk/gol-ui/product/emmi-caffe-latte-cappuccino-iced-coffee-370ml,,2024-08-19T19:03:12.751050-04:00
66-1362-DAI,Starbucks Grande Cup Caramel Macchiato Flavour Chilled Coffee 330ml,Starbucks,Drinks,Dairy & eggs,Milk,330ML,£2.80,,,85p / 100ml,8160002.0,Milk drink with Starbucks® Arabica coffee and caramel flavour. UHT.,,https://assets.sainsburys-groceries.co.uk/gol/8160002/1/640x640.jpg,"Nutrient	per 100 ml:
Energy:	261kJ/ 62kcal
Fat:	1,6g
of which saturates:	1,0g
Carbohydrate:	9,0g
of which sugars:	8,6g
Protein:	2,9g
Salt:	0,09g","1.8% Fat Milk (75%), Starbucks® Arabica Coffee (Water, Coffee Extract) (20%), Sugar (4.7%), Caramel Flavouring (contains Milk), Acidity Regulator (Potassium Carbonate), Emulsifiers (Mono- and Diglycerides of Fatty Acids of Vegetable Origin), Stabilisers (Carrageenan, Guar Gum)",https://www.sainsburys.co.uk/gol-ui/product/starbucks-grande-cup-caramel-macchiato-flavour-chilled-coffee-330ml,,2024-08-19T19:02:54.624084-04:00
66-1363-DAI,"Sainsbury's Taleggio Cheese, Taste the Difference 200g",Sainsbury's,"Dairy, eggs & chilled",Dairy & eggs,Cheese,,£4.00,,,£20.00 / kg,7567299.0,Pasteurised full fat semi-hard cheese D.O.P.,,https://assets.sainsburys-groceries.co.uk/gol/7567299/1/640x640.jpg,,,https://www.sainsburys.co.uk/gol-ui/product/sainsburys-taleggio--taste-the-difference-200g,,2024-08-20T18:42:33.447697-04:00
66-1364-DAI,For Goodness Shakes Recovery Vanilla Flavour Shake 435ml,For,Drinks,Dairy & eggs,Milk,435ML,£2.00,,£1.25,46p / 100ml,8020199.0,Recovery is a fat-free UHT milk-based shake enriched with vitamins. Vanilla flavour.,,https://assets.sainsburys-groceries.co.uk/gol/8020199/1/640x640.jpg,"Nutrient	Per 100ml	%NRV Per 100ml	Per 435ml Serv	%NRV Per 435ml		Per 100ml	%NRV Per 100ml	Per 435ml Serv	%NRV Per 435ml
Energy kJ	230	-	997	-
Energy kcal	54	-	235	-
Fat (g)	0.1	-	<0.5	-
of which saturates (g)	0.06	-	0.3	-
Carbohydrate (g)	9.6	-	42	-
of which sugars (g)	9.6	-	42	-
Fibre (g)	0.4	-	1.7	-
Protein (g)	3.5	-	15	-
Salt (g)	0.12	-	0.52	-
Vitamin D (µg)	0.3	5	1.3	22
Niacin (mg)	0.56	3.5	2.4	15
Folic Acid (µg)	7.0	3.5	30.4	15
Vitamin B12 (µg)	0.7	26	3.04	113
Riboflavin (mg)	0.2	15	0.87	65
Calcium (mg)	120	15	522	65","Skimmed Milk (92%), Sugar, Skimmed Milk Powder, Stabilisers (Cellulose, Cellulose Gum, Gellan Gum), Flavouring, Vitamins (Niacin, Vitamin D, Vitamin B12, Folic Acid)",https://www.sainsburys.co.uk/gol-ui/product/fgs-recovery-vanilla-fudge-475ml,,2024-08-19T19:03:27.697837-04:00
66-1365-DAI,Dairylea Snackers Cheese & Crackers with Cadbury Mini Fingers 67.5g,Dairylea,"Dairy, eggs & chilled",Dairy & eggs,Cheese,,£1.60,,,£23.70 / kg,8084340.0,Cheese food slices (38 %) with added vitamin D. Butter flavour wheat crackers. Crisp mini biscuits coated with milk chocolate (24%).,,https://assets.sainsburys-groceries.co.uk/gol/8084340/1/640x640.jpg,,"Cheese Food: Cheese (75 %), Skimmed Milk (Water, Skimmed Milk Powder), Emulsifying Salts (Sodium Citrates, Potassium Citrates), Milk Proteins, Butter, Skimmed Milk Powder, Whey Powder (from Milk), Vitamin D, Preservative (Sorbic Acid), Acidity Regulator (Citric Acid), Anti-Caking Agent (Sunflower Lecithins), Wheat Crackers: Wheat Flour (71 %), Sunflower Oil, Wheat Bran, Sugar, Butter, Glucose-Fructose Syrup, Raising Agents (Ammonium Carbonates, Sodium Carbonates), Whey Powder (from Milk), Wheat Germ, Potassium Chloride, Flavourings (contains Milk), Flour Treatment Agent (Sodium Metabisulphite), Crisp Mini Biscuits Coated with Milk Chocolate (48 %): Wheat Flour, Sugar, Vegetable Oils (Palm Oil, Rapeseed Oil), Cocoa Butter, Cocoa Mass, Skimmed Milk Powder, Whey Permeate (from Milk), Milk Fat, Inverted Sugar Syrup, Salt, Emulsifiers (E442, E476), Raising Agents (Ammonium Carbonates, Sodium Carbonates), Flavourings",https://www.sainsburys.co.uk/gol-ui/product/dairylea-snackers-cheese-crackers-with-cadbury-mini-fingers-675g,,2024-08-20T18:42:46.463555-04:00
66-1366-DAI,Castello Extra Creamy Brie Cheese with Truffle 150g,Castello,"Dairy, eggs & chilled",Dairy & eggs,Cheese,,£2.50,,,£16.67 / kg,7988900.0,65+ Soft White mould cheese with flavour.,,https://assets.sainsburys-groceries.co.uk/gol/7988900/1/640x640.jpg,"Nutrient	per 100 g :
Energy	1666 kJ / 403 kcal
Fat	38 g
of which saturates	24 g
Carbohydrate	<0,5 g
of which sugars	<0,5 g
Protein	14 g
Salt	1,5 g","Milk, Cream, Boiled Truffles Pieces (Broken Summer Truffle (Tuber Aestivum/Summer Truffle Juice/Salt), Salt, Lactic Acid Culture, Truffle Flavouring, Rennet (Microbial), White Mould Culture",https://www.sainsburys.co.uk/gol-ui/product/castello-extra-creamy-brie-cheese-with-truffle-150g,,2024-08-20T18:42:58.767815-04:00
66-1367-DAI,Sainsbury's Shape & Slim Meal Replacement Shakes Chocolate 10x 29g (290g),Sainsbury's,Drinks,Dairy & eggs,Milk,,£5.50,10 for £5.50,,£18.97 / kg,8089295.0,Chocolate flavoured meal replacement shake for weight control with sweetener,,https://assets.sainsburys-groceries.co.uk/gol/8089295/1/640x640.jpg,,,https://www.sainsburys.co.uk/gol-ui/product/sainsburys-shape-slim-meal-replacement-shakes-chocolate-10x-29g-290g-,,2024-08-19T19:03:48.486154-04:00
66-1368-DAI,Pip & Nut The Ultimate Crunchy Peanut Butter 1kg,Pip,"Dairy, eggs & chilled",Dairy & eggs,"Butter, spreads & pastry",,£7.00,,,70p / 100g,8088679.0,Dark Roast Crunchy Peanut Butter,,https://assets.sainsburys-groceries.co.uk/gol/8088679/1/640x640.jpg,"Nutrient	Per 100g	Per 15g
Energy (kJ)	2507	376
Energy (kcal)	605	91
Fat	48.3g	7.2g
of which saturates	5.9g	0.9g
mono-unsaturates	39.8g	6.0g
polyunsaturates	2.6g	0.4g
Carbohydrate	11.9g	1.8g
of which sugars	5.7g	0.9g
Fibre	8.8g	1.3g
Protein	26.4g	4.0g
Salt	0.31g	0.05g","Argentinian Hi-Oleic Peanuts (99.7%), A Sprinkle of Sea Salt",https://www.sainsburys.co.uk/gol-ui/product/pip-nut-the-ultimate-crunchy-peanut-butter-1kg,,2024-08-20T18:43:11.201429-04:00
66-1369-DAI,"Sainsbury's Doux De Montagne, Taste the Difference 160g",Sainsbury's,"Dairy, eggs & chilled",Dairy & eggs,Cheese,,£3.70,,,£23.13 / kg,7691794.0,Pasteurised full fat semi-hard cheese,,https://assets.sainsburys-groceries.co.uk/gol/7691794/1/640x640.jpg,,,https://www.sainsburys.co.uk/gol-ui/product/sainsburys-doux-de-montagne--taste-the-difference-160g,,2024-08-20T18:43:31.794465-04:00
66-1370-DAI,Cathedral City Plant Based Spring Onion & Cracked Pepper Spreadable Alternative To Soft Cheese 170g,Cathedral,"Dairy, eggs & chilled",Dairy & eggs,Cheese,,£2.50,,,£14.71 / kg,8168725.0,"Dairy Free Alternative to Soft Cheese with Spring Onion and Cracked Black Pepper, with Added Calcium.",,https://assets.sainsburys-groceries.co.uk/gol/8168725/1/640x640.jpg,"Nutrient	Per 100g:		Per 100g:
Energy	950kJ/ 230Kcal
Fat	20.6g
(Of which Saturates	17.8g)
Carbohydrate	2g
(Of which Sugars	1g)
Fibre	2.4g
Protein	7.9g
Salt	1.8g
Calcium	187mg (23% RI)","Water, Coconut Oil, Soya Protein Concentrate, Fava Bean Protein Isolate, Acidity Regulators (Lactic Acid, Sodium Lactate), Salt, Sugar, Calcium, Spring Onion, Spirit Vinegar, Black Pepper, Chicory Root Fibre, Natural Flavourings, Thickener (Carrageenan)",https://www.sainsburys.co.uk/gol-ui/product/cathedral-city-onion-cracked-black-pepper-alternative-to-soft-cheese-170g,,2024-08-20T18:43:44.468444-04:00
66-1371-DAI,Up & Go Breakfast Drink Chocolate 300ml,Up,Drinks,Dairy & eggs,Milk,300ML,£1.25,,£1.00,38p / 100ml,7736727.0,"The nutritious chocolate flavour breakfast drink that's high in protein, high in fibre, low in fat and made with milk and gluten-free oats. Fortified with vitamins & minerals (UHT).",,https://assets.sainsburys-groceries.co.uk/gol/7736727/1/640x640.jpg,,"Skimmed Milk (46%), Oat drink [Water, Gluten-Free Oats (3.1%), Rapeseed Oil, Salt], Water, Milk Retentate (3,6%), Sugar, Faba Bean Protein, Polydextrose, Cocoa Powder (0.85%), Stabilisers (Hydroxypropyl Methyl Cellulose, Gellan, Carrageenan), Natural Flavourings, Minerals (Calcium Phosphate, Iron), Salt, Vitamins (D, C, B1, B2, B3, B6, Folic Acid, B12)",https://www.sainsburys.co.uk/gol-ui/product/up---go-nutritious-breakfast-drink-chocolate-250ml,,2024-08-19T19:04:17.262453-04:00
66-1372-DAI,Sainsbury's Shape & Slim Meal Replacement Shakes Strawberry 10x 29g (290g),Sainsbury's,Drinks,Dairy & eggs,Milk,,£5.50,10 for £5.50,,£18.97 / kg,8089300.0,Strawberry flavoured meal replacement shake for weight control with sweetener,,https://assets.sainsburys-groceries.co.uk/gol/8089300/1/640x640.jpg,,,https://www.sainsburys.co.uk/gol-ui/product/sainsburys-shape-slim-meal-replacement-shakes-strawberry-10x-29g-290g-,,2024-08-19T19:04:09.713882-04:00
66-1373-DAI,Huel Black Edition Chocolate 500ml,Huel,Drinks,Dairy & eggs,Milk,500ML,£3.80,,,76p / 100ml,8186790.0,Nutritionally complete drink with natural flavourings and natural sweetener,,https://assets.sainsburys-groceries.co.uk/gol/8186790/1/640x640.jpg,,"Water, Pea Protein, Faba Bean Protein, Tapioca Starch, Rapeseed Oil, Coconut Milk Powder, Cocoa Powder (1.2%), Ground Flaxseed, Natural Flavourings, Coconut Sugar, Micronutrient Blend (Minerals (Potassium, Calcium, Magnesium, Copper, Zinc, Lodine, Chromium), Vitamins (C, K, E, A, Niacin, D, B12, Pantothenic Acid, Biotin, B6, B2, B1, Folate), Choline), Flaxseed Oil Powder, Soluble Vegetable Fibre (Chicory, Corn), Hemp Seed Protein, Medium Chain Triglyceride Powder (from Coconut), Emulsifier: Sunflower Lecithin, Sea Salt, Green Tea Extract, Sweeteners: Steviol Glycosides from Stevia, Thickener: Gellan Gum",https://www.sainsburys.co.uk/gol-ui/product/huel-black-edition-chocolate-500ml,,2024-08-19T19:06:09.082034-04:00
66-1374-DAI,Pilgrims Choice Extra Mature Cheddar 6x20g,Pilgrims,"Dairy, eggs & chilled",Dairy & eggs,Cheese,,£2.00,6 for £2.00,,£16.67 / kg,8188785.0,Extra Mature Cheddar Cheese,,https://assets.sainsburys-groceries.co.uk/gol/8188785/1/640x640.jpg,,Cheddar Cheese (Milk),https://www.sainsburys.co.uk/gol-ui/product/pilgrims-choice-extra-mature-cheddar-6x20g,6x20g,2024-08-20T18:43:56.638583-04:00
66-1375-DAI,Ufit Strawberry Flavour High Protein Milkshake 500ml,Ufit,Drinks,Dairy & eggs,Milk,500ML,£3.00,,,60p / 100ml,8081328.0,50g Protein,,https://assets.sainsburys-groceries.co.uk/gol/8081328/1/640x640.jpg,"Nutrient	Per 100ml	Per 500ml	RI%* Per 100ml		Per 100ml	Per 500ml	RI%* Per 100ml
Energy (kJ)	237	1185	-
Energy (kcal)	56	280	-
Fat (g)	0.1	0.5	-
of which saturates (g)	0.1	0.5	-
Carbohydrate (g)	3.7	19	-
of which sugars (g)	3.6	18	-
Protein (g)	10	50	-
Salt (g)	0.15	0.75	-
Vitamin D2 (µg)	0.33	1.65	6.5
Vitamin E (mg)	0.78	3.90	6.5
Vitamin C (mg)	5.20	26	6.5
Selenium (µg)	3.60	18	6.5","Milk Protein Concentrate, Skimmed Milk, Water, Skimmed Milk Powder, Vitamin & Mineral Blend (Vitamin C, Vitamin E, Selenium, Vitamin D2), Stabilisers: Gellan Gum, Carrageenan, Natural Flavourings, Colouring: Lycopene, Beta Carotene, Salt, Sweetener: Sucralose, Acidity Regulator: Sodium Citrate",https://www.sainsburys.co.uk/gol-ui/product/ufit-strawberry-flavour-high-protein-milkshake-500ml,,2024-08-19T19:02:42.540799-04:00
66-1376-DAI,Lindahls Pro+ Kvarg Tropical Protein Yogurt Drink 250g,Lindahls,Drinks,Dairy & eggs,Yogurts,,£1.50,,,60p / 100g,8102490.0,"Concentrated fermented skimmed milk with pineapple, mango and peach flavour, with sweeteners.",,https://assets.sainsburys-groceries.co.uk/gol/8102490/1/640x640.jpg,,"Skimmed Milk, Whey Proteins (Milk), Water, Modified Starch, Flavourings, Acidity Regulator (Citric Acid), Colours (Carotenes, Curcumin), Lactic Cultures (Milk), Lactase Enzyme, Microbial Rennet (Milk), Sweeteners (Aspartame, Acesulfame K)",https://www.sainsburys.co.uk/gol-ui/product/lindahls-pro-kvarg-tropical-261g,,2024-08-19T21:34:17.345647-04:00
66-1377-DAI,Emmi Caffe Latte Cappuccino 650ml,Emmi,Drinks,Dairy & eggs,Milk,650ML,£3.00,,£2.00,46p / 100ml,8187979.0,Milk beverage with Coffee and low-fat cocoa powder.,100 ml,https://assets.sainsburys-groceries.co.uk/gol/8187979/1/640x640.jpg,"Nutrient	Per 100 ml	Per serving 200 ml	% RI/200 ml**	Adult RI		Per 100 ml	Per serving 200 ml	% RI/200 ml**	Adult RI
Energy	279 kJ (66 kcal)	558 kJ (132 kcal)	7%	2000 kcal
Fat	1.4 g	2.8 g	4%	70 g
of which saturates	0.8 g	1.6 g	8%	20 g
Carbohydrate	10 g	20.0 g	8%	260 g
of which sugars	9.7 g	19.4 g	22%	90 g
Protein	3.1 g	6.2 g	12%	50 g
Salt	0.08 g	0.16 g	3%	6 g
Calcium	109 mg	218 mg	27% NRV***	800 mg NRV***","Semi-Skimmed Milk 80% (1.5% Fat), Brewed Arabica Coffee* 15%, Sugar, Low-Fat Cocoa Powder* 0.1%, *Rainforest Alliance Certified",https://www.sainsburys.co.uk/gol-ui/product/emmi-caffe-latte-cappuccino-650ml,,2024-08-19T19:04:38.968982-04:00
66-1378-DAI,Jimmy's Original Iced Coffee 380ml,Jimmy's,Drinks,Dairy & eggs,Milk,380ML,£2.75,,,72p / 100ml,8187639.0,Ready-to-drink iced coffee.,,https://assets.sainsburys-groceries.co.uk/gol/8187639/1/640x640.jpg,"Nutrient	per 100ml provide
Energy	165kJ/ 39kcal
Fat	1.1g
of which saturates	0.7g
Carbohydrate	4.9g
of which sugars	4.9g
Protein	2.2g
Salt	0.17g","Semi-Skimmed Milk (62%), Single-origin Arabica Coffee (Water, Coffee*)(36%), Unrefined Demerara Sugar, Acidity Regulator (Sodium Bicarbonate), *Rainforest Alliance Certified",https://www.sainsburys.co.uk/gol-ui/product/jimmys-original-iced-coffee-380ml,,2024-08-19T19:04:51.360544-04:00
66-1379-DAI,Lancashire Farm Greek Style Fat Free Yogurt 1kg,Lancashire,"Dairy, eggs & chilled",Dairy & eggs,Yogurts,,£2.95,,,30p / 100g,8016224.0,0% fat,,https://assets.sainsburys-groceries.co.uk/gol/8016224/1/640x640.jpg,"Nutrient	Per 100g		Per 100g
Energy	243kj/ 57kcal
Fat	0.4g
of which saturates	0.25g
Mono-unsaturates	0.12g
Polyunsaturates	0.02g
Carbohydrate	5.3g
of which sugars	4.2g
Protein	8.06g
Fibre	<0.5g
Salt	0.12g
Calcium	0.25g","Fat Free Yogurt (Milk), Contains Pasteurised Cow's Milk",https://www.sainsburys.co.uk/gol-ui/product/lancashire-farm-greek-style-fat-free-yogurt-1kg,,2024-08-20T18:44:08.843534-04:00
66-1380-DAI,Starbucks Tripleshot Espresso Iced Coffee Drink 300ml,Starbucks,Drinks,Dairy & eggs,Milk,300ML,£2.50,,,83p / 100ml,8073212.0,Milk drink with Starbucks arabica coffee.,,https://assets.sainsburys-groceries.co.uk/gol/8073212/1/640x640.jpg,"Nutrient	per 100 ml:
Energy:	309kJ / 74kcal
Fat:	2,6g
of which saturates:	1,7g
Carbohydrate:	9,2g
of which sugars:	8,6g
Protein:	2,8g
Salt:	0,10g","Milk (3.3% Fat) (75%), Starbucks® Arabica Coffee (Water, Coffee Extract) (19.2%), Sugar (4.7%), Chicory Inulin, Acidity Regulator (Potassium Carbonate)",https://www.sainsburys.co.uk/gol-ui/product/starbucks-tripleshot-espresso-iced-coffee-drink-300ml,,2024-08-19T19:05:03.963089-04:00
66-1381-DAI,Barebells Protein Milkshake Chocolate Flavour 330ml,Barebells,Drinks,Dairy & eggs,Milk,330ML,£2.70,,,82p / 100ml,7973407.0,"Protein milkshake, with sweetener and chocolate flavouring.",,https://assets.sainsburys-groceries.co.uk/gol/7973407/1/640x640.jpg,"Nutrient	100ml	330 ml
Energy	232 kJ/ 55 kcal	766 kJ/ 182 kcal
Fat	1,3 g	4,3 g
of which saturates	0,8 g	2,6 g
Carbohydrates	3,5 g	12 g
of which sugars	3,4 g	11 g
Protein	7,3 g	24 g
Salt	0,21 g	0,69 g
Lactose	<0,01 g	-","(64%) Milk with 1.5% Fat, Water, Milk Protein Powder, Cacao (0,9%), Flavouring, Stabilisers (Cellulose, Carboxymethylcellulose, Carrageenan), Sweeteners (Acesulfame Potassium, Sucralose), Enzyme (Lactase), UHT-treated",https://www.sainsburys.co.uk/gol-ui/product/barebells-protein-milkshake-chocolate-flavour-330ml,,2024-08-19T19:05:16.639141-04:00
66-1382-DAI,Sainsbury's Free From Cheddar Style 200g,Sainsbury's,"Dairy, eggs & chilled",Dairy & eggs,Cheese,,£2.25,,,£11.25 / kg,7800594.0,"Coconut oil based alternative to Cheddar cheese, fortified with calcium",,https://assets.sainsburys-groceries.co.uk/gol/7800594/1/640x640.jpg,,,https://www.sainsburys.co.uk/gol-ui/product/sainsburys-deliciously-freefrom-cheddar-style-dairy-free-cheese-200g,,2024-08-20T18:44:29.467961-04:00
66-1383-DAI,Cadbury Dairy Milk Big Pots of Joy Chocolate Orange Dessert 350g,Cadbury,"Dairy, eggs & chilled",Dairy & eggs,Yogurts,,£3.00,,,86p / 100g,8126320.0,Smooth Orange Flavoured Dessert Made with Melted Cadbury Milk Chocolate.,,https://assets.sainsburys-groceries.co.uk/gol/8126320/1/640x640.jpg,"Nutrient	Per 100g
Energy	910kJ (217kcal)
Fat	11.2g
of which saturates	6.2g
Carbohydrate	24.6g
of which sugars	20.9g
Fibre	1.1g
Protein	3.9g
Salt	0.11g","Water, Milk Chocolate (18%) (Milk, Sugar, Cocoa Butter, Cocoa Mass, Vegetable Fats (Palm, Shea), Emulsifier (E442), Flavourings), Concentrated Skimmed Milk, Sugar, Palm Oil, Cream, Fat Reduced Cocoa Powder, Modified Maize Starch, Pork Gelatine, Emulsifiers (E471), Dried Whey (from Milk), Stabilisers (Pectin, E412), Natural Orange Flavouring, Dried Glucose Syrup, Salt, Acidity Regulators (Sodium Citrates)",https://www.sainsburys.co.uk/gol-ui/product/cadbury-dairy-milk-orange-pots-of-joy-350g,,2024-08-20T18:44:41.823821-04:00
66-1384-DAI,"Sainsbury's Vegetable Spring Rolls, Taste the Difference 200g",Sainsbury's,"Dairy, eggs & chilled",Dairy & eggs,"Butter, spreads & pastry",,£3.00,,£2.70,£15.00 / kg,8104833.0,"Filo pastry rolls filled with carrots, edamame beans, red peppers, wood ear mushrooms, spring onions and glass noodles",,https://assets.sainsburys-groceries.co.uk/gol/8104833/1/640x640.jpg,,,https://www.sainsburys.co.uk/gol-ui/product/sainsburys-vegetable-spring-rolls-taste-the-difference-200g,,2024-08-20T18:44:57.366473-04:00
66-1385-DAI,Actimel Strawberry Yoghurt Drink 4x100g,Actimel,"Dairy, eggs & chilled",Dairy & eggs,Yogurts,,£1.75,4 for £1.75,,44p / 100g,8189702.0,"Yogurt drink with L. Casei Danone cultures, vitamins B6 and D and strawberry.",,https://assets.sainsburys-groceries.co.uk/gol/8189702/1/640x640.jpg,"Nutrient	Per 100g	%RI*		Per 100g	%RI*
Energy	323 kJ / 76 kcal	4
Fat	1.5g	2
of which saturates	1.0g	5
Carbohydrate	12.0g	5
of which sugars	11.9g	12
Fibre	0.0g	-
Protein	2.8g	6
Salt	0.10g	2
Calcium	120mg	15
Vitamin B6	0.21mg	15
Vitamin D	0.75µg	15","Yogurt (Milk), Skimmed Milk, Sugar/ Liquid Sugar (Sucrose: 8,5%), Strawberry (2,1%), Dextrose, Milk Minerals, Modified Tapioca Starch, Natural Flavourings, Acidity Regulators (Citric Acid, Sodium Citrate), Lactobacillus Casei (L. Casei Danone®), Vitamins (B6, D)",https://www.sainsburys.co.uk/gol-ui/product/actimel-strawberry-yoghurt-drink-4x100g,4x100g,2024-08-20T18:45:09.731044-04:00
66-1386-DAI,"Sainsbury's Truffle Gouda, Taste the Difference 180g",Sainsbury's,"Dairy, eggs & chilled",Dairy & eggs,Cheese,,£4.50,,,£25.00 / kg,8163042.0,Full fat hard Gouda Cheese with truffle,,https://assets.sainsburys-groceries.co.uk/gol/8163042/1/640x640.jpg,,,https://www.sainsburys.co.uk/gol-ui/product/sainsburys-truffle-gouda-taste-the-difference-180g,,2024-08-20T18:45:30.302495-04:00
66-1387-DAI,Jimmy's Mocha Iced Coffee 380ml,Jimmy's,Drinks,Dairy & eggs,Milk,380ML,£2.75,,,72p / 100ml,8187635.0,Ready-to-drink chocolate iced coffee.,,https://assets.sainsburys-groceries.co.uk/gol/8187635/1/640x640.jpg,"Nutrient	per 100ml provide
Energy	170kJ/ 40kcal
Fat	1.2g
of which saturates	0.8g
Carbohydrate	4.9g
of which sugars	4.9g
Protein	2.2g
Salt	0.16g","Semi-Skimmed Milk (60%), Single-Origin Arabica Coffee (Water, Coffee*) (37%), Unrefined Demerara Sugar, Chocolate Powder (0.5%), Low Fat Cocoa Powder, Natural Flavouring, Vanilla Flavouring, Acidity Regulator (Sodium Bicarbonate), *Rainforest Alliance Certified",https://www.sainsburys.co.uk/gol-ui/product/jimmys-mocha-iced-coffee-380ml,,2024-08-19T19:05:41.955814-04:00
66-1388-DAI,Sainsbury's Lancashire Cheese 250g,Sainsbury's,"Dairy, eggs & chilled",Dairy & eggs,Cheese,,£2.80,,,£11.20 / kg,8024601.0,Lancashire Cheese,,https://assets.sainsburys-groceries.co.uk/gol/8024601/1/640x640.jpg,,,https://www.sainsburys.co.uk/gol-ui/product/sainsburys-lancashire-250g,,2024-08-20T18:45:50.813722-04:00
66-1389-DAI,Huel Black Edition Vanilla 500ml,Huel,Drinks,Dairy & eggs,Milk,500ML,£3.80,,,76p / 100ml,8186784.0,Nutritionally complete drink with natural flavourings and natural sweetener,,https://assets.sainsburys-groceries.co.uk/gol/8186784/1/640x640.jpg,,"Water, Pea Protein, Faba Bean Protein, Tapioca Starch, Rapeseed Oil, Coconut Milk Powder, Ground Flaxseed, Coconut Sugar, Soluble Vegetable Fibre (Chicory, Corn), Micronutrient Blend (Minerals (Potassium, Calcium, Magnesium, Copper, Zinc, lodine, Chromium), Vitamins (C, K, E, A, Niacin, D, B12, Pantothenic Acid, Biotin, B6, B2, B1, Folate), Choline), Natural Flavourings, Flaxseed Oil Powder, Hemp Seed Protein, Medium Chain Triglyceride Powder (from Coconut), Emulsifier: Sunflower Lecithin, Green Tea Extract, Sweeteners: Steviol Glycosides from Stevia, Thickener: Gellan Gum",https://www.sainsburys.co.uk/gol-ui/product/huel-black-edition-vanilla-500ml,,2024-08-19T19:05:29.250234-04:00
66-1390-DAI,Smug Dairy Blended Oat & Dairy Milk 1L,Smug,Drinks,Dairy & eggs,Milk,1L,£1.95,,£1.00,£1.95 / ltr,8190508.0,Blended Milk and Oat Drink with Added Vitamins and Calcium,100 ml,https://assets.sainsburys-groceries.co.uk/gol/8190508/1/640x640.jpg,"Nutrient	Per 100ml	% RI* Per 100ml Serving		Per 100ml	% RI* Per 100ml Serving
Energy kJ	183	2%
Energy kcal	43	2%
Fat	1.24g	2%
(of which saturates)	0.7g	4%
Carbohydrate	5.7g	-
(of which sugars)	3.8g	4%
Fibre	0.8g	-
Protein	2.5g	-
Salt	0.12g	1%
Vitamin B2	0.3mg	14%
Vitamin B12	0.3µg	12%
Vitamin D	2.0µg	40%
Iodine	30µg	20%
Calcium	120mg	15%","Semi-Skimmed Milk (74%), Oat Drink (26%) (Water, Gluten Free Oats (1.5%), Chicory Root Fibre, Calcium Carbonate, Salt, Stabiliser: Gellan Gum, Vitamin D2, Vitamin B2, Iodine, Vitamin B12)",https://www.sainsburys.co.uk/gol-ui/product/smug-dairy-blended-oat-dairy-milk-1l,,2024-08-19T19:05:56.487428-04:00
66-1391-DAI,Cadbury Creamy Chocolate Caramel Flavour Milkshake 250ml,Cadbury,Drinks,Dairy & eggs,Milk,250ML,£2.00,,,80p / 100ml,8183622.0,Ultra Heat Treated (UHT) Long Life Chocolate & Caramel Flavour Milk Drink.,,https://assets.sainsburys-groceries.co.uk/gol/8183622/1/640x640.jpg,,"Whole Milk (47%), Semi-Skimmed Milk (39%), Milk Chocolate Powder (5%) (Milk, Sugar, Cocoa Mass, Cocoa Butter, Vegetable Fats (Palm, Shea), Emulsifier (E442)), Caramel (3%) (Glucose-Fructose Syrup, Water, Sugar, Sweetened Condensed Milk), Sugar Syrup, Buttermilk Powder, Cocoa Powder, Modified Maize Starch, Stabilisers (Cellulose, Cellulose Gum, Carrageenan), Flavouring, Salt",https://www.sainsburys.co.uk/gol-ui/product/cadbury-creamy-chocolate-caramel-flavour-milkshake-250ml,,2024-08-19T19:04:30.367919-04:00
66-1392-DAI,The Coconut Collaborative Vanilla Rice Pudding 2x125g,The,"Dairy, eggs & chilled",Dairy & eggs,Dairy free,,£2.75,2 for £2.75,,£1.10 / 100g,7862416.0,Vanilla Rice Pudding,100 g,https://assets.sainsburys-groceries.co.uk/gol/7862416/1/640x640.jpg,"Nutrient	Per 100g	Per serving (125g)
Energy (kJ / kcal)	595 / 142	744 / 178
Fat (g)	6.7	8.4
 Of which saturates (g)	5.9	7.4
Carbohydrates (g)	19	24
Of which sugars (g)	9.5	12
Protein (g)	1.4	1.8
Salt (g)	0.05	0.06","Coconut Milk (60%), Water, Sugar, Short Grain Rice (8%), Rice Flour, Vanilla Extract (0.45%), Stabiliser (Locust Bean Gum), Vanilla Bean Seeds (0.01%)",https://www.sainsburys.co.uk/gol-ui/product/the-coconut-collaborative-rice-pudding-2x125g,2x125g,2024-08-20T18:46:03.201032-04:00
66-1393-DAI,"Sainsbury's Epoisses Berthaut, Taste the Difference 250g",Sainsbury's,"Dairy, eggs & chilled",Dairy & eggs,Cheese,,£7.00,,,£28.00 / kg,8184984.0,Soft Cheese made with pasteurised cows' milk washed in Brandy,,https://assets.sainsburys-groceries.co.uk/gol/8184984/1/640x640.jpg,,,https://www.sainsburys.co.uk/gol-ui/product/sainsburys-epoisses-berthaut-taste-the-difference-250g,,2024-08-20T18:46:23.867420-04:00
66-1394-DAI,Piatnica Vanilla Fromage Frais 150g,Piatnica,"Dairy, eggs & chilled",Dairy & eggs,Yogurts,,£1.00,,,67p / 100g,8164645.0,Vanilla fromage frais,,https://assets.sainsburys-groceries.co.uk/gol/8164645/1/640x640.jpg,"Nutrient	per 100 g
Energy	577 kJ / 138 kcal
Fat	6,3 g
of which saturates	4,4 g
Carbohydrate	13 g
of which sugars	13 g
Protein	7,2 g
Salt	0,10 g","Milk, Cream, Sugar, Natural Vanilla Flavouring, Lactic Acid Bacteria Cultures",https://www.sainsburys.co.uk/gol-ui/product/piatnica-vanilla-fromage-frais-150g,,2024-08-20T18:46:36.167927-04:00
66-1395-DAI,Sainsbury's Tex Mex Cheese Poppers 176g,Sainsbury's,"Dairy, eggs & chilled",Dairy & eggs,Cheese,,£2.75,,£2.50,£15.63 / kg,8102629.0,"Monterey Jack cheese, soft cheese and extra mature Cheddar cheese filled with a smokey chipotle and paprika centre in breadcrumbs",,https://assets.sainsburys-groceries.co.uk/gol/8102629/1/640x640.jpg,,,https://www.sainsburys.co.uk/gol-ui/product/sainsburys-tex-mex-cheese-poppers-176g,,2024-08-20T18:46:51.538341-04:00
66-1396-DAI,Sainsbury's Free From Sliced Cheddar Style 180g,Sainsbury's,"Dairy, eggs & chilled",Dairy & eggs,Cheese,,£2.50,,,£13.89 / kg,7864838.0,"A blend of coconut oil and starches, fortified with calcium, and sliced",,https://assets.sainsburys-groceries.co.uk/gol/7864838/1/640x640.jpg,,,https://www.sainsburys.co.uk/gol-ui/product/sainsburys-free-from-sliced-cheddar-style-180g,,2024-08-20T18:47:12.031669-04:00
66-1397-DAI,Sainsbury's Shape & Slim Meal Replacement Shakes Vanilla 10x 29g (290g),Sainsbury's,Drinks,Dairy & eggs,Milk,,£5.50,10 for £5.50,,£18.97 / kg,8089302.0,Vanilla flavoured meal replacement shake for weight control with sweetener,,https://assets.sainsburys-groceries.co.uk/gol/8089302/1/640x640.jpg,,,https://www.sainsburys.co.uk/gol-ui/product/sainsburys-shape-slim-meal-replacement-shakes-vanilla-10x-29g-290g-,,2024-08-19T19:06:30.079237-04:00
66-1398-DAI,Gü Plant Dark Chocolate & Ganache Mousse Dessert 2x70g,Gü,"Dairy, eggs & chilled",Dairy & eggs,Dairy free,,£3.95,2 for £3.95,,£2.82 / 100g,8091441.0,2 Vegan Chocolate Mousses with Chocolate Ganache,,https://assets.sainsburys-groceries.co.uk/gol/8091441/1/640x640.jpg,"Nutrient	per 100g:	per 70g ramekin:
Energy	1456kJ/ 350kcal	1019kJ/ 245kcal
Fat	24.8g	17.4g
of which saturates	17.5g	12.2g
Carbohydrate	28.8g	20.2g
of which sugars	21.7g	15.2g
Fibre	2.2g	1.6g
Protein	4g	2.8g
Salt	0g	0g","Dark Chocolate (40%) (Cocoa Mass, Sugar, Cocoa Butter, Emulsifier (Soya Lecithin), Natural Flavouring), Coconut Cream, Chickpea Extract, Sugar, Coconut Oil, Glucose Syrup, Stabiliser (Soluble Gluco Fibre, Starch, Pea Protein), Natural Flavouring",https://www.sainsburys.co.uk/gol-ui/product/g%C3%BC-free-from-chocolate-mousse-with-ganache-desserts-vegan-gluten-free-2x70g,2x70g,2024-08-20T18:47:24.281957-04:00
66-1399-DAI,Button Mill Soft Oozy Exquisite Cow's Milk Cheese From Rural Lancashire 150g,Button,"Dairy, eggs & chilled",Dairy & eggs,Cheese,,£3.50,,,£23.33 / kg,8182314.0,Soft Mould Ripened Cows Milk Cheese,,https://assets.sainsburys-groceries.co.uk/gol/8182314/1/640x640.jpg,"Nutrient	Per 100g:
Energy	1437kJ/ 347kcal
Fat	28.4g
Of which Saturates	19.1g
Carbohydrate	2.0g
Of which Sugars	0.2g
Fibre	<0.5g
Protein	20.7g
Salt	1.2g",,https://www.sainsburys.co.uk/gol-ui/product/button-mill-soft-oozy-exquisite-cows-milk-cheese-from-rural-lancashire-150g,,2024-08-20T18:47:45.087595-04:00
66-1400-DAI,Cathedral City Plant Based Dairy Free Cheddar Flavour Spread 255g,Cathedral,"Dairy, eggs & chilled",Dairy & eggs,Cheese,,£3.20,,,£12.55 / kg,8168696.0,Dairy Free Cheddar Flavour Spread with Added Calcium.,,https://assets.sainsburys-groceries.co.uk/gol/8168696/1/640x640.jpg,"Nutrient	Per 100g:		Per 100g:
Energy	1198kJ / 290kcal
Fat	26.3g
(Of Which Saturates)	22.7g
Carbohydrates	10g
(Of Which Sugars)	1g
Fibre	1g
Protein	2.8g
Salt	1.6g
Calcium	177mg (22% RI)","Rice Base (Water, Dried Rice Syrup), Coconut Oil, Soya Protein Concentrate, Starch (Maize, Tapioca), Sea Salt, Modified Starch (Maize, Potato), Flavourings, Calcium, Thickener (Carrageenan), Acidity Regulator (Lactic Acid), Gelling Agent (Guar Gum), Colour (Carotenes)",https://www.sainsburys.co.uk/gol-ui/product/cathedral-city-spreadable-mature-cheddar-flavour-255g,,2024-08-20T18:47:57.560324-04:00
66-1401-DAI,Costa Coffee Latte 250ml,Costa,Drinks,,,250ML,£1.65,,,66p / 100ml,8016553.0,Flavoured coffee drink with milk and Costa® Signature blend coffee. Sterilised.,,https://assets.sainsburys-groceries.co.uk/gol/8016553/1/640x640.jpg,,"Semi-Skimmed Milk 75%, Coffee 22% (Water, Coffee Extract**), Sugar, Acidity Regulator (Potassium Carbonates), Stabilisers (Cellulose, Cellulose Gum, Carrageenan), Natural Flavourings, **Rainforest Alliance Certified™",https://www.sainsburys.co.uk/gol-ui/product/costa-coffee-latte-250ml,,2024-08-19T19:07:01.308439-04:00
66-1402-DAI,"Sainsbury's Cookies & Cream Twin Pack Yogurt, Taste the Difference",Sainsbury's,"Dairy, eggs & chilled",Dairy & eggs,Special offers,,£1.50,,£1.20,68p / 100g,8184283.0,Cookies and cream flavoured yogurts with biscuit pieces,,https://assets.sainsburys-groceries.co.uk/gol/8184283/1/640x640.jpg,,,https://www.sainsburys.co.uk/gol-ui/product/sainsburys-cookies-cream-twin-pack-yogurt-taste-the-difference,,2024-08-20T18:48:13.370355-04:00
66-1403-DAI,Mighty Oat Based Semi Skimmed Not Milk Alternative 1L,Mighty,Drinks,Dairy & eggs,Dairy free,1L,£1.90,,£1.35,£1.90 / ltr,8104437.0,Oat and pea protein drink with added vitamins and minerals.,,https://assets.sainsburys-groceries.co.uk/gol/8104437/1/640x640.jpg,"Nutrient	Per 100ml		Per 100ml
Energy	153kJ/ 37kcal
Fat	2.2g
of Which Saturates	0.3g
Carbohydrate	2.8g
of Which Sugars	1.0g
Fibre	0.1g
Protein	1.3g
Salt	0.15g
Calcium	120mg 15% RI†
Vitamin B12	0.90µg 36% RI†
Vitamin D	0.75µg 15% RI†
Iodine	30µg 20% RI†","Water, Oats (4%), Rapeseed Oil, Pea* Protein Isolate (1.3%), Acidity Regulator (Dipotassium Phosphate), Fermented Oats, Calcium Carbonate, Natural Flavourings, Sea Salt, Stabiliser (Gellan Gum), Iodine, Vitamins (B12, D), *Peas are legumes",https://www.sainsburys.co.uk/gol-ui/product/mighty-milkology-semi-1l,,2024-08-19T19:07:08.690924-04:00
66-1404-DAI,Sainsbury's Free From Greek Style 200g,Sainsbury's,"Dairy, eggs & chilled",Dairy & eggs,Cheese,,£2.25,,,£11.25 / kg,7800600.0,"Coconut oil based alternative to salad cheese, fortified with calcium",,https://assets.sainsburys-groceries.co.uk/gol/7800600/1/640x640.jpg,,,https://www.sainsburys.co.uk/gol-ui/product/sainsburys-free-from-greek-style-200g,,2024-08-20T18:48:34.161326-04:00
66-1405-DAI,The Coconut Collaborative Chocolate Melt in the Middle Puddings 2x90g,The,"Dairy, eggs & chilled",Dairy & eggs,Dairy free,,£3.60,2 for £3.60,,£2.00 / 100g,8021082.0,,,https://assets.sainsburys-groceries.co.uk/gol/8021082/1/640x640.jpg,,"Chocolate (19%) (Sugar, Cocoa Mass, Cocoa Butter, Sunflower Lecithin, Natural Vanilla Flavouring), Coconut Cream, Sugar, Rice Flour, Water, Date Syrup, Rapeseed Oil, Sunflower Oil, Cocoa Powder, Glucose Syrup",https://www.sainsburys.co.uk/gol-ui/product/coconut-collab-melt-in-the-middle-2x90g,2x90g,2024-08-20T18:48:51.552151-04:00
66-1406-DAI,Mlekovita Ementaler Cheese Slices 6x500g,Mlekovita,"Dairy, eggs & chilled",Dairy & eggs,Cheese,,£4.25,6 for £4.25,,£8.50 / kg,8165763.0,Suitable for vegetarians,,https://assets.sainsburys-groceries.co.uk/gol/8165763/1/640x640.jpg,"Nutrient	per 100 g		per 100 g
Energy	1475 kJ/ 355 kcal
Fat	27 g
of which saturates	17 g
Carbohydrate	0 g
of which sugars	0 g
Protein	28 g
Salt	1.1 g
Calcium	800 mg - 100 % of NRV*","Milk, Salt, Stabiliser: Calcium Chloride, Starter culture",https://www.sainsburys.co.uk/gol-ui/product/mlekovita-ementaler-cheese-slices-6x500g,6x500g,2024-08-20T18:49:03.841277-04:00
66-1407-DAI,Yeo Valley Organic Kefir Blueberry 500ml,Yeo,"Dairy, eggs & chilled",Dairy & eggs,New,500ML,£2.25,,,45p / 100ml,8204435.0,Fermented Blueberry Milk Drink with Live Yogurt & Kefir Cultures,,https://assets.sainsburys-groceries.co.uk/gol/8204435/1/640x640.jpg,"Nutrient	Per 100ml		Per 100ml
Energy	274kJ/ 65kcal
Fat	1.6g
of which saturates	1.0g
Carbohydrate	8.9g
of which sugars	7.4g
Protein	3.5g
Salt	0.15g
Calcium	111mg/10% NRV
Phosphorus	72.5mg/10% NRV
Vitamin B2	0.14µg/14% NRV","Organic Milk Fermented with Live Yogurt & Kefir Cultures, Organic Blueberry Purée (5%), Organic Concentrated Grape Juice, Organic Blackcurrant Purée, Organic Maize Starch, Natural Flavourings, Organic Concentrated Lemon Juice",https://www.sainsburys.co.uk/gol-ui/product/yeo-valley-organic-kefir-blueberry-500ml-8204435-p-44,,2024-08-20T18:49:16.089558-04:00
66-1408-DAI,Smug Dairy Spreadable Blended Oat & Dairy Butter 400g,Smug,"Dairy, eggs & chilled",Dairy & eggs,"Butter, spreads & pastry",,£3.75,,£2.00,£9.38 / kg,8189713.0,"Blended Spread 67% (41% Milk Fat, 26% Rapeseed Oil)",,https://assets.sainsburys-groceries.co.uk/gol/8189713/1/640x640.jpg,"Nutrient	Per 100g	Per 10g	RI Per 10g		Per 100g	Per 10g	RI Per 10g
Energy kJ	2537	254	-
Energy kcal	616	62	3%
Fat	67g	6.7g	10%
(of which saturates)	25.6g	2.6g	13%
Carbohydrate	3.9g	0.4g	-
(of which sugars)	<0.1g	<0.1g	<1%
Protein	<0.1g	<0.1g	-
Salt	1.1g	0.11g	2%
Vitamin A	800µg (100% NRV)	80µg	10% NRV
Vitamin D	5µg (100% NRV)	0.5µg	10% NRV
Vitamin E	38mg (317% NRV)	3.8mg	32% NRV
Vitamin B12	5µg (200% NRV)	0.5µg	20% NRV","Butter (50%) (Milk), Rapeseed Oil, Oat Drink (24%) (Water, Gluten Free Oat Flour, Salt, Fava Bean Protein, Vitamin B12), Colour (Carotenes), Vitamin E, Vitamin A & D",https://www.sainsburys.co.uk/gol-ui/product/smug-dairy-spreadable-blended-oat-dairy-butter-400g,,2024-08-20T18:49:23.162135-04:00
66-1409-DAI,President Crème UHT Aerosol Cream 250g,President,"Dairy, eggs & chilled",Desserts,All desserts & cream,,£2.40,,,96p / 100g,8103644.0,UHT spray cream with a hint of vanilla flavour,,https://assets.sainsburys-groceries.co.uk/gol/8103644/1/640x640.jpg,,"Cream (Milk, EU) (91%), Sugar (8,5%), Emulsifier: E471, Stabiliser: E407, Vanilla Flavour, Propellant Gas: E942 and E941",https://www.sainsburys.co.uk/gol-ui/product/president-cr%C3%A8me-uht-aerosol-cream-250g,,2024-08-20T18:49:35.358385-04:00
66-1410-DAI,For Goodness Shakes Protein Salted Caramel Flavour Shake 330ml,For,Drinks,,,330ML,£2.00,,,61p / 100ml,8167510.0,For Goodness Shakes® Protein is UHT milk based fat free high protein shake with sweetener enriched with vitamins. Salted Caramel flavour.,,https://assets.sainsburys-groceries.co.uk/gol/8167510/1/640x640.jpg,"Nutrient	Per 100ml	%NRV Per 100ml	Per 330ML Serv	%NRV Per 330ML		Per 100ml	%NRV Per 100ml	Per 330ML Serv	%NRV Per 330ML
Energy kJ	192	-	651	-
Energy kcal	45	-	153	-
Fat (g)	0.1	-	0.5	-
of which saturates (g)	0.06	-	0.2	-
Carbohydrate (g)	5.0	-	17	-
of which sugars (g)*	5.0	-	17	-
Fibre (g)	0.4	-	1.3	-
Protein (g)	5.9	-	20g	-
Salt (g)	0.12	-	0.4	-
Vitamin D (μg)	0.3	5	1.0	17
Niacin (mg)	0.56	3.5	1.85	12
Folic Acid (μg)	7.0	3.5	2.31	86
Vitamin B12 (μg)	0.7	2.6	2.31	86
Riboflavin (mg)	0.2	15	0.66	50
Calcium (mg)	152	19	502	63","Skimmed Milk (97%), Milk Protein Concentrate (2.7%), Stabilizers (Cellulose, Cellulose Gum, Gellan Gum), Flavouring, Vitamins (Niacin, Vitamin D, Vitamin B12, Folic Acid), Sweetener (Sucralose)",https://www.sainsburys.co.uk/gol-ui/product/for-goodness-shakes-protein-salted-caramel-flavour-shake-330ml,,2024-08-19T19:07:39.503085-04:00
66-1411-DAI,Biotiful Gut Health Organic Kefir Drink Baked Milk 500ml,Biotiful,Drinks,Dairy & eggs,Milk,500ML,£2.80,,,56p / 100g,8189675.0,Fermented organic milk traditionally known as riazhenka,,https://assets.sainsburys-groceries.co.uk/gol/8189675/1/640x640.jpg,"Nutrient	Per 100ml	% of reference intake per 100ml	1 serving (250ml)		Per 100ml	% of reference intake per 100ml	1 serving (250ml)
Energy, kcal (kJ)	61 (256)	-	153 (640)
Fat (g)	3.1	-	7.8
of which saturates (g)	2.0g	-	4.9
Carbohydrates (g)	5.0g	-	13
of which sugars*** (g)	3.5g	-	8.8
Protein (g)	3.3g	-	8.3
Salt (g)	0.10g	-	0.25
Riboflavin B2 (mg)	0.14	10%	-
Vitamin B12 (µg)	0.22	9%	-
Calcium (mg)	111	14%	-
Phosphorus (mg)	78	11%	-",Organic Pasteurised Cow's Milk Fermented with Live Riazhenka Cultures,https://www.sainsburys.co.uk/gol-ui/product/biotiful-gut-health-organic-kefir-drink-baked-milk-500ml,,2024-08-19T19:07:52.302831-04:00
66-1412-DAI,Lowicz Cascaval Cheese 300g,Lowicz,"Dairy, eggs & chilled",Dairy & eggs,Cheese,,£3.00,,,£10.00 / kg,8071078.0,Semi-hard cheese.,,https://assets.sainsburys-groceries.co.uk/gol/8071078/1/640x640.jpg,"Nutrient	per 100g
Energy	1288 kJ/ 310 kcal
Fat	23g
of which Saturates	16g
Carbohydrate	1.7g
of which Sugars	0.2g
Protein	24g
Salt	1.7g","Pasteurised Cow's Milk, Salt, Stabiliser - Calcium Chloride, Bacterial Cultures, Microbial Rennet",https://www.sainsburys.co.uk/gol-ui/product/lowicz-cascaval-300g,,2024-08-20T18:49:47.664960-04:00
66-1413-DAI,Biotiful Gut Health Strawberry Kefir Protein Drink 330ml,Biotiful,Drinks,Dairy & eggs,Milk,330ML,£2.00,,,61p / 100ml,8205198.0,High Protein Kefir: fermented milk with strawberry,,https://assets.sainsburys-groceries.co.uk/gol/8205198/1/640x640.jpg,"Nutrient	Per 100g	% of reference intake per 100g	1 serving (330ml)		Per 100g	% of reference intake per 100g	1 serving (330ml)
Energy, kcal (kJ)	59 (251)	-	195 (827)
Fat (g)	0.1	-	0.3
of which saturates (g)	0.1	-	0.3
Carbohydrates (g)	8.8	-	29.0
of which sugars (g)	7.1	-	23.5
Protein (g)	6.1	-	20.2
Salt (g)	0.14	-	0.47
Riboflavin B2 (mg)	0.21	15%	-
Vitamin B12 (µg)	0.38	15%	-
Calcium (mg)	118	15%	-
Phosphorus (mg)	103	15%	-","Pasteurised Cow's Milk Fermented with Live Kefir Cultures†, Milk Protein, Sugar, Water, Strawberry Puree (1.5%), Natural Flavouring, Lemon Juice (from Concentrate), Stabiliser (Pectin), † Includes: Bifidobacterium, Lactobacillus Acidophilus, Lactobacillus Casei, Lactobacillus Rhamnosus",https://www.sainsburys.co.uk/gol-ui/product/biotiful-gut-health-strawberry-kefir-protein-drink-330ml,,2024-08-19T19:08:05.104547-04:00
66-1414-DAI,Taj Plain Spring Roll Pastry Sheets x30 600g,Taj,"Dairy, eggs & chilled",Dairy & eggs,"Butter, spreads & pastry",,£2.50,,,£4.17 / kg,7675782.0,Plain Spring Roll Pastry,,https://assets.sainsburys-groceries.co.uk/gol/7675782/1/640x640.jpg,"Nutrient	per 18g	per 100g
Energy in Kilo Joule	229 kJ	1272 kJ
Energy in Kilo Calorie	55 kcal	304 kcal
Total Fat	0.36 g	2 g
Saturated Fat	0.18 g	1 g
Carbohydrate	11.5 g	64 g
Sugar	0.54 g	3 g
Fibre	0.18 g	1 g
Protein	1.26 g	7 g
Salt	0.22g	1.25g","Wheat Flour (48%), Water, Palm Oil and Salt",https://www.sainsburys.co.uk/gol-ui/product/taj-plain-spring-roll-pastry-sheets-x30-600g,,2024-08-20T18:50:00.029470-04:00
66-1415-DAI,Arla Jord Barista Nordic Oats 1L,Arla,"Dairy, eggs & chilled",Dairy & eggs,Dairy free,1L,£1.90,,,£1.90 / ltr,8201514.0,"Foamable Oat Based Drink, Enriched with Vitamin D and Folic Acid (Vitamin B9), Pasteurised.",,https://assets.sainsburys-groceries.co.uk/gol/8201514/1/640x640.jpg,"Nutrient	Per 100 mL		Per 100 mL
Energy	255kJ / 61 kcal
Fat	3,0 g
of which saturates	0,2 g
Carbohydrate	7,4 g
of which sugars	3,9 g
Fibre	1,0 g
Protein	0,6 g
Salt	0,10 g
Vitamin D	1,0 µg (20% RI / DRI*)
Folic acid	15,0 µg (7,5% RI / DRI*)","Water, Oats (12%), Rapeseed Oil, Maize Fibre, Salt, Acidity Regulators (Potassium Phosphate, Potassium Citrate), Stabiliser (Gellan Gum), Vitamin D, Folic Acid (Vitamin B9)",https://www.sainsburys.co.uk/gol-ui/product/arla-jord-barista-nordic-oats-1l,,2024-08-20T18:50:12.255549-04:00
66-1416-DAI,Pakeeza Passion Fruit Lassi Thick Yogurt Drink 330g,Pakeeza,"Dairy, eggs & chilled",Dairy & eggs,Yogurts,,£1.45,,,44p / 100g,8124959.0,"Thick, creamy and bursting with the tropical flavours of passionfruit, our lassi is a seriously smooth yogurt drink made with an authentic, traditional recipe.",,https://assets.sainsburys-groceries.co.uk/gol/8124959/1/640x640.jpg,"Nutrient	per 100g
Energy	337kJ/ 79kcal
Fat	0.1g
of which saturates	0.06g
Mono-unsaturates	0.03g
Polyunsaturates	<0.01g
Carbohydrate	14.6g
of which sugars	9.9g
Fibre	<0.5g
Protein	5.05g
Salt	0.25g","Fat Free Yogurt (Milk), Passionfruit (15%)",https://www.sainsburys.co.uk/gol-ui/product/pakeeza-passion-fruit-lassi-thick-yogurt-drink-330g,,2024-08-20T18:50:24.558291-04:00
66-1417-DAI,"Sainsbury's Breaded Camembert, Taste the Difference 200g",Sainsbury's,"Dairy, eggs & chilled",Dairy & eggs,Cheese,,£4.00,,,£20.00 / kg,8163660.0,Camembert cheese coated in breadcrumbs,,https://assets.sainsburys-groceries.co.uk/gol/8163660/1/640x640.jpg,,,https://www.sainsburys.co.uk/gol-ui/product/sainsburys-breaded-camembert-taste-the-difference-200g,,2024-08-20T18:50:45.110359-04:00
66-1418-DAI,The Coconut Collab Strawberry Coconut Yog 4x90g,The,"Dairy, eggs & chilled",Dairy & eggs,Yogurts,,£2.95,4 for £2.95,,82p / 100g,8168098.0,Cultured coconut yogurt alternative with strawberry compote.,,https://assets.sainsburys-groceries.co.uk/gol/8168098/1/640x640.jpg,"Nutrient	per 100g:		per 100g:
Energy	387kJ/ 93kcal
Fat	5.0g
of which saturates	4.6g
Carbohydrate	12g
of which sugars	3.8g
Fibre	1.0g
Protein	0.6g
Salt	0.07g
Vitamin D	0.85g (RI** 17%)
Vitamin B6	0.26mg (RI** 18%)
Vitamin B12	0.43g (RI** 17%)
Calcium	102mg (RI** 12%)","Cultured Coconut Milk (85%) (Coconut Milk, Coconut Water, Water, Modified Corn Starch, Modified Tapioca Starch, Potato Starch, Guar Gum, Pectin, Natural Flavouring, Rice Flour, Vitamin D2, Vitamin B6, Vitamin B12, Tricalcium Phosphate (Calcium), Cultures), Strawberry Compote (15%) (Strawberry Puree (40%), Sugars from Fruits, Water, Corn Starch, Purple Carrot Concentrate, Lemon Juice Concentrate, Natural Flavouring)",https://www.sainsburys.co.uk/gol-ui/product/the-coconut-collab-strawberry-coconut-yog-4x90g,4x90g,2024-08-20T18:50:57.455585-04:00
66-1419-DAI,Riya's Paneer 250g,Riya's,"Dairy, eggs & chilled",Dairy & eggs,Cheese,,£3.00,,,£12.00 / kg,8119688.0,Diced Paneer Cooking Cheese,,https://assets.sainsburys-groceries.co.uk/gol/8119688/1/640x640.jpg,"Nutrient	Per 100g
Energy:	1390kJ / 332 kcal
Fat	27.87g
of which saturates	16.2g
Carbohydrates	1.9g
of which sugars	1.9g
Protein:	23.2g
Salt:	0.05g",Whole Milk,https://www.sainsburys.co.uk/gol-ui/product/riyas-paneer-250g,,2024-08-20T18:51:10.043932-04:00
66-1420-DAI,Starbucks Frappuccino Indulgent Caramel Flavour Coffee Drink 4x250ml,Starbucks,Drinks,Dairy & eggs,Milk,250ML,£7.35,4 for £7.35,,74p / 100ml,8085100.0,"Milk drink with Starbucks® Arabica coffee and caramel flavour, sterilised.",,https://assets.sainsburys-groceries.co.uk/gol/8085100/1/640x640.jpg,"Nutrient	/ 100ml:
Energy	251kJ/ 59kcal
Fat	1.2g
of which saturates	0.8g
Carbohydrate	9.3g
of which sugars	8.9g
Protein	2.8g
Salt	0.09g","Semi Skimmed Milk (75%), Starbucks Arabica Coffee (Water, Coffee Extract) (19.8%), Sugar (5%), Acidity Regulator (Potassium Carbonate), Caramel Flavouring (contains Milk)",https://www.sainsburys.co.uk/gol-ui/product/starbucks-frappuccino-caramel-coffee-4x250ml,4x250ml,2024-08-19T19:08:17.811491-04:00
66-1421-DAI,Barebells Protein Milkshake Strawberry Flavour 330ml,Barebells,Drinks,Dairy & eggs,Milk,330ML,£2.70,,,82p / 100ml,7973404.0,"Protein milkshake, with sweetener and strawberry flavouring.",,https://assets.sainsburys-groceries.co.uk/gol/7973404/1/640x640.jpg,"Nutrient	100 ml	330 ml
Energy	235 kJ/ 56 kcal	776 kJ/ 185 kcal
Fat	1,4 g	4,6 g
of which saturates	0,9 g	3,0 g
Carbohydrates	3,5 g	12 g
of which sugars	3,5 g	12 g
Protein	7,3 g	24 g
Salt	0,22 g	0,73 g
Lactose	<0,01 g	-","(64%) Milk with 1.5% Fat, Water, Milk Protein Powder, Cocoa Butter, Flavouring, Stabilisers (Cellulose, Carboxymethylcellulose, Carrageenan), Sweeteners (Acesulfame Potassium, Sucralose), Colouring (Carotine), Enzyme (Lactase), UHT-treated",https://www.sainsburys.co.uk/gol-ui/product/barebells-protein-milkshake-strawberry-flavour-330ml,,2024-08-19T19:08:30.533305-04:00
66-1422-DAI,Sainsbury's Little Ones Organic Peach & Mango Yogurts 4x90g,Sainsbury's,"Dairy, eggs & chilled",Dairy & eggs,Yogurts,,£2.60,4 for £2.60,,72p / 100g,8090797.0,Organic fruit puree with pasteurised organic yogurt and organic wholegrain rice flour,,"data:image/svg+xml;base64,PD94bWwgdmVyc2lvbj0iMS4wIiBlbmNvZGluZz0iVVRGLTgiPz4KPHN2ZyB3aWR0aD0iMTQwIiBoZWlnaHQ9IjE0MCIgdmlld0JveD0iMCAwIDE0MCAxNDAiIHZlcnNpb249IjEuMSIgeG1sbnM9Imh0dHA6Ly93d3cudzMub3JnLzIwMDAvc3ZnIiB4bWxuczp4bGluaz0iaHR0cDovL3d3dy53My5vcmcvMTk5OS94bGluayI+CiAgICA8IS0tIEdlbmVyYXRvcjogU2tldGNoIDUyLjUgKDY3NDY5KSAtIGh0dHA6Ly93d3cuYm9oZW1pYW5jb2RpbmcuY29tL3NrZXRjaCAtLT4KICAgIDx0aXRsZT5uby1pbWFnZTwvdGl0bGU+CiAgICA8ZGVzYz5DcmVhdGVkIHdpdGggU2tldGNoLjwvZGVzYz4KICAgIDxnIGlkPSJuby1pbWFnZSIgc3Ryb2tlPSJub25lIiBzdHJva2Utd2lkdGg9IjEiIGZpbGw9Im5vbmUiIGZpbGwtcnVsZT0iZXZlbm9kZCI+CiAgICAgICAgPHJlY3QgZmlsbD0iI0ZGRkZGRiIgeD0iMCIgeT0iMCIgd2lkdGg9IjE0MCIgaGVpZ2h0PSIxNDAiPjwvcmVjdD4KICAgICAgICA8ZyBpZD0iR3JvdXAtNSIgdHJhbnNmb3JtPSJ0cmFuc2xhdGUoNy4wMDAwMDAsIDIyLjAwMDAwMCkiPgogICAgICAgICAgICA8ZWxsaXBzZSBpZD0iT3ZhbCIgZmlsbD0iI0I3QjdCOCIgZmlsbC1ydWxlPSJub256ZXJvIiBjeD0iNjkuODY5MTg2IiBjeT0iNzguNzYwNTYzNCIgcng9IjQ1LjEzMDgxNCIgcnk9IjUuMDcwNDIyNTQiPjwvZWxsaXBzZT4KICAgICAgICAgICAgPGcgaWQ9Ikdyb3VwLTQiIHRyYW5zZm9ybT0idHJhbnNsYXRlKDY0LjE4NjA0NywgMTAuODE2OTAxKSIgZmlsbC1ydWxlPSJub256ZXJvIj4KICAgICAgICAgICAgICAgIDxwYXRoIGQ9Ik0yMC4wNTgxMzk1LDY3LjYwNTYzMzggQzMxLjEzNTk0NDEsNjcuNjA1NjMzOCA0MC4xMTYyNzkxLDY0LjE3OTM3MDUgNDAuMTE2Mjc5MSw0OS4wNTc2NTg1IEM0MC4xMTYyNzkxLDQzLjE5NTQ0IDM1LjM0Nzk3ODUsMzYuMzQzOTQzMyAzMy4yMjI1OTk1LDMwLjI2NDExMDQgQzI5Ljg2NTUyLDIwLjY2MDg5MDQgMjcuNjgyOTUyMSwxMi44NDUwNzA0IDIwLjA1ODEzOTUsMTIuODQ1MDcwNCBDMTIuNDU3NzM5NywxMi44NDUwNzA0IDEwLjQ5Mzk2NzksMjAuNzAyNTIxNiA3LjEzMjAwMDU5LDMwLjI2NDExMDQgQzQuOTg1ODkxNTYsMzYuMzY3NzQyNyAyLjg0MjE3MDk0ZS0xNCw0My4xNjU3OTM0IDIuODQyMTcwOTRlLTE0LDQ5LjA1NzY1ODUgQzIuODQyMTcwOTRlLTE0LDY0LjE3OTM3MDUgOC45ODAzMzQ5Niw2Ny42MDU2MzM4IDIwLjA1ODEzOTUsNjcuNjA1NjMzOCBaIiBpZD0iT3ZhbCIgZmlsbD0iI0Q4RDhEOCI+PC9wYXRoPgogICAgICAgICAgICAgICAgPHBhdGggZD0iTTE2LjcxNTExNjMsMi4wMjgxNjkwMSBDMTguOTI5ODY5Miw0LjI4MDM2MzA2IDIwLjAzNzI0NTYsOC4zMDkxOTIyOSAyMC4wMzcyNDU2LDE0LjExNDY1NjciIGlkPSJQYXRoIiBzdHJva2U9IiM5Nzk3OTciIHN0cm9rZS13aWR0aD0iMS4zNDc4Mzk5MyIgc3Ryb2tlLWxpbmVjYXA9InJvdW5kIiBzdHJva2UtbGluZWpvaW49InJvdW5kIj48L3BhdGg+CiAgICAgICAgICAgICAgICA8cGF0aCBkPSJNMTAuODYwMDkyOSw4LjkyMzExMzQ5IEMxMy4xODAwOTQ3LDguOTI3NTMzNzYgMTUuOTgwMzAyLDcuNjc3OTU0IDE5LjI2MDcxNDgsNS4xNzQzNzQxOSBDMTUuNzM3NTQ0NiwyLjcxMTQwMDczIDEyLjkzMjY1NTQsMS40Nzc5MjYyIDEwLjg0NjA0NzIsMS40NzM5NTA2MSBDNy43MTYxMzQ4MiwxLjQ2Nzk4NzIyIDEuODM4NTc0NjksMy40OTE5NzQyNyAxLjg0MjAyMjczLDUuMzIwNjQyNDkgQzEuODQ1NDcwNzgsNy4xNDkzMTA3MiA3LjM4MDA5MDIyLDguOTE2NDgzMDggMTAuODYwMDkyOSw4LjkyMzExMzQ5IFoiIGlkPSJPdmFsIiBmaWxsPSIjOTM5MzkzIiB0cmFuc2Zvcm09InRyYW5zbGF0ZSgxMC41NTEzNjgsIDUuMTk4NTMxKSByb3RhdGUoMTAuMDAwMDAwKSB0cmFuc2xhdGUoLTEwLjU1MTM2OCwgLTUuMTk4NTMxKSAiPjwvcGF0aD4KICAgICAgICAgICAgPC9nPgogICAgICAgICAgICA8ZyBpZD0iR3JvdXAtMiIgdHJhbnNmb3JtPSJ0cmFuc2xhdGUoNDguNzQwMDIxLCA0Ny44NjY2NDkpIHJvdGF0ZSg0MC4wMDAwMDApIHRyYW5zbGF0ZSgtNDguNzQwMDIxLCAtNDcuODY2NjQ5KSB0cmFuc2xhdGUoOC45NTgwNDQsIDE5LjEzNDI1NSkiPgogICAgICAgICAgICAgICAgPHBhdGggZD0iTTM5Ljc4MTk3NjcsNTYuNDUwNzA0MiBDNjEuNzUyOTU1OCw1Ni40NTA3MDQyIDc5LjU2Mzk1MzUsMzguNDQxMjAwNiA3OS41NjM5NTM1LDE2LjIyNTM1MjEgTDAsMTYuMjI1MzUyMSBDMCwzOC40NDEyMDA2IDE3LjgxMDk5NzcsNTYuNDUwNzA0MiAzOS43ODE5NzY3LDU2LjQ1MDcwNDIgWiIgaWQ9Ik92YWwiIHN0cm9rZT0iIzgzODM4MyIgc3Ryb2tlLXdpZHRoPSIxLjM0NzgzOTkzIiBmaWxsPSIjODM4MzgzIiBmaWxsLXJ1bGU9Im5vbnplcm8iIHN0cm9rZS1saW5lY2FwPSJyb3VuZCIgc3Ryb2tlLWxpbmVqb2luPSJyb3VuZCI+PC9wYXRoPgogICAgICAgICAgICAgICAgPHBhdGggZD0iTTM5Ljc4MTk3NjcsNTEuNzE4MzA5OSBDNTkuNTM3Mzk0OSw1MS43MTgzMDk5IDc1LjU1MjMyNTYsMzUuNTI0ODkwNyA3NS41NTIzMjU2LDE1LjU0OTI5NTggTDQuMDExNjI3OTEsMTUuNTQ5Mjk1OCBDNC4wMTE2Mjc5MSwzNS41MjQ4OTA3IDIwLjAyNjU1ODYsNTEuNzE4MzA5OSAzOS43ODE5NzY3LDUxLjcxODMwOTkgWiIgaWQ9Ik92YWwtQ29weSIgZmlsbD0iI0M2QzZDNiIgZmlsbC1ydWxlPSJub256ZXJvIj48L3BhdGg+CiAgICAgICAgICAgICAgICA8cGF0aCBkPSJNMzkuNzgxOTc2Nyw1MC4zNjYxOTcyIEM1OC43OTg4NzQ2LDUwLjM2NjE5NzIgNzQuMjE1MTE2MywzNC43NzgxMzk1IDc0LjIxNTExNjMsMTUuNTQ5Mjk1OCBMNS4zNDg4MzcyMSwxNS41NDkyOTU4IEM1LjM0ODgzNzIxLDM0Ljc3ODEzOTUgMjAuNzY1MDc4OSw1MC4zNjYxOTcyIDM5Ljc4MTk3NjcsNTAuMzY2MTk3MiBaIiBpZD0iT3ZhbC1Db3B5LTIiIGZpbGw9IiNCMUIxQjEiIGZpbGwtcnVsZT0ibm9uemVybyI+PC9wYXRoPgogICAgICAgICAgICAgICAgPGcgaWQ9Ikdyb3VwIiB0cmFuc2Zvcm09InRyYW5zbGF0ZSgzOS40NDc2NzQsIDI4LjczMjM5NCkgcm90YXRlKC00MC4wMDAwMDApIHRyYW5zbGF0ZSgtMzkuNDQ3Njc0LCAtMjguNzMyMzk0KSB0cmFuc2xhdGUoMTguNzIwOTMwLCA5LjQ2NDc4OSkiPgogICAgICAgICAgICAgICAgICAgIDxwYXRoIGQ9Ik0xNy4yNTEzMTMzLDIzLjA0MDQ5OTIgQzE3LjIyNjg4NTQsMjQuODgyNzc4OCAxNi4zNjQ1MDQ4LDI1Ljg0NDY3NjkgMTUuMTE3OTM5MiwyNi40MzUzMDMxIEMxNC42NTA4NDcyLDI2LjY1NjEzOTUgMTQuMTExMjExNiwyNi4xODQwODMyIDE0LjIxOTI4NjgsMjUuNjQwODg0OSBDMTQuNTA1NzYsMjQuMTk5NTE5OCAxNS40MzE4MDEzLDIzLjM0OTUyMiAxNy4yNTEzMTMzLDIzLjA0MDQ5OTIiIGlkPSJGaWxsLTIwIiBmaWxsPSIjNTA1MDUwIj48L3BhdGg+CiAgICAgICAgICAgICAgICAgICAgPHBhdGggZD0iTTkuNDk3MjE2MjYsMjUuMjgyNTA3NSBDOS4xNTgxODU5NCwyNy4yODE4OTIxIDguNjk4NDk2MzcsMjguNTA5MDkwNCA3LjE2MTc1NjMzLDI4Ljg4ODUxNCBDNi45MTE1NTQ5MiwyOC45NTAwMjIxIDYuMjgyMzUwMTksMjguNTY2MTUyMSA2LjI5NzE1NSwyOC40NDIzOTQ4IEM2LjQ4ODg3NzM5LDI2Ljc5NTAxNDUgNy42MjU4ODczNSwyNi4wMjEzNDYgOS40OTcyMTYyNiwyNS4yODI1MDc1IiBpZD0iRmlsbC0yMiIgZmlsbD0iIzUxNTE1MSI+PC9wYXRoPgogICAgICAgICAgICAgICAgICAgIDxwYXRoIGQ9Ik00MC44NTU1MjE4LDIzLjkxOTQ3MjYgQzQwLjA5OTczNTksMjUuNzU4Nzg3OSAzOS45MDY1MzMsMjcuMjQ2ODM5OSAzOC4wNjcwMzQ1LDI3LjM3MDU5NzIgQzM3Ljg0OTQwMzcsMjcuMzg0Njc3NCAzNy4zNjg5ODczLDI2LjkwMTUwNTEgMzcuNDAzNzc4NywyNi43Mjk1Nzg4IEMzNy43MDU3OTY5LDI1LjI1NjM0OCAzOC44NDcyNDgzLDI0LjYzMzg1NjEgNDAuODU1NTIxOCwyMy45MTk0NzI2IiBpZD0iRmlsbC0yNCIgZmlsbD0iIzUxNTE1MSI+PC9wYXRoPgogICAgICAgICAgICAgICAgICAgIDxwYXRoIGQ9Ik0zMi43NDI4NTIxLDI2LjI5MzE2NzUgQzMyLjEwODQ2NTYsMjguNDkwNDE1NiAzMS45MDcxMjAxLDI5Ljg2NTgyNjIgMzAuMTk4NjQ0MiwzMC4xODg5MjkxIEMyOS45ODk4OTYzLDMwLjIyODIwNTQgMjkuNDU2OTIyOSwyOS43NzI0NTI0IDI5LjQ3MTcyNzcsMjkuNTc0NTg4OSBDMjkuNTkyMzg2OSwyNy45MDA1MzA0IDMwLjkwNzc5NSwyNy40NzU5MDIxIDMyLjc0Mjg1MjEsMjYuMjkzMTY3NSIgaWQ9IkZpbGwtMjYiIGZpbGw9IiM1MTUxNTEiPjwvcGF0aD4KICAgICAgICAgICAgICAgICAgICA8cGF0aCBkPSJNMTIuNTcxNjU4NiwwLjA1MTY1MjAwNDMgQzEyLjE5NjM1NjUsMS44NDc5ODU3IDExLjg0MTA0MDksMy4wMDAzMzY3MyAxMC41MzM3NzU1LDMuNDYyNzU5MjYgQzEwLjM1MDE5NTgsMy41Mjc5NzI3IDkuNzc3MjQ5MzgsMy4xNDYzMjU4OSA5Ljc2OTEwNjczLDIuOTU1ODczMDIgQzkuNzAyNDg1MDUsMS4zNDI1ODE1OCAxMC43ODEwMTYsMC43MDg5NzM3ODEgMTIuNTcxNjU4NiwwLjA1MTY1MjAwNDMiIGlkPSJGaWxsLTI4IiBmaWxsPSIjNEU0RTRFIj48L3BhdGg+CiAgICAgICAgICAgICAgICAgICAgPHBhdGggZD0iTTM0LjAzMDM1MywxNy45NjQ1MjI2IEMzMy4zOTc0NDcxLDE5LjkyMTY2NjcgMzIuNjQ5MDYzNSwyMS4wMjQzNjY2IDMxLjA3OTc1MjksMjEuNDUxOTU5MyBDMzEuMjU0NDQ5OCwxOS40Mjk2MDE3IDMxLjI1NDQ0OTgsMTkuNDI5NjAxNyAzNC4wMzAzNTMsMTcuOTY0NTIyNiIgaWQ9IkZpbGwtMzAiIGZpbGw9IiM0RTRFNEUiPjwvcGF0aD4KICAgICAgICAgICAgICAgICAgICA8cGF0aCBkPSJNNC40OTQ4MTY1NSwzLjIzMjI4OTA2IEM0LjQ0MDc3ODk3LDQuOTQxOTE4NTMgMy44MDE5NTExLDYuMTQzMTc5NjMgMS45MTU4MTczOCw2LjU1NzQzMzE1IEMxLjY0MjY2ODUsNC4zOTg3MjAyNiAzLjQxOTI0NjU3LDQuMDYwMDU1MDQgNC40OTQ4MTY1NSwzLjIzMjI4OTA2IiBpZD0iRmlsbC0zMiIgZmlsbD0iIzRCNEM0QiI+PC9wYXRoPgogICAgICAgICAgICAgICAgICAgIDxwYXRoIGQ9Ik0xNi4zNzU1MzQ0LDkuNjg4MDQ4NTQgQzE2LjkwNTU0NjgsNy41NzA4MzUxIDE3Ljg2MDQ1NzUsNi42Njg5NjI5NSAxOS43MDI5MTcsNi4xNTM5MjUwMyBDMTkuMjg4MzgyMiw3Ljk4Mjg2NTQ0IDE4LjYzOTE5MDksOS4xNjQxMTc4OCAxNi4zNzU1MzQ0LDkuNjg4MDQ4NTQiIGlkPSJGaWxsLTM0IiBmaWxsPSIjNEQ0RTRFIj48L3BhdGg+CiAgICAgICAgICAgICAgICAgICAgPHBhdGggZD0iTTExLjcwODkwNzksOC42OTI1ODAyOCBDMTEuMjU1ODgwNSwxMC42NDE1NzI3IDEwLjY0MTQ4MDYsMTEuNjY0MjM3OSA5LjQyNjAwNTA5LDEyLjE3NjMxMTYgQzkuMjY4MzMzNzgsMTIuMjQyMjY2MSA4LjY3MDk1OTQxLDExLjgxMzkzMjQgOC42NzAyMTkxNywxMS42MTMxMDQ3IEM4LjY2MzU1Nyw5LjkyNTcwNzA0IDkuOTYwNDU4OTksOS41MjcwMTU4MiAxMS43MDg5MDc5LDguNjkyNTgwMjgiIGlkPSJGaWxsLTM2IiBmaWxsPSIjNEQ0RDREIj48L3BhdGg+CiAgICAgICAgICAgICAgICAgICAgPHBhdGggZD0iTTE4LjYyMDgzMywxNS4xMDIzMTk4IEMxOC4xOTE0OTMzLDE2Ljc2MDgxNiAxNy44MDEzODYzLDE3Ljg4MzUyNDYgMTYuNDgzMDE3MywxOC4yNjI5NDgyIEMxNi4yOTk0Mzc2LDE4LjMxNTU2MzYgMTUuNzY2NDY0MiwxNy45MTAyMDI4IDE1Ljc2Mjc2MywxNy43MTAxMTYxIEMxNS43MzE2NzI5LDE2LjA3ODI5ODIgMTYuOTAzNDc0MSwxNS42MDMyNzc2IDE4LjYyMDgzMywxNS4xMDIzMTk4IiBpZD0iRmlsbC0zOCIgZmlsbD0iIzRCNEI0QiI+PC9wYXRoPgogICAgICAgICAgICAgICAgICAgIDxwYXRoIGQ9Ik0yMC43Njc0NTc0LDMyLjYxODIwMzcgQzIxLjM1MjI0NzcsMzAuNDc4NzU4NCAyMi4zNjkzMzg3LDI5LjY1Mzk1NjcgMjQuMTk0MDMyNCwyOC45MDAyOTY5IEMyMy42ODQ3NDY3LDMwLjg2NTU5MjYgMjMuMDg3MzcyMywzMi4wODM4OTgyIDIwLjc2NzQ1NzQsMzIuNjE4MjAzNyIgaWQ9IkZpbGwtNDAiIGZpbGw9IiM0QjRCNEIiPjwvcGF0aD4KICAgICAgICAgICAgICAgICAgICA8cGF0aCBkPSJNMTYuMzkyMTg5OCwzMS4zNzkyOTY2IEMxNS43NzI2MDgyLDMzLjEwNjcxMTYgMTUuNTU5NDE4OCwzNC40NDk1MTU1IDEzLjkyNzkyNzksMzQuNjQ1ODk2OSBDMTMuNzcyNDc3NCwzNC42NjQ0MjM0IDEzLjM2Mzg2NDQsMzQuMTMxNiAxMy4zOTY0MzUsMzMuOTAwMzg4NyBDMTMuNTg5NjM3OSwzMi41MTk3OTA3IDE0LjYyOTY3NjMsMzEuOTUyODc4NCAxNi4zOTIxODk4LDMxLjM3OTI5NjYiIGlkPSJGaWxsLTQyIiBmaWxsPSIjNEM0QzRDIj48L3BhdGg+CiAgICAgICAgICAgICAgICAgICAgPHBhdGggZD0iTTI2Ljc4OTUzODksMTEuODI1Nzg5NCBDMjYuNDU1NjkwMywxNC4xNDUzMTI3IDI1Ljg0Nzk1MjYsMTUuMjAxMzI1NyAyMy45MzA3Mjg3LDE1LjUwODg2NjMgQzIzLjk1MzY3NjIsMTMuNjQ2NTc4MSAyNS4xNjE3NDkzLDEzLjA2NjMyNjggMjYuNzg5NTM4OSwxMS44MjU3ODk0IiBpZD0iRmlsbC00NCIgZmlsbD0iIzQ4NDg0OCI+PC9wYXRoPgogICAgICAgICAgICAgICAgICAgIDxwYXRoIGQ9Ik0yNS43NTgzMDk0LDIxLjA2MzcxNyBDMjUuMTYzODk2LDIyLjU5Njk3MzggMjQuNzYxMjA0OSwyMy45MjU2OTc1IDIzLjEwODI0NzEsMjQuMDQzNTI2MyBDMjIuOTc3MjI0NSwyNC4wNTMxNjAxIDIyLjU5Njc0MDcsMjMuMzcyMTI0NCAyMi42ODU1Njk2LDIzLjIxODcyNDYgQzIzLjMyODgzODksMjIuMTE1MjgzNiAyNC4wNDUzOTIsMjEuMDM3MDM4OCAyNS43NTgzMDk0LDIxLjA2MzcxNyIgaWQ9IkZpbGwtNDYiIGZpbGw9IiM0QzRDNEMiPjwvcGF0aD4KICAgICAgICAgICAgICAgICAgICA8cGF0aCBkPSJNMjguMjg0NDU1NCwzOC4zNjQzMjI0IEMyOC4wMjkwNzIzLDM2LjI2ODU5OTggMjkuMTc1NzA1NCwzNS42MjA5MTE4IDMwLjk2NDEyNzMsMzQuODU5MTAwMyBDMzAuNzI2NTEsMzYuNzgzNjM3NyAyOS44OTY3LDM3LjY2ODQ2NTQgMjguMjg0NDU1NCwzOC4zNjQzMjI0IiBpZD0iRmlsbC00OCIgZmlsbD0iIzQ5NDk0OSI+PC9wYXRoPgogICAgICAgICAgICAgICAgICAgIDxwYXRoIGQ9Ik0wLjI3NjQwNTkzOSwxNC4yMzM0OTkgQzAuMjE0OTY1OTQ3LDEyLjE1ODUyNjEgMS40MDE1NzIwNSwxMS44MTE3MDkyIDIuNzI0MzgyNDgsMTAuOTM1MDMzMiBDMi43NjEzOTQ1MiwxMi45MTU4OTEyIDEuOTU2NzUyNywxMy42NTk5MTcyIDAuMjc2NDA1OTM5LDE0LjIzMzQ5OSIgaWQ9IkZpbGwtNTAiIGZpbGw9IiM0NjQ2NDYiPjwvcGF0aD4KICAgICAgICAgICAgICAgICAgICA8cGF0aCBkPSJNNi43Njk0Mjg2OCwyMC4wMjkxOTQ4IEM3Ljc0MDYyNDY5LDE4LjMyMzI3MDYgOC41NDE1NjUzLDE3LjU3NTUzOTMgMTAuMTc2NzU3NCwxNy4wMDQ5MjE4IEM5LjU2ODI3OTM4LDE4LjkzOTA5MyA5LjA4MTIwMDg5LDIwLjE2NTU1MDIgNi43Njk0Mjg2OCwyMC4wMjkxOTQ4IiBpZD0iRmlsbC01MiIgZmlsbD0iIzQ3NDc0NyI+PC9wYXRoPgogICAgICAgICAgICAgICAgICAgIDxwYXRoIGQ9Ik0zOS4wODE1MzQ2LDMyLjQ2NTkxNTUgQzM4Ljk0NDU5LDM0LjQ3MTIyODYgMzguMjA1MDg5NCwzNS4yMjU2Mjk1IDM2LjY3MzUzMSwzNS41NzAyMjMyIEMzNi4zMTE1NTMzLDMzLjc3ODMzNTkgMzcuNTMzNjkwOSwzMy4zNDExMDk0IDM5LjA4MTUzNDYsMzIuNDY1OTE1NSIgaWQ9IkZpbGwtNTQiIGZpbGw9IiM0NjQ2NDYiPjwvcGF0aD4KICAgICAgICAgICAgICAgIDwvZz4KICAgICAgICAgICAgPC9nPgogICAgICAgIDwvZz4KICAgIDwvZz4KPC9zdmc+Cg==",,,https://www.sainsburys.co.uk/gol-ui/product/sainsburys-little-ones-organic-peach-mango-yogurts-4x90g,4x90g,2024-08-20T18:51:30.462288-04:00
66-1423-DAI,Churn'd Bourbon Vanilla Blondie with White Choc Chips 250ml,Churn'd,"Dairy, eggs & chilled",,,250ML,£1.60,,,64p / 100ml,8187614.0,Madagascan Bourbon Vanilla Milkshake with a Hint of Caramel and White Chocolate Chips,,https://assets.sainsburys-groceries.co.uk/gol/8187614/1/640x640.jpg,"Nutrient	Per 100ml
Energy	483kJ / 115kcal
Fat	6.2g
Of Which Saturates	3.9g
Carbohydrate	11.9g
Of Which Sugars	10.4g
Protein	3.1g
Salt	0.1g","Whole Milk (83%), Brown Sugar, Cream (Milk) (5%), White Chocolate Chips (1.6%), (Sugar, Cocoa Butter, Whole Milk Powder, Skimmed Milk Powder, Milk Sugar, Whey Powder (Milk), Emulsifier:Soya Lecithin, Natural Vanilla Flavouring), Modified Starch, Natural Flavourings, Vanilla Extract, Stabiliser: Xanthan Gum",https://www.sainsburys.co.uk/gol-ui/product/churnd-bourbon-vanilla-blondie-with-white-choc-chips-250ml,,2024-08-20T18:51:47.877297-04:00
66-1424-DAI,Smug Dairy Sliced Blended Oat & Dairy Cheddar 150g,Smug,"Dairy, eggs & chilled",Dairy & eggs,Cheese,,£2.25,,£1.50,£15.00 / kg,8188549.0,Extra Mature Cheddar Combined with Dairy and Plant-Based Ingredients,,https://assets.sainsburys-groceries.co.uk/gol/8188549/1/640x640.jpg,"Nutrient	Per 100g	Per 50g (2 Slices)		Per 100g	Per 50g (2 Slices)
Energy kJ	1336	668
Energy kcal	321	161
Fat	23g	12g
(of which saturates)	12g	6g
Carbohydrate	9.0g	5g
(of which sugars)	6.0g	3g
Fibre	3.0g	2g
Protein	19g	10g
Salt	1.9g	0.93g
Vitamin D	7.5µg (150% RI)	3.75µg (75% RI)
Calcium	300mg (38% RI)	150mg (19% RI)","Extra Mature Cheddar (42%) (Milk), Oat Drink (17%) (Water, Gluten Free Oat Flour, Acacia Fibre, Natural Flavouring), Milk Protein, Water, Rapeseed Oil, Butter (Milk), Modified Starch Chicory Root Fibre, Salt, Acidity Regulator: Lactic Acid, Preservative: Potassium Sorbate, Vitamin D",https://www.sainsburys.co.uk/gol-ui/product/smug-dairy-sliced-blended-oat-dairy-cheddar-150g,,2024-08-20T18:51:55.131825-04:00
66-1425-DAI,Smug Dairy Grated Blended Oat & Dairy Cheddar 160g,Smug,"Dairy, eggs & chilled",Dairy & eggs,Cheese,,£2.25,,£1.50,£14.06 / kg,8188490.0,Extra Mature Cheddar Combined with Dairy and Plant-Based Ingredients,,https://assets.sainsburys-groceries.co.uk/gol/8188490/1/640x640.jpg,"Nutrient	Per 100g	Per 40g		Per 100g	Per 40g
Energy kJ	1336	534
Energy kcal	321	128
Fat	23g	9.2g
(of which saturates)	12g	4.8g
Carbohydrate	9.0g	3.6g
(of which sugars)	6.0g	2.4g
Fibre	3g	1.2g
Protein	19g	7.6g
Salt	1.9g	0.74g
Vitamin D	7.5µg (150% RI)	3.0µg (60% RI)
Calcium	300mg (38% RI)	120mg (15% RI)","Extra Mature Cheddar (42%) (Milk), Oat Drink (17%) (Water, Gluten Free Oat Flour, Acacia Fibre, Natural Flavouring), Water, Milk Protein, Rapeseed Oil, Butter (Milk), Modified Starch, Chicory Root Fibre, Salt, Preservative: Potassium Sorbate, Vitamin D, Anti-Caking Agent: Potato Starch",https://www.sainsburys.co.uk/gol-ui/product/smug-dairy-grated-blended-oat-dairy-cheddar-160g,,2024-08-20T18:52:02.201610-04:00
66-1426-DAI,Smug Dairy Blended Oat & Dairy Cheddar 320g,Smug,"Dairy, eggs & chilled",Dairy & eggs,Cheese,,£4.00,,£2.00,£12.50 / kg,8188568.0,Extra Mature Cheddar Combined with Dairy and Plant Based Ingredients,,https://assets.sainsburys-groceries.co.uk/gol/8188568/1/640x640.jpg,"Nutrient	Per 100g	Per 40g		Per 100g	Per 40g
Energy kJ	1336	534
Energy kcal	321	128
Fat	23g	9.2g
(of which saturates)	12g	4.8g
Carbohydrate	9.0g	3.6g
(of which sugars)	6.0g	2.4g
Fibre	3g	1.2g
Protein	19g	7.6g
Salt	1.9g	0.74g
Vitamin D	7.5µg (150% RI)	3µg (60% RI)
Calcium	300mg (38% RI)	120mg (15% RI)","Extra Mature Cheddar (42%) (Milk), Oat Drink (17%) (Water, Gluten Free Oat Flour, Acacia Fibre, Natural Flavouring), Water, Milk Protein, Rapeseed Oil, Butter (Milk), Modified Starch, Chicory Root Fibre, Salt, Preservative: Potassium Sorbate, Vitamin D",https://www.sainsburys.co.uk/gol-ui/product/smug-dairy-blended-oat-dairy-cheddar-320g,,2024-08-20T18:52:09.245559-04:00
66-1427-DAI,Cheesegeek Bloomy Soft 200g,Cheesegeek,"Dairy, eggs & chilled",Dairy & eggs,Cheese,,£4.00,,£5.50,£20.00 / kg,8198758.0,Cenarth Brie,,https://assets.sainsburys-groceries.co.uk/gol/8198758/1/640x640.jpg,"Nutrient	Per 100g
Energy (kJ/kcal)	1310kJ/ 313kcal
Fat	26.2g
of which Saturates	17.2g
Carbohydrate	1.8g
of which Sugars	0.01g
Fibre	2.1g
Protein	12.9g
Salt	2.6g","Cows Milk, Sea Salt, Vegetarian Rennet, Cultures, Penicillium Candidum",https://www.sainsburys.co.uk/gol-ui/product/cheesegeek-bloomy-soft-200g,,2024-08-20T18:52:16.266555-04:00
66-1428-DAI,Cheesegeek Session Blue 150g,Cheesegeek,"Dairy, eggs & chilled",Dairy & eggs,Cheese,,£5.00,,£3.75,£34.48 / kg,8198739.0,"By Hand, from Cornwall",,https://assets.sainsburys-groceries.co.uk/gol/8198739/1/640x640.jpg,"Nutrient	Per 100g
Energy (kJ / Kcal)	1787kJ / 431kcal
Fat	36.8g
of which Saturates	24.47g
of which Monounsaturates	8.38g
of which Polyunsaturates	1.03g
Carbohydrates	1.13g
of which Sugars	<0.1g
Fibre	1.5g
Protein	23.2g
Salt	1.01g","Cows' Milk, Cultures, Animal Rennet, Salt",https://www.sainsburys.co.uk/gol-ui/product/cheesegeek-session-blue-150g,,2024-08-20T18:52:23.359748-04:00
66-1429-DAI,Cheesegeek Alpine Style 145g,Cheesegeek,"Dairy, eggs & chilled",Dairy & eggs,Cheese,,£5.50,,,£37.93 / kg,8198735.0,Ashcombe,,https://assets.sainsburys-groceries.co.uk/gol/8198735/1/640x640.jpg,"Nutrient	(100g):
Energy (kJ/100g):	1452
Energy (kcal/100g):	351
Fat (g/100g):	29.6
(of which saturates):	21.4
Total carbohydrate (g/100g):	<0.1
(of which sugars):	<0.1
Protein (g/100g):	21
Salt (g/100g):	2.15","Cows' Milk, Sea Salt, Cultures, Animal Rennet, Calcium Chloride, Lysozyme (Egg), Vegetable Carbon (Wood Ash)",https://www.sainsburys.co.uk/gol-ui/product/cheesegeek-alpine-style-145g,,2024-08-20T18:52:35.605063-04:00
66-1430-DAI,Cheesegeek Gouda 145g,Cheesegeek,"Dairy, eggs & chilled",Dairy & eggs,Cheese,,£5.00,,,£34.48 / kg,8198733.0,Gouda by hand from Somerset,,https://assets.sainsburys-groceries.co.uk/gol/8198733/1/640x640.jpg,"Nutrient	(/100g):
Energy (kJ/100g):	1920
Energy (kcal/100g):	465
Fat (g/100g):	40.3
(of which saturates):	30.7
Total carbohydrate (g/100g):	3.4
(of which sugars):	<0.1
Protein (g/100g):	24.6
Salt (g/100g):	1.88","Cows' Milk, Sea Salt, Vegetarian Rennet, Mould Culture, Starter Culture",https://www.sainsburys.co.uk/gol-ui/product/cheesegeek-gouda-145g,,2024-08-20T18:52:47.809118-04:00
66-1431-DAI,Cheesegeek Red Leicester 145g,Cheesegeek,"Dairy, eggs & chilled",Dairy & eggs,Cheese,,£4.00,,,£27.59 / kg,8198058.0,Devonshire Red,,https://assets.sainsburys-groceries.co.uk/gol/8198058/1/640x640.jpg,"Nutrient	(100g):
Energy (kJ/100g):	1577
Energy (kcal/100g):	380
Fat (g/100g):	32.2
(of which saturates):	20.3
Total carbohydrate (g/100g):	0.1
(of which sugars):	0.1
Protein (g/100g):	23.9
Salt (g/100g):	1.8","Cows' Whole Milk, Starter Culture, Salt, Rennet, Colour: Annatto Norbixin E160B (II)",https://www.sainsburys.co.uk/gol-ui/product/cheesegeek-red-leicester-145g,,2024-08-20T18:53:00.107106-04:00
66-1432-DAI,Cheesegeek Experience British Cheeses x3 480g,Cheesegeek,"Dairy, eggs & chilled",Dairy & eggs,Cheese,,£12.50,,£9.50,£26.04 / kg,8198056.0,Up to 6 People,,https://assets.sainsburys-groceries.co.uk/gol/8198056/1/640x640.jpg,"Nutrient	(Per 100g)		(Per 100g)		(Per 100g)
Energy kJ	1753kJ
kcal	423kcal
Fat	37.2g
of which Saturates	23.5g
Carbohydrate	0.1g
of which Sugars	0.1g
Fibre	0.0g
Protein	26.6g
Salt	1.8g
Energy kJ	1399kJ
kcal	338kcal
Fat	30.2g
of which Saturates	21.2g
Carbohydrate	≤1.0g
of which Sugars	≤1.0g
Fibre	0.0g
Protein	16.6g
Salt	1.5g
Energy kJ	1787kJ
kcal	431kcal
Fat	36.8g
of which Saturates	24.47g
Carbohydrate	1.13g
of which Sugars	0.1g
Fibre	1.5g
Protein	23.2g
Salt	1.0g","Whole Cows' Milk, Starter Cultures, Salt, Animal Rennet",https://www.sainsburys.co.uk/gol-ui/product/cheesegeek-experience-british-cheeses-x3-480g,,2024-08-20T18:53:07.571437-04:00
66-1433-DAI,Churn'd Malted Chocolate with Chocolate Chips 250ml,Churn'd,"Dairy, eggs & chilled",,,250ML,£1.60,,,64p / 100ml,8187618.0,Chocolate Milkshake with Natural Malted Flavour and Chocolate Chips,,https://assets.sainsburys-groceries.co.uk/gol/8187618/1/640x640.jpg,"Nutrient	Per 100ml
Energy	509kJ/ 122kcal
Fat	7.1g
Of which Saturates	4.4g
Carbohydrate	10.7g
Of which Sugars	9.5g
Protein	3.5g
Salt	0.09g","Whole Milk (82%), Cream (Milk) (5%), Sugar, Chocolate Chips (1.6%), (Sugar, Cocoa Mass, Cocoa Butter, Emulsifier:Soya Lecithin), Cocoa Powder, Cocoa Mass, Natural Flavourings, Modified Starch, Vanilla Extract, Stabiliser: Xanthan Gum",https://www.sainsburys.co.uk/gol-ui/product/churnd-malted-chocolate-with-chocolate-chips-250ml,,2024-08-20T18:53:25.476748-04:00
66-1434-DAI,Cheesegeek Mature Cheddar 145g,Cheesegeek,"Dairy, eggs & chilled",Dairy & eggs,Cheese,,£4.50,,,£31.03 / kg,8198287.0,Quicke's Mature Cheddar,,https://assets.sainsburys-groceries.co.uk/gol/8198287/1/640x640.jpg,"Nutrient	(100g):
Energy (kJ/100g):	1753
Energy (kcal/100g):	423
Fat (g/100g):	37.2
(of which saturates):	23.5
Total carbohydrate (g/100g):	0.1
(of which sugars):	0.1
Protein (g/100g):	26.6
Salt (g/100g):	1.8","Cows' Whole Milk, Starter Cultures, Salt, Rennet",https://www.sainsburys.co.uk/gol-ui/product/cheesegeek-mature-cheddar-145g,,2024-08-20T18:53:38.509297-04:00
66-1435-DAI,Sainsbury's Egg Custard Tarts 2x81g,Sainsbury's,"Dairy, eggs & chilled",Cakes & tarts,All cakes & tarts,,£1.00,2 for £1.00,,62p / 100g,1299106.0,"Shortcrust pastry tarts filled with egg custard, topped with nutmeg",,https://assets.sainsburys-groceries.co.uk/gol/1299106/1/640x640.jpg,,,https://www.sainsburys.co.uk/gol-ui/product/sainsburys-free-range-egg-custard-tarts-2x85g,2x81g,2024-08-20T18:53:59.125478-04:00
66-1436-DAI,Sainsbury's Belgian Chocolate Eclairs 2x55g,Sainsbury's,"Dairy, eggs & chilled",Cakes & tarts,All cakes & tarts,,£2.00,2 for £2.00,,£1.82 / 100g,1224993.0,2 Choux pastry éclairs filled with sweetened cream and topped with Belgian chocolate fondant,,https://assets.sainsburys-groceries.co.uk/gol/1224993/1/640x640.jpg,,,https://www.sainsburys.co.uk/gol-ui/product/sainsburys-belgian-chocolate-eclairs-2x55g,2x55g,2024-08-20T18:54:20.088287-04:00
66-1437-DAI,Sainsbury's Strawberry Jam & Cream Doughnuts 2x63g,Sainsbury's,"Dairy, eggs & chilled",Desserts,All desserts & cream,,£2.00,2 for £2.00,,£1.59 / 100g,7939519.0,Doughnuts filled with sweetened cream and strawberry jam,,https://assets.sainsburys-groceries.co.uk/gol/7939519/1/640x640.jpg,,,https://www.sainsburys.co.uk/gol-ui/product/sainsburys-strawberry-jam-cream-doughnuts-2x63g,2x63g,2024-08-20T18:54:40.603620-04:00
66-1438-DAI,Sainsbury's Raspberry Trifle 4x125g,Sainsbury's,"Dairy, eggs & chilled",Desserts,All desserts & cream,,£3.00,4 for £3.00,,60p / 100g,7260548.0,"4 Pots with raspberries in a raspberry flavoured jelly topped with sponge, custard and decorated with sweetened cream",,https://assets.sainsburys-groceries.co.uk/gol/7260548/1/640x640.jpg,,,https://www.sainsburys.co.uk/gol-ui/product/sainsburys-raspberry-trifle-4x125g,4x125g,2024-08-20T18:55:01.066112-04:00
66-1439-DAI,Sainsbury's Sweet Pancakes x6 375g,Sainsbury's,"Dairy, eggs & chilled",Croissants & breakfast bakery,All breakfast bakery,,£2.40,,,64p / 100g,7596590.0,6 Sweet Pancakes,,https://assets.sainsburys-groceries.co.uk/gol/7596590/1/640x640.jpg,,,https://www.sainsburys.co.uk/gol-ui/product/sainsburys-sweet-pancakes-375g,,2024-08-20T18:55:21.586470-04:00
66-1440-DAI,Crème Caramel Milk Desserts with Caramel Sauce 4x100g,Crème,"Dairy, eggs & chilled",Desserts,All desserts & cream,,£1.15,4 for £1.15,,29p / 100g,8123706.0,4 Milk desserts with caramel sauce,,https://assets.sainsburys-groceries.co.uk/gol/8123706/1/640x640.jpg,"Nutrient	per 100 g
Energy	467 kJ / 110 kcal
Fat	1,6 g
of which saturates	1,0 g
Carbohydrates	21,8 g
of which sugars	20,6 g
Fibre	<0,5 g
Protein	2,2 g
Salt	0,20 g","Skimmed Cows'Milk, Sugar, Caramel (6.7%) (Sugar, Water), Cream (Cows'Milk) (3.5%), Maize Starch, Natural Vanilla Flavouring, Gelling Agent: Carrageenan, Salt, Acidity Regulator: Sodium Citrate, Lactose (Cows'Milk) and Milk Proteins (Cows'Milk), Colour: Beta-Carotene",https://www.sainsburys.co.uk/gol-ui/product/cr%C3%A8me-caramel-milk-desserts-with-caramel-sauce-4x100g,4x100g,2024-08-20T18:55:34.114445-04:00
66-1441-DAI,Sainsbury's Tiramisù Desserts x2 85g,Sainsbury's,"Dairy, eggs & chilled",Desserts,All desserts & cream,,£2.00,,,£1.18 / 100g,8083837.0,"Sponge biscuit soaked with coffee sauce, topped with a mascarpone and Marsala wine cream and decorated with cocoa dusting",,https://assets.sainsburys-groceries.co.uk/gol/8083837/1/640x640.jpg,,,https://www.sainsburys.co.uk/gol-ui/product/sainsburys-tiramis%C3%B9-desserts-x2-85g,,2024-08-20T18:55:54.882951-04:00
66-1442-DAI,Sainsbury's Belgian Chocolate Choux Buns 2x68g,Sainsbury's,"Dairy, eggs & chilled",Desserts,All desserts & cream,,£2.00,2 for £2.00,,£1.47 / 100g,7939619.0,"2 Choux pastry buns filled with sweetened cream, topped with Belgian chocolate fondant",,https://assets.sainsburys-groceries.co.uk/gol/7939619/1/640x640.jpg,,,https://www.sainsburys.co.uk/gol-ui/product/sainsburys-belgian-chocolate-choux-buns-2x68g,2x68g,2024-08-20T18:56:15.486368-04:00
66-1443-DAI,Sainsbury's Strawberry Trifle Dessert 600g,Sainsbury's,"Dairy, eggs & chilled",Desserts,All desserts & cream,,£3.30,,,55p / 100g,6300557.0,"Strawberries in a strawberry flavoured jelly, topped with sponge, custard and decorated with sweetened cream",,https://assets.sainsburys-groceries.co.uk/gol/6300557/1/640x640.jpg,,,https://www.sainsburys.co.uk/gol-ui/product/sainsburys-strawberry-trifle-600g,,2024-08-20T18:56:36.365180-04:00
66-1444-DAI,Sainsbury's Raspberry Trifle Dessert 600g,Sainsbury's,"Dairy, eggs & chilled",Desserts,All desserts & cream,,£3.30,,£2.70,55p / 100g,6300574.0,"Raspberries in a raspberry flavoured jelly, topped with sponge, custard and decorated with sweetened cream",,https://assets.sainsburys-groceries.co.uk/gol/6300574/1/640x640.jpg,,,https://www.sainsburys.co.uk/gol-ui/product/sainsburys-raspberry-trifle-600g,,2024-08-20T18:56:51.707118-04:00
66-1445-DAI,Sainsbury's Apple Turnovers 2x77g,Sainsbury's,"Dairy, eggs & chilled",Cakes & tarts,All cakes & tarts,,£2.00,2 for £2.00,,£1.35 / 100g,7623625.0,Butter enriched puff pastry triangles filled with a Bramley apple filling and sweetened cream,,https://assets.sainsburys-groceries.co.uk/gol/7623625/1/640x640.jpg,,,https://www.sainsburys.co.uk/gol-ui/product/sainsburys-apple-turnovers-2x77g,2x77g,2024-08-20T18:57:12.351197-04:00
66-1446-DAI,"Sainsbury's Lime Cheesecake Slices, Taste the Difference 2x95g",Sainsbury's,"Dairy, eggs & chilled",Desserts,All desserts & cream,,£3.50,2 for £3.50,,£1.84 / 100g,8182802.0,Baked lime cheesecake with a lime glaze on a butter enriched digestive biscuit base,,https://assets.sainsburys-groceries.co.uk/gol/8182802/1/640x640.jpg,,,https://www.sainsburys.co.uk/gol-ui/product/sainsburys-lime-cheesecake-slices-taste-the-difference-2x95g,2x95g,2024-08-20T18:57:33.995821-04:00
66-1447-DAI,Sainsbury's Lemon Cheesecake 3x100g,Sainsbury's,"Dairy, eggs & chilled",Desserts,All desserts & cream,,£2.50,3 for £2.50,,83p / 100g,7565496.0,Digestive biscuit crumb topped with cheesecake filling and lemon compote,,https://assets.sainsburys-groceries.co.uk/gol/7565496/1/640x640.jpg,,,https://www.sainsburys.co.uk/gol-ui/product/sainsburys-lemon-cheesecakes-3x100g,3x100g,2024-08-20T18:57:54.796991-04:00
66-1448-DAI,Sainsbury's Caramel Panna Cotta 2x120g,Sainsbury's,"Dairy, eggs & chilled",Desserts,All desserts & cream,,£2.00,2 for £2.00,,83p / 100g,1240849.0,Panna cotta dessert with a caramel sauce,,https://assets.sainsburys-groceries.co.uk/gol/1240849/1/640x640.jpg,,,https://www.sainsburys.co.uk/gol-ui/product/sainsburys-caramel-panna-cotta-2x120g,2x120g,2024-08-20T18:58:15.788192-04:00
66-1449-DAI,Sainsbury's Fresh Custard Slices x2 180g,Sainsbury's,"Dairy, eggs & chilled",Cakes & tarts,All cakes & tarts,,£1.80,,,£1.00 / 100g,1224931.0,"Butter enriched puff pastry slices layered with custard, topped with fondant icing and white chocolate flavoured decoration",,https://assets.sainsburys-groceries.co.uk/gol/1224931/1/640x640.jpg,,,https://www.sainsburys.co.uk/gol-ui/product/sainsburys-fresh-custard-slices-x2-180g,,2024-08-20T18:58:36.728298-04:00
66-1450-DAI,Sainsbury's Buttermilk Pancakes x6 240g,Sainsbury's,"Dairy, eggs & chilled",Croissants & breakfast bakery,All breakfast bakery,,£2.40,,,£1.00 / 100g,7877537.0,6 Pancakes,,https://assets.sainsburys-groceries.co.uk/gol/7877537/1/640x640.jpg,,,https://www.sainsburys.co.uk/gol-ui/product/sainsburys-buttermilk-pancakes-240g,,2024-08-20T18:58:57.902936-04:00
66-1451-DAI,"Sainsbury's Peach & Raspberry Trifle, Summer Edition 600g",Sainsbury's,"Dairy, eggs & chilled",,,,£3.30,,,55p / 100g,8013825.0,"Diced peaches and raspberries in a peach flavoured jelly, topped with sponge, custard and decorated with sweetened cream",,https://assets.sainsburys-groceries.co.uk/gol/8013825/1/640x640.jpg,,,https://www.sainsburys.co.uk/gol-ui/product/sainsburys-peach-raspberry-trifle-summer-edition-600g,,2024-08-20T18:59:24.026150-04:00
66-1452-DAI,"Sainsbury's Strawberries & Cream Meringue Kisses, Taste the Difference 2x44g",Sainsbury's,"Dairy, eggs & chilled",Desserts,All desserts & cream,,£3.50,2 for £3.50,,£3.98 / 100g,8182804.0,"Pink meringues with chocolate flavoured coating, filled with strawberry crème pâtissière.",,https://assets.sainsburys-groceries.co.uk/gol/8182804/1/640x640.jpg,,,https://www.sainsburys.co.uk/gol-ui/product/sainsburys-strawberries-cream-meringue-kisses-taste-the-difference-2x44g,2x44g,2024-08-20T18:59:44.922657-04:00
66-1453-DAI,"Sainsbury's Sticky Toffee Pudding, Taste the Difference",Sainsbury's,"Dairy, eggs & chilled",Desserts,All desserts & cream,,£3.50,,,£1.75 / 100g,8161426.0,All butter date sponge topped with vanilla toffee sauce,,https://assets.sainsburys-groceries.co.uk/gol/8161426/1/640x640.jpg,,,https://www.sainsburys.co.uk/gol-ui/product/sainsburys-sticky-toffee-pudding-taste-the-difference,,2024-08-20T19:00:06.045294-04:00
66-1454-DAI,Sainsbury's Tiramisu Italian Dessert 500g,Sainsbury's,"Dairy, eggs & chilled",Desserts,All desserts & cream,,£3.30,,£3.00,66p / 100g,1024463.0,"Sponge biscuit soaked with coffee sauce, topped with a mascarpone and Marsala wine cream and decorated with cocoa dusting",,https://assets.sainsburys-groceries.co.uk/gol/1024463/1/640x640.jpg,,,https://www.sainsburys.co.uk/gol-ui/product/sainsburys-tiramisu-italian-dessert-500g,,2024-08-20T19:00:21.772533-04:00
66-1455-DAI,Sainsbury's Strawberry Jam & Cream Victoria Sponge 340g,Sainsbury's,"Dairy, eggs & chilled",Cakes & tarts,All cakes & tarts,,£3.20,,,94p / 100g,6408655.0,Butter enriched sponge cake filled with sweetened cream and strawberry jam,,https://assets.sainsburys-groceries.co.uk/gol/6408655/1/640x640.jpg,,,https://www.sainsburys.co.uk/gol-ui/product/sainsburys-victoria-sponge-with-strawberry-conserve---cream-330g,,2024-08-20T19:00:42.195638-04:00
66-1456-DAI,Sainsbury's Cream Slices 2x58g,Sainsbury's,"Dairy, eggs & chilled",Desserts,All desserts & cream,,£1.80,2 for £1.80,,£1.55 / 100g,7939585.0,"Butter enriched puff pastry slices layered with sweetened cream and strawberry jam, topped with fondant icing and chocolate flavoured decoration",,https://assets.sainsburys-groceries.co.uk/gol/7939585/1/640x640.jpg,,,https://www.sainsburys.co.uk/gol-ui/product/sainsburys-cream-slices-2x58g,2x58g,2024-08-20T19:01:03.938057-04:00
66-1457-DAI,Sainsbury's Strawberry Jam & Cream Horns 98g,Sainsbury's,"Dairy, eggs & chilled",Cakes & tarts,All cakes & tarts,,£2.00,,,£2.04 / 100g,7623571.0,Puff pastry horns filled with sweetened cream and strawberry jam,,https://assets.sainsburys-groceries.co.uk/gol/7623571/1/640x640.jpg,,,https://www.sainsburys.co.uk/gol-ui/product/sainsburys-cream-horns-2x50g,,2024-08-20T19:01:24.828899-04:00
66-1458-DAI,Sainsbury's Strawberry Cheesecake 3x100g,Sainsbury's,"Dairy, eggs & chilled",Desserts,All desserts & cream,,£2.50,3 for £2.50,,83p / 100g,7565477.0,Digestive biscuit crumb topped with cheesecake filling and strawberry compote,,https://assets.sainsburys-groceries.co.uk/gol/7565477/1/640x640.jpg,,,https://www.sainsburys.co.uk/gol-ui/product/sainsburys-strawberry-cheesecakes-3x100g,3x100g,2024-08-20T19:01:45.710210-04:00
66-1459-DAI,"Sainsbury's Amaretto Tiramisu, Limited Edition, Taste the Difference2x95g",Sainsbury's,"Dairy, eggs & chilled",Desserts,All desserts & cream,,£3.50,2 for £3.50,,£1.84 / 100g,8161451.0,"Sponge biscuit soaked with coffee and amaretto liqueur, topped with a mascarpone and Marsala wine cream and decorated with chocolate shavigs",,https://assets.sainsburys-groceries.co.uk/gol/8161451/1/640x640.jpg,,,https://www.sainsburys.co.uk/gol-ui/product/sainsburys-amaretto-tiramisu-limited-edition-taste-the-difference2x95g,2x95g,2024-08-20T19:02:06.720303-04:00
66-1460-DAI,Stamford Street Co. Jelly & Custard Pots 3x125g,Stamford,"Dairy, eggs & chilled",Desserts,All desserts & cream,,£1.35,3 for £1.35,,36p / 100g,8083466.0,Strawberry flavour jelly topped with a vanilla flavour custard,,https://assets.sainsburys-groceries.co.uk/gol/8083466/1/640x640.jpg,,,https://www.sainsburys.co.uk/gol-ui/product/lovetts-jelly-custard-pots-x3-375g,3x125g,2024-08-20T19:02:28.295895-04:00
66-1461-DAI,Sainsbury's Triple Chocolate Sundae 125,Sainsbury's,"Dairy, eggs & chilled",Desserts,All desserts & cream,,£1.30,,,£1.04 / 100g,7333722.0,"Layers of vanilla flavour mousse, chocolate sauce, chocolate flavoured sponge, chocolate mousse, cream mousse and chocolate curls",,https://assets.sainsburys-groceries.co.uk/gol/7333722/1/640x640.jpg,,,https://www.sainsburys.co.uk/gol-ui/product/sainsburys-triple-chocolate-sundae-140g,,2024-08-20T19:02:48.930543-04:00
66-1462-DAI,"Sainsbury's Chocolate Hazelnut Pots, Taste the Difference 2x95g",Sainsbury's,"Dairy, eggs & chilled",Desserts,All desserts & cream,,£3.50,2 for £3.50,,£1.84 / 100g,8183121.0,Sponge cake soaked in coffee sauce topped with chocolate and hazelnut cream and decorated with chocolate and hazelnut sprinkle,,https://assets.sainsburys-groceries.co.uk/gol/8183121/1/640x640.jpg,,,https://www.sainsburys.co.uk/gol-ui/product/sainsburys-chocolate-hazelnut-pots-taste-the-difference-2x95g,2x95g,2024-08-20T19:03:09.880826-04:00
66-1463-DAI,Sainsbury's Chocolate Sponge Pudding 2x110g,Sainsbury's,"Dairy, eggs & chilled",Desserts,All desserts & cream,,£2.75,2 for £2.75,,£1.25 / 100g,1123142.0,Butter enriched chocolate sponge puddings with a Belgian dark and milk chocolate sauce,,https://assets.sainsburys-groceries.co.uk/gol/1123142/1/640x640.jpg,,,https://www.sainsburys.co.uk/gol-ui/product/sainsburys-chocolate-sponge-puddings-2x110g,2x110g,2024-08-20T19:03:30.522106-04:00
66-1464-DAI,Sainsbury's Chocolate Trifle 500g,Sainsbury's,"Dairy, eggs & chilled",Desserts,All desserts & cream,,£3.30,,,66p / 100g,7081213.0,Belgian chocolate custard topped with chocolate flavoured sponge and Belgian chocolate mousse decorated with sweetened cream,,https://assets.sainsburys-groceries.co.uk/gol/7081213/1/640x640.jpg,,,https://www.sainsburys.co.uk/gol-ui/product/sainsburys-large-chocolate-trifle-500g,,2024-08-20T19:03:53.003315-04:00
66-1465-DAI,Sainsbury's Raspberry Trifle 135g,Sainsbury's,"Dairy, eggs & chilled",Desserts,All desserts & cream,,£1.80,,,£1.33 / 100g,7565391.0,"Raspberries in a raspberry flavoured jelly, topped with sponge, custard and decorated with sweetened cream.",,https://assets.sainsburys-groceries.co.uk/gol/7565391/1/640x640.jpg,,,https://www.sainsburys.co.uk/gol-ui/product/sainsburys-raspberry-trifle-135g,,2024-08-20T19:04:13.991098-04:00
66-1466-DAI,Sainsbury's Blackcurrant Cheesecakes 3x100g,Sainsbury's,"Dairy, eggs & chilled",Desserts,All desserts & cream,,£2.50,3 for £2.50,,83p / 100g,8061634.0,Digestive biscuit crumb topped with cheesecake filling and blackcurrant compote,,https://assets.sainsburys-groceries.co.uk/gol/8061634/1/640x640.jpg,,,https://www.sainsburys.co.uk/gol-ui/product/sainsburys-blackcurrant-cheesecakes-3x100g,3x100g,2024-08-20T19:04:35.287611-04:00
66-1467-DAI,Sainsbury's Bramley Apple Pie 550g,Sainsbury's,"Dairy, eggs & chilled",Desserts,All desserts & cream,,£3.65,,,66p / 100g,7466446.0,"Butter enriched shortcrust pastry pie filled with Bramley apples, glazed with milk and topped with demerara sugar.",,https://assets.sainsburys-groceries.co.uk/gol/7466446/1/640x640.jpg,,,https://www.sainsburys.co.uk/gol-ui/product/sainsburys-apple-pie-550g,,2024-08-20T19:04:55.919230-04:00
66-1468-DAI,Stamford Street Co. Profiterole Desserts 2x80g,Stamford,"Dairy, eggs & chilled",Desserts,All desserts & cream,,£1.35,2 for £1.35,,84p / 100g,8035227.0,"Dessert with choux buns filled with custard cream, covered with chocolate sauce",,https://assets.sainsburys-groceries.co.uk/gol/8035227/1/640x640.jpg,,,https://www.sainsburys.co.uk/gol-ui/product/lovetts-profiteroles-2x80g,2x80g,2024-08-20T19:05:16.930737-04:00
66-1469-DAI,Sainsbury's Cherry Pie Dessert 550g,Sainsbury's,"Dairy, eggs & chilled",Desserts,All desserts & cream,,£3.65,,,66p / 100g,7466455.0,"Butter enriched shortcrust pastry pie filled with Morello cherries, glazed with milk and topped with demerara sugar",,https://assets.sainsburys-groceries.co.uk/gol/7466455/1/640x640.jpg,,,https://www.sainsburys.co.uk/gol-ui/product/sainsburys-cherry-pie-550g,,2024-08-20T19:05:37.866882-04:00
66-1470-DAI,Sainsbury's Limoncello Desserts x2 85g,Sainsbury's,"Dairy, eggs & chilled",Desserts,All desserts & cream,,£2.00,,,£1.18 / 100g,8083860.0,"Lemon coulis, sponge biscuit soaked with a limoncello flavoured sauce and lemon mousse",,https://assets.sainsburys-groceries.co.uk/gol/8083860/1/640x640.jpg,,,https://www.sainsburys.co.uk/gol-ui/product/sainsburys-limoncello-desserts-x2-85g,,2024-08-20T19:05:58.850387-04:00
66-1471-DAI,Sainsbury's Rhubarb Crumble 2x120g,Sainsbury's,"Dairy, eggs & chilled",Desserts,All desserts & cream,,£2.35,2 for £2.35,,98p / 100g,7260566.0,Rhubarb compote topped with a butter-enriched oat and honey crumble,,https://assets.sainsburys-groceries.co.uk/gol/7260566/1/640x640.jpg,,,https://www.sainsburys.co.uk/gol-ui/product/sainsburys-rhubarb-crumbles-2x120g,2x120g,2024-08-20T19:06:19.548132-04:00
66-1472-DAI,"Sainsbury's Sicilian Lemon Tart, Taste the Difference 460g",Sainsbury's,"Dairy, eggs & chilled",Desserts,Desserts to share,,£5.00,,,£1.09 / 100g,7565369.0,"All butter shortcrust pastry with a lemon filling, decorated with sweet dusting",,https://assets.sainsburys-groceries.co.uk/gol/7565369/1/640x640.jpg,,,https://www.sainsburys.co.uk/gol-ui/product/sainsburys-tarte-au-citron--taste-the-difference-500g,,2024-08-20T19:06:40.559087-04:00
66-1473-DAI,Sainsbury's Syrup Sponge Puddings 2x110g,Sainsbury's,"Dairy, eggs & chilled",Desserts,All desserts & cream,,£2.75,2 for £2.75,,£1.25 / 100g,1123159.0,Butter enriched sponge topped with a golden syrup sauce,,https://assets.sainsburys-groceries.co.uk/gol/1123159/1/640x640.jpg,,,https://www.sainsburys.co.uk/gol-ui/product/sainsburys-syrup-sponge-puddings-2x110g,2x110g,2024-08-20T19:07:01.516998-04:00
66-1474-DAI,Sainsbury's Raspberry Turnovers 2x65g,Sainsbury's,"Dairy, eggs & chilled",Cakes & tarts,Cream cakes,,£2.00,2 for £2.00,,£1.54 / 100g,7988082.0,Butter enriched puff pastry triangles filled with a raspberry compote and sweetened cream,,https://assets.sainsburys-groceries.co.uk/gol/7988082/1/640x640.jpg,,,https://www.sainsburys.co.uk/gol-ui/product/sainsburys-raspberry-turnovers-2x65g-130g-,2x65g,2024-08-20T19:07:22.532359-04:00
66-1475-DAI,Sainsbury's Lemon Meringue Pie 500g,Sainsbury's,"Dairy, eggs & chilled",Desserts,All desserts & cream,,£3.70,,,74p / 100g,6308907.0,Butter enriched shortcrust pastry with a lemon filling and topped with meringue,,https://assets.sainsburys-groceries.co.uk/gol/6308907/1/640x640.jpg,,,https://www.sainsburys.co.uk/gol-ui/product/sainsburys-lemon-meringue-pie-500g,,2024-08-20T19:07:43.513289-04:00
66-1476-DAI,Sainsbury's Bramley Apple Crumble Dessert 500g,Sainsbury's,"Dairy, eggs & chilled",Desserts,All desserts & cream,,£4.00,,,80p / 100g,7260568.0,British Bramley apple compote topped with a butter-enriched oat and honey crumble,,https://assets.sainsburys-groceries.co.uk/gol/7260568/1/640x640.jpg,,,https://www.sainsburys.co.uk/gol-ui/product/sainsburys-bramley-apple-crumble-500g,,2024-08-20T19:08:04.672143-04:00
66-1477-DAI,Sainsbury's Toffee Sundae 125g,Sainsbury's,"Dairy, eggs & chilled",Desserts,All desserts & cream,,£1.25,,,£1.00 / 100g,7334157.0,"Layers of vanilla flavour mousse, toffee flavour sauce, toffee flavour mousse, cream mousse and toffee pieces",,https://assets.sainsburys-groceries.co.uk/gol/7334157/1/640x640.jpg,,,https://www.sainsburys.co.uk/gol-ui/product/sainsburys-toffee-sundae-140g,,2024-08-20T19:08:25.588410-04:00
66-1478-DAI,Sainsbury's Bramley Apple Crumble 2x120g,Sainsbury's,"Dairy, eggs & chilled",Desserts,All desserts & cream,,£2.35,2 for £2.35,,98p / 100g,7260543.0,British Bramley apple compote topped with a butter-enriched oat and honey crumble,,https://assets.sainsburys-groceries.co.uk/gol/7260543/1/640x640.jpg,,,https://www.sainsburys.co.uk/gol-ui/product/sainsburys-bramley-apple-crumbles-2x120g,2x120g,2024-08-20T19:08:46.590834-04:00
66-1479-DAI,Sainsbury's New York Vanilla Cheesecake 500g,Sainsbury's,"Dairy, eggs & chilled",Desserts,All desserts & cream,,£4.35,,,87p / 100g,7564713.0,"Baked vanilla flavour cheesecake on a digestive biscuit crumb, finished with a sweet dusting",,https://assets.sainsburys-groceries.co.uk/gol/7564713/1/640x640.jpg,,,https://www.sainsburys.co.uk/gol-ui/product/sainsburys-new-york-cheesecake-580g,,2024-08-20T19:09:07.198753-04:00
66-1480-DAI,Hartley's 10 Cal Cherry Bakewell Tart Flavour Jelly 175g,Hartley's,"Dairy, eggs & chilled",Desserts,All desserts & cream,,85p,,,49p / 100g,8069878.0,Cherry bakewell flavour jelly with sweeteners,,https://assets.sainsburys-groceries.co.uk/gol/8069878/1/640x640.jpg,,"Water, Gelling Agents: Gellan Gum, Xanthan Gum, Locust Bean Gum, Cassia Gum, Acid: Citric Acid, Colour: Anthocyanins, Acidity Regulator: Potassium Citrate, Flavourings, Sweeteners: Aspartame, Acesulfame K",https://www.sainsburys.co.uk/gol-ui/product/hartleys-10-cal-cherry-bakewell-tart-flavour-jelly-175g,,2024-08-20T19:09:19.780588-04:00
66-1481-DAI,"Sainsbury's Tiramisu, Be Good to Yourself 2x85g",Sainsbury's,"Dairy, eggs & chilled",Desserts,All desserts & cream,,£2.00,2 for £2.00,£1.50,£1.11 / 100g,8013821.0,"Sponge biscuit soaked with coffee sauce, topped with a mascarpone and Marsala wine cream and decorated with cocoa powder",,https://assets.sainsburys-groceries.co.uk/gol/8013821/1/640x640.jpg,,,https://www.sainsburys.co.uk/gol-ui/product/sainsburys-tiramisu-2-be-good-to-yourself-x90g,2x85g,2024-08-20T19:09:35.540101-04:00
66-1482-DAI,"Sainsbury's Passionfruit Cheesecake, Taste the Difference 500g",Sainsbury's,"Dairy, eggs & chilled",Desserts,All desserts & cream,,£5.00,,,£1.00 / 100g,8182806.0,Baked passion fruit cheesecake with a seeded passion fruit glaze on a digestive biscuit base.,,https://assets.sainsburys-groceries.co.uk/gol/8182806/1/640x640.jpg,,,https://www.sainsburys.co.uk/gol-ui/product/sainsburys-passionfruit-cheesecake-taste-the-difference-500g,,2024-08-20T19:09:55.929105-04:00
66-1483-DAI,Sainsbury's Belgian Chocolate Profiteroles x12 220g,Sainsbury's,"Dairy, eggs & chilled",Desserts,All desserts & cream,,£4.00,,,£1.82 / 100g,7939666.0,12 Choux pastry profiteroles filled with sweetened cream and topped with Belgian chocolate sauce,,https://assets.sainsburys-groceries.co.uk/gol/7939666/1/640x640.jpg,,,https://www.sainsburys.co.uk/gol-ui/product/sainsburys-belgian-chocolate-profiteroles-x12-220g,,2024-08-20T19:10:16.905003-04:00
66-1484-DAI,Toffee Sundaes 2x95g,Toffee,"Dairy, eggs & chilled",Desserts,All desserts & cream,,95p,2 for 95p,,50p / 100g,7972212.0,Toffee flavour custard topped with a vanilla flavour mousse and a toffee flavour mousse,,https://assets.sainsburys-groceries.co.uk/gol/7972212/1/640x640.jpg,"Nutrient	Per 100g	Per Portions (95g)	%GDA*
Energy	617 kJ/ 147 kcal	586 kJ/ 139 kcal	7%
Fat	4.7g	4.5g	6%
Of which Saturates	3.4g	3.2g	16%
Carbohydrates	22.5g	21.4g	8%
Of which Sugars	18.8g	17.9g	20%
Fibre	0.5g	0.5g	-
Protein	3.3g	3.1g	6%
Salt	0.3g	0.2g	3%","Skimmed Milk, Reconstituted Whey Powder (Milk), Sugar, Coconut Oil, Cream (Milk), Skimmed Milk Powder, Modified Maize Starch, Caramel (1%), Pork Gelatine, Emulsifier (Lactic Acid Esters of Mono- and Diglycerides of Fatty Acids), Gelling Agent (Pectin), Flavourings, Salt",https://www.sainsburys.co.uk/gol-ui/product/toffee-sundaes-2x95g-7972212-p-44,2x95g,2024-08-20T19:10:29.614673-04:00
66-1485-DAI,"Sainsbury's Jam & Cream Scones, Summer Edition 2x60g",Sainsbury's,"Dairy, eggs & chilled",Desserts,All desserts & cream,,£2.00,2 for £2.00,,£1.67 / 100g,8108691.0,2 Baked scones filled with sweetened cream and strawberry jam,,https://assets.sainsburys-groceries.co.uk/gol/8108691/1/640x640.jpg,,,https://www.sainsburys.co.uk/gol-ui/product/sainsburys-jam-cream-scones-summer-edition-2x60g,2x60g,2024-08-20T19:10:50.599219-04:00
66-1486-DAI,"Sainsbury's St Clement's Cheesecake Slices, Taste the Difference 2x96g",Sainsbury's,"Dairy, eggs & chilled",Desserts,All desserts & cream,,£3.50,2 for £3.50,,£1.82 / 100g,7856238.0,A baked lemon cheesecake with pockets of orange and lemon curd on a digestive biscuit crumb with an orange and lemon glaze decorated with a white chocolate ganache.,,https://assets.sainsburys-groceries.co.uk/gol/7856238/1/640x640.jpg,,,https://www.sainsburys.co.uk/gol-ui/product/sainsburys-st-clements-cheesecake-slices--taste-the-difference-2x93g,2x96g,2024-08-20T19:11:12.203302-04:00
66-1487-DAI,Bonne Maman Pear & Chocolate Mousse 2x95g,Bonne,"Dairy, eggs & chilled",Desserts,All desserts & cream,,£2.40,2 for £2.40,,£1.33 / 100g,8113590.0,Vanilla Mousse with pieces of pear topped with a chocolate sauce,,https://assets.sainsburys-groceries.co.uk/gol/8113590/1/640x640.jpg,"Nutrient	per 100g
Energy	828 kJ/ 199 kcal
Fat	12.6 g
of which saturates	7.8 g
Carbohydrate	18.4 g
of which sugars	16.9 g
Fibre	1.3 g
Protein	2.2 g
Salt	0.1 g","Pears (27%), Cream (Milk) (26%), Whole Milk (26%), Sugar, Dark Chocolate (1.5%) [Cocoa Mass, Cane Sugar, Cocoa Butter], Cornflour, Milk Chocolate (1.0%) [Sugar, Whole Milk Powder, Cocoa Butter, Cocoa Mass, Emulsifier (Sunflower Lecithins), Natural Vanilla Flavouring], Pork Gelatine, Concentrated Lemon Juice, Fat-Reduced Cocoa Powder, Cocoa Powder, Gelling Agent (Fruit Pectin), Natural Vanilla Flavouring, Sea Salt",https://www.sainsburys.co.uk/gol-ui/product/bonne-maman-pear-chocolate-mousse-2x95g,2x95g,2024-08-20T19:11:24.802330-04:00
66-1488-DAI,"Sainsbury's Pistachio Tiramisu Summer Edition, Taste the Difference 400g",Sainsbury's,"Dairy, eggs & chilled",Desserts,All desserts & cream,,£4.50,,,£1.13 / 100g,8183426.0,Savoiardi biscuit soaked in flavoured pistachio sauce topped with mascarpone and Pistachio cream and decorated with pistachio sprinkle,,https://assets.sainsburys-groceries.co.uk/gol/8183426/1/640x640.jpg,,,https://www.sainsburys.co.uk/gol-ui/product/sainsburys-pistachio-tiramisu-summer-edition-taste-the-difference-400g,,2024-08-20T19:11:45.792946-04:00
66-1489-DAI,Sainsbury's Bakewell Tart Dessert 350g,Sainsbury's,"Dairy, eggs & chilled",Desserts,All desserts & cream,,£3.60,,,£1.03 / 100g,6841663.0,"Shortcrust pastry case filled with raspberry jam and ground almond sponge, topped with a drizzle of raspberry sauce and flaked almonds and finished with a glaze.",,https://assets.sainsburys-groceries.co.uk/gol/6841663/1/640x640.jpg,,,https://www.sainsburys.co.uk/gol-ui/product/sainsburys-bakewell-tart-350g,,2024-08-20T19:12:06.344801-04:00
66-1490-DAI,Sainsbury's Raspberry Cheesecake Dessert 500g,Sainsbury's,"Dairy, eggs & chilled",Desserts,All desserts & cream,,£4.35,,,87p / 100g,7565414.0,Baked vanilla flavour cheesecake swirled with raspberry sauce on a digestive biscuit crumb,,https://assets.sainsburys-groceries.co.uk/gol/7565414/1/640x640.jpg,,,https://www.sainsburys.co.uk/gol-ui/product/sainsburys-raspberry-ripple-cheesecake-570g,,2024-08-20T19:12:27.392541-04:00
66-1491-DAI,Sainsbury's Vanilla Crème Brûlée 2x90g,Sainsbury's,"Dairy, eggs & chilled",Desserts,All desserts & cream,,£2.25,2 for £2.25,£1.80,£1.25 / 100g,539401.0,Vanilla flavoured crèmes brûlées with 2 sachets of brown sugar,,https://assets.sainsburys-groceries.co.uk/gol/539401/1/640x640.jpg,,,https://www.sainsburys.co.uk/gol-ui/product/sainsburys-vanilla-cr%C3%A8me-br%C3%BBl%C3%A9e-2x100g,2x90g,2024-08-20T19:12:43.444040-04:00
66-1492-DAI,Sainsbury's Raspberry Jam Pudding 2x110g,Sainsbury's,"Dairy, eggs & chilled",Desserts,All desserts & cream,,£2.75,2 for £2.75,,£1.25 / 100g,7333034.0,Butter enriched vanilla flavour sponge topped with an apple and raspberry jam,,https://assets.sainsburys-groceries.co.uk/gol/7333034/1/640x640.jpg,,,https://www.sainsburys.co.uk/gol-ui/product/sainsburys-raspberry-jam-puddings-2x110g,2x110g,2024-08-20T19:13:04.939994-04:00
66-1493-DAI,Sainsbury's Vanilla Cheesecake Slices 2x90g,Sainsbury's,"Dairy, eggs & chilled",Desserts,All desserts & cream,,£2.65,2 for £2.65,,£1.47 / 100g,7332411.0,"Baked vanilla flavour cheesecake on a digestive biscuit crumb, finished with a sweet dusting",,https://assets.sainsburys-groceries.co.uk/gol/7332411/1/640x640.jpg,,,https://www.sainsburys.co.uk/gol-ui/product/sainsburys-vanilla-cheesecake-slices-2x100g,2x90g,2024-08-20T19:13:26.175053-04:00
66-1494-DAI,Pots & Co Lemon & Lime Posset Dessert 91g,Pots,"Dairy, eggs & chilled",Desserts,All desserts & cream,,£1.90,,,£2.09 / 100g,7890548.0,,,https://assets.sainsburys-groceries.co.uk/gol/7890548/1/640x640.jpg,"Nutrient	Per 100g	Per 91g Pot
Energy	1568kJ/ 378kcal	1427kJ/ 302kcal
Fat	31.4g	28.6g
of which saturates	18.7g	17.0g
Carbohydrates	22.5g	20.5g
of which sugars	21.1g	19.2g
Protein	1.4g	1.2g
Salt	0.04g	0.04g","Double Cream (Milk), Whipping Cream (Milk), Sugar, Lemon Juice (11.6%), Lime Juice, Lemon Zest (0.5%), Thickener: Agar, Corn Flour",https://www.sainsburys.co.uk/gol-ui/product/pots---co-lemon---lime-posset-dessert-100g,,2024-08-20T19:13:43.730233-04:00
66-1495-DAI,Sainsbury's Lemon Tart 430g,Sainsbury's,"Dairy, eggs & chilled",Desserts,All desserts & cream,,£3.70,,,86p / 100g,6023574.0,Butter enriched shortcrust pastry with a lemon curd filling and topped with a lemon glaze,,https://assets.sainsburys-groceries.co.uk/gol/6023574/1/640x640.jpg,,,https://www.sainsburys.co.uk/gol-ui/product/sainsburys-lemon-tart-385g,,2024-08-20T19:14:04.592222-04:00
66-1496-DAI,"Sainsbury's Sticky Toffee Pudding, Taste the Difference 400g",Sainsbury's,"Dairy, eggs & chilled",Desserts,All desserts & cream,,£4.50,,£4.00,£1.13 / 100g,8160904.0,All butter date sponge topped with vanilla toffee sauce,,https://assets.sainsburys-groceries.co.uk/gol/8160904/1/640x640.jpg,,,https://www.sainsburys.co.uk/gol-ui/product/sainsburys-sticky-toffee-pudding-taste-the-difference-400g,,2024-08-20T19:14:20.359176-04:00
66-1497-DAI,Gü Dark Chocolate Mousses with Ganache Desserts 2x70g,Gü,"Dairy, eggs & chilled",Desserts,All desserts & cream,,£2.75,2 for £2.75,£2.50,£1.96 / 100g,8173304.0,2 Dark Chocolate Mousses with a Chocolate Ganache,,https://assets.sainsburys-groceries.co.uk/gol/8173304/1/640x640.jpg,"Nutrient	per 100g	per 70g ramekin
Energy	1558 kJ	1091 kJ
Energy	375 kcal	263 kcal
Fat	28g	20g
of which saturates	16g	11g
Carbohydrate	25g	18g
of which sugars	21g	14g
Fibre	2.4g	1.7g
Protein	6.4g	4.5g
Salt	0.44g	0.31g","Dark Chocolate (38%) (Cocoa Mass, Sugar, Cocoa Butter, Emulsifier (Soya Lecithin), Natural Flavouring), Pasteurised Egg White, Whipping Cream (Milk), Salted Butter (Butter (Milk) Salt), Whole Milk, Pasteurised Egg Yolk, Milk Chocolate (3%) (Sugar, Cocoa Butter, Whole Milk Powder, Cocoa Mass, Emulsifier (Soya Lecithin), Natural Flavouring), Sugar, Glucose Syrup, Stabilisers (Guar Gum, Xanthan Gum), Preservative (Potassium Sorbate), Water, Acidity Regulator (Citric Acid), Fat Reduced Cocoa Powder",https://www.sainsburys.co.uk/gol-ui/product/gu-dark-chocolate-mousses-with-ganache-desserts-2x70g,2x70g,2024-08-20T19:14:27.934390-04:00
66-1498-DAI,"Sainsbury's Lemon Cheesecake, Summer Edition 500g",Sainsbury's,"Dairy, eggs & chilled",Desserts,All desserts & cream,,£4.35,,£4.00,87p / 100g,7565423.0,Baked Lemon cheesecake swirled with lemon sauce on a digestive biscuit crumb,,https://assets.sainsburys-groceries.co.uk/gol/7565423/1/640x640.jpg,,,https://www.sainsburys.co.uk/gol-ui/product/sainsburys-lemon-cheesecake-summer-edition-500g,,2024-08-20T19:14:43.770522-04:00
66-1499-DAI,Somerset Valley Fruit Cocktail Trifle 600g,Somerset,"Dairy, eggs & chilled",Desserts,All desserts & cream,,£2.00,,,33p / 100g,7992835.0,"Fruit Cocktail in raspberry flavoured jelly, layered with sponge, creamy custard and topped with stabilised whipped cream.",,https://assets.sainsburys-groceries.co.uk/gol/7992835/1/640x640.jpg,,"Water, Skimmed Cows' Milk, Sugar, Cream (Cows' Milk), Pineapple (3.0%), Peach (3.0%), Wheat Flour, Whey Powder (Cows' Milk), Pear (1.5%), Coconut Oil, Modified Maize Starch, Skimmed Cows' Milk Powder, Gelling Agent: Pectins, Egg, Acidity Regulators: Citric Acid, Sodium Citrate, Calcium Citrate, Emulsifiers: Polyglycerol Esters of Fatty Acids, Lactic Acid Esters of Mono- and Diglycerides of Fatty Acids, Mono- and Diglycerides of Fatty Acids, Egg White, Stabilisers: Xanthan Gum, Carob Gum, Tapioca Starch, Wheat Fibre, Flavouring, Carrot Concentrate, Raising Agents: Sodium Phosphate, Sodium Carbonate, Dried Egg White, Colour: Carotenes, Blackcurrant Concentrate, Wheat Starch",https://www.sainsburys.co.uk/gol-ui/product/somerset-valley-fruit-cocktail-trifle-600g,,2024-08-20T19:14:57.489376-04:00
66-1500-DAI,Sainsbury's Raspberry Cheesecakes 2x100g,Sainsbury's,"Dairy, eggs & chilled",Desserts,All desserts & cream,,£2.65,2 for £2.65,,£1.47 / 100g,7564677.0,Baked vanilla flavour cheesecake swirled with raspberry sauce on a digestive biscuit crumb,,https://assets.sainsburys-groceries.co.uk/gol/7564677/1/640x640.jpg,,,https://www.sainsburys.co.uk/gol-ui/product/sainsburys-raspberry-overload-cheesecakes-2x100g,2x100g,2024-08-20T19:15:18.086391-04:00
66-1501-DAI,Chocolate Sundaes 2x95g,Chocolate,"Dairy, eggs & chilled",Desserts,All desserts & cream,,95p,2 for 95p,,50p / 100g,7972205.0,Chocolate custard topped with a white chocolate mousse and a milk chocolate mousse,,https://assets.sainsburys-groceries.co.uk/gol/7972205/1/640x640.jpg,"Nutrient	Per 100g	Per Portion (95g)	% GDA*
Energy	656kJ/ 156kcal	623kJ/ 148kcal	7%
Fat	5.9g	5.6g	8%
Of which Saturates	4.6g	4.4g	22%
Carbohydrates	21.6g	20.5g	8%
Of which Sugars	19.8g	18.8g	21%
Fibre	0.7g	0.6g	-
Protein	3.7g	3.6g	7%
Salt	0.1g	0.1g	2%","Skimmed Milk, Sugar, Water, Milk Chocolate Powder (3%) (Sugar, Cocoa Mass, Dried Whole Milk, Cocoa Butter, Skimmed Milk Powder), Coconut Oil, Cream (Milk), White Chocolate Powder (2%) (Sugar, Cocoa Butter, Dried Whole Milk, Dried Skimmed Milk), Whey Powder (Milk), Skimmed Milk Powder, Modified Maize Starch, Fat-Reduced Cocoa Powder, Pork Gelatine, Tapioca Starch, Emulsifier (Lactic Acid Esters of Mono- and Di-Glycerides of Fatty Acids), Gelling Agent (Pectins), Stabilisers (Carageenan, Guar Gum), Flavourings",https://www.sainsburys.co.uk/gol-ui/product/chocolate-sundaes-2x95g-7972205-p-44,2x95g,2024-08-20T19:15:30.898277-04:00
66-1502-DAI,Gü Golden Blonde Chocolate Cheesecake Dessert 2x82g,Gü,"Dairy, eggs & chilled",Desserts,All desserts & cream,,£3.75,2 for £3.75,,£2.29 / 100g,8142807.0,2 White Chocolate (with Caramel) Cheesecakes,,https://assets.sainsburys-groceries.co.uk/gol/8142807/1/640x640.jpg,,"Whipping Cream (22%) (Milk), Biscuit Crumb (Wheat Flour (Wheat Flour, Calcium Carbonate, Iron, Niacin, Thiamin), Wholemeal Flour (Wheat), Vegetable Oil (Palm Oil, Rapeseed Oil), Sugar, Invert Sugar Syrup, Raising Agents (Sodium Bicarbonate, Ammonium Bicarbonate), Salt), White Chocolate with Caramel (14%) (Cocoa Butter, Sugar, Whole Milk Powder, Milk Sugar, Whey Powder (Milk), Skimmed Milk Powder, Caramelised Sugar, Emulsifier (Soya Lecithin), Natural Vanilla Flavouring, Salt), Caramel with Salted Butter (Sweetened Condensed Milk, Sugar, Glucose Syrup, Water, Salted Butter (Milk), Salt, Thickener (Pectin)), Mascarpone Cheese (Mascarpone (Milk), Acidity Regulator (Citric Acid)), Demerara Sugar, Full Fat Soft Cheese (Full Fat Soft Cheese (Milk), Modified Starch, Preservative (Potassium Sorbate)), Whole Milk, Sugar, Water, Vegetable Oil (Palm Oil, Rapeseed Oil), Pasteurised Egg Yolk, Thickener (Modified Starch), Beef Gelatine, Agar, Salt, Preservative (Potassium Sorbate)",https://www.sainsburys.co.uk/gol-ui/product/g%C3%BC-gold-golden-blonde-chocolate-limited-edition-2x82g,2x82g,2024-08-20T19:15:43.445748-04:00
66-1503-DAI,"Sainsbury's Chocolate & Caramel Cheesecake, Taste the Difference 500g",Sainsbury's,"Dairy, eggs & chilled",Desserts,All desserts & cream,,£5.00,,,£1.00 / 100g,8096556.0,"Baked Belgian chocolate cheesecake with injections of salted caramel sauce on a Belgian chocolate crumb, with a Belgian chocolate ganache and bronze lustred curls",,https://assets.sainsburys-groceries.co.uk/gol/8096556/1/640x640.jpg,,,https://www.sainsburys.co.uk/gol-ui/product/sainsburys-chocolate-caramel-cheesecake-taste-the-difference-500g,,2024-08-20T19:16:04.019753-04:00
66-1504-DAI,Rhokett Lemon & Raspberry Cheesecake Slices 180g,Rhokett,"Dairy, eggs & chilled",Desserts,All desserts & cream,,£3.35,,£2.50,£1.86 / 100g,8146213.0,Caramelised biscuit base topped with lemon flavoured cheesecake and swirls of lemon and raspberry sauce.,90 g,https://assets.sainsburys-groceries.co.uk/gol/8146213/1/640x640.jpg,"Nutrient	Per 100g	Per 90g Per serving*
Energy kJ	1517	1365
Energy kcal	364	328
Fat	24.2g	21.8g
(of which saturates)	14.3g	12.9g
Carbohydrate	32.8g	29.5g
(of which sugars)	23.4g	21.0g
Fibre	0.3g	0.27g
Protein	3.6g	3.2g
Salt	0.4g	0.36g","Full Fat Soft Cheese (Milk), Sugar, Wheat Flour, Double Cream (Milk), Whipping Cream (Milk), Clarified Butter (Milk), Pasteurised Free Range Egg, Water, Raspberry Purée, Rapeseed Oil, Glucose Syrup, Cornflour, Candy Sugar Syrup, Lemon Juice Concentrate, Salted Butter (Milk), Lemon Concentrate, Salt, Modified Maize Starch, Raising Agent (Sodium Hydrogen Carbonate), Gelling Agent (Pectin), Acidity Regulator (Citric Acid), Concentrated Lemon Juice, Free Range Whole Egg Powder, Cinnamon, Colour (Anthocyanins (Purple Carrot Extract), Lutein), Lemon Oil, Emulsifier (Sunflower Lecithin), Flavouring",https://www.sainsburys.co.uk/gol-ui/product/rhokett-lemon-raspberry-cheesecake-slices-180g,,2024-08-20T19:16:11.524027-04:00
66-1505-DAI,Sainsbury's Apple & Blackberry Pie Dessert 550g,Sainsbury's,"Dairy, eggs & chilled",Desserts,All desserts & cream,,£3.65,,,66p / 100g,7466507.0,"Butter enriched shortcrust pastry pie filled with British Bramley apples and blackberries, glazed with milk and topped with demerara sugar.",,https://assets.sainsburys-groceries.co.uk/gol/7466507/1/640x640.jpg,,,https://www.sainsburys.co.uk/gol-ui/product/sainsburys-apple---blackberry-pie-550g,,2024-08-20T19:16:32.246891-04:00
66-1506-DAI,"Sainsbury's Chocolate Sponge Pudding, Taste the Difference 400g",Sainsbury's,"Dairy, eggs & chilled",Desserts,All desserts & cream,,£4.60,,,£1.15 / 100g,7584297.0,"All butter Belgian dark chocolate sponge with a Belgian dark and milk chocolate sauce, decorated with Belgian white chocolate marbling",,https://assets.sainsburys-groceries.co.uk/gol/7584297/1/640x640.jpg,,,https://www.sainsburys.co.uk/gol-ui/product/sainsburys-chocolate-sponge-pudding--taste-the-difference-400g,,2024-08-20T19:16:53.206044-04:00
66-1507-DAI,Bonne Maman Peach & Apricot Compote Dessert 2x130g,Bonne,"Dairy, eggs & chilled",Desserts,All desserts & cream,,£3.30,2 for £3.30,,£1.27 / 100g,8155013.0,Peach & apricot compote with verbena.,,https://assets.sainsburys-groceries.co.uk/gol/8155013/1/640x640.jpg,"Nutrient	per 100 g
Energy	348 kJ/ 82 kcal
Fat	0.3 g
of which saturates	0 g
Carbohydrates	18 g
of which sugars	18 g
Fibre	1.9 g
Protein	0.9 g
Salt	0 g","Peaches 52%, Apricots 33%, Sugar, Verbena Extract, Concentrated Acerola Juice, Gelling Agent : Fruit Pectins",https://www.sainsburys.co.uk/gol-ui/product/bonne-maman-peach-apricot-compote-dessert-2x130g,2x130g,2024-08-20T19:17:06.035027-04:00
66-1508-DAI,Gü New York Cheesecakes 2x80g,Gü,"Dairy, eggs & chilled",Desserts,All desserts & cream,,£2.75,2 for £2.75,£2.50,£1.72 / 100g,8189071.0,2 Vanilla (0.4%) Cheese-Cakes Made with Full Fat Soft Cheese (32%),,https://assets.sainsburys-groceries.co.uk/gol/8189071/1/640x640.jpg,"Nutrient	per 100g	per 80g ramekin
Energy	1457vkJ	1166 kJ
Energy	349 kcal	279 kcal
Fat	22g	18g
of which saturates	13g	10g
Carbohydrate	34g	27g
of which sugars	21g	17g
Fibre	0.7g	0.5g
Protein	4.0g	3.2g
Salt	0.43g	0.35g","Cream (Milk), Water, Sugar, Wheat Flour (Wheat Flour, Calcium Carbonate, Iron, Nicotinamide, Thiamine), Palm Oil, Demerara Sugar, Pasteurised Whole Egg, Skimmed Milk Powder, Partially Inverted Sugar Syrup, Cornflour, Rapeseed Oil, ButterMilk Powder, Raising Agent (Sodium Bicarbonate), Natural Vanilla Flavouring, Cinnamon, Salt, Preservative (Potassium Sorbate), Acidity Regulator (Citric Acid), Lactic Cultures (Milk), Modified Maize Starch",https://www.sainsburys.co.uk/gol-ui/product/g%C3%BC-new-york-cheesecakes-2x80g,2x80g,2024-08-20T19:17:13.531150-04:00
66-1509-DAI,"Sainsbury's Macarons Selection Pack, Taste the Difference x6 66g",Sainsbury's,"Dairy, eggs & chilled",Desserts,All desserts & cream,,£3.00,,,£4.55 / 100g,8146071.0,"Filled meringue confectionery made with almonds, with Salted Caramel, Belgian Chocolate, Raspberry, Pistachio, Lemon and Bourbon Vanilla flavours",,https://assets.sainsburys-groceries.co.uk/gol/8146071/1/640x640.jpg,,,https://www.sainsburys.co.uk/gol-ui/product/sainsburys-macarons-selection-pack-taste-the-difference-x6-66g,,2024-08-20T19:17:34.460170-04:00
66-1510-DAI,Sainsbury's Raspberry Tiramisu 2x85g,Sainsbury's,"Dairy, eggs & chilled",Desserts,Desserts to share,,£2.00,2 for £2.00,£1.50,£1.18 / 100g,8120045.0,"Dessert with mascarpone cream, raspberry coulis, sponge biscuit and cocoa powder",,https://assets.sainsburys-groceries.co.uk/gol/8120045/1/640x640.jpg,"Nutrient	per 100g	per pot	% adult RI per pot	adult RI
Energy kJ	978	831	-	8400
Energy kcal	233	198	10%	2000
Fat	8.9g	7.6g	11%	70g
- saturates	7.3g	6.2g	31%	20g
- mono-unsaturates	1.3g	1.1g	-	-
- polyunsaturates	0.3g	0.3g	-	-
Carbohydrate	31.5g	26.8g	10%	260g
- sugars	20.5g	17.4g	19%	90g
- starch	2.8g	2.4g	-	-
Fibre	1.6g	1.4g	-	-
Protein	3.7g	3.1g	6%	50g
Salt	0.13g	0.11g	2%	6g","Water, Glucose Syrup, Raspberries (9%), Sponge Biscuit (8%) (Pasteurised Free Range Egg, Wheat Flour, Granulated Sugar, Dextrose, Emulsifier: Mono- and Diglycerides of Fatty Acids; Raising Agents: Disodium Diphosphate, Sodium Hydrogen Carbonate), Granulated Sugar, Skimmed Cows' Milk Powder, Mascarpone Cheese (Cows' Milk) (6%), Coconut Oil, Pasteurised Egg Yolk, Ethanol, Marsala Wine (1%), Stabiliser: Sorbitol Syrup, Tapioca Starch, Cocoa Powder (0.5%), Citrus Fibre, Flavourings (Milk, Egg), Acidity Regulator: Citric Acid, Thickener: Carrageenan, Emulsifier: Mono- and Diglycerides of Fatty Acids, Gelling Agent: Pectin, Elderberry Concentrate, Preservative: Potassium Sorbate",https://www.sainsburys.co.uk/gol-ui/product/sainsburys-raspberry-tiramisu-2x85g,2x85g,2024-08-20T19:17:42.511222-04:00
66-1511-DAI,Oayeah! Feelgood Original Large Pancakes x6 360g,Oayeah!,"Dairy, eggs & chilled",Croissants & breakfast bakery,All breakfast bakery,,£2.40,,,67p / 100g,8146217.0,Large Pancakes,100 g,https://assets.sainsburys-groceries.co.uk/gol/8146217/1/640x640.jpg,"Nutrient	per 100 g	per serving (60 g)
Energy	815 kJ / 195 kcal	490 kJ / 120 kcal
Fat	8,4 g	5,1 g
of which saturates	1,0 g	0,6 g
Carbohydrate	24,4 g	14,7 g
of which sugars	4,3 g	2,6 g
Fibre	1,2 g	0,7 g
Protein	5,4 g	3,2 g
Salt	0,64 g	0,38 g","35% Oat Drink (Water, 10% Oats), Wheat Flour, Water, Egg, Rapeseed Oil, Dextrose, Sugar, Wheat Gluten, Vinegar, Salt, Egg White Powder, Flavouring, Preservative (E202), Raising Agent (E500)",https://www.sainsburys.co.uk/gol-ui/product/oayeah%21-feelgood-original-large-pancakes-x6-360g,,2024-08-20T19:17:55.153827-04:00
66-1512-DAI,Sainsbury's Bread & Butter Pudding Dessert 515g,Sainsbury's,"Dairy, eggs & chilled",Desserts,All desserts & cream,,£3.80,,,76p / 100g,7261689.0,"Layers of white bread, cooked with vanilla flavour custard, raisins and nutmeg",,https://assets.sainsburys-groceries.co.uk/gol/7261689/1/640x640.jpg,,,https://www.sainsburys.co.uk/gol-ui/product/sainsburys-bread---butter-pudding-515g,,2024-08-20T19:18:15.567931-04:00
66-1513-DAI,Sainsbury's Cream Rice Pudding 500g,Sainsbury's,"Dairy, eggs & chilled",Desserts,All desserts & cream,,£4.00,,,80p / 100g,7277731.0,"Rice pudding made with milk, whipping cream, double cream and topped with nutmeg",,https://assets.sainsburys-groceries.co.uk/gol/7277731/1/640x640.jpg,,,https://www.sainsburys.co.uk/gol-ui/product/sainsburys-family-rice-pudding-500g,,2024-08-20T19:18:36.601067-04:00
66-1514-DAI,Sainsbury's Lemon Sponge 300g,Sainsbury's,"Dairy, eggs & chilled",Desserts,All desserts & cream,,£3.10,,,99p / 100g,8182808.0,Butter enriched sponge cake filled with sweetened cream and lemon curd,,https://assets.sainsburys-groceries.co.uk/gol/8182808/1/640x640.jpg,,,https://www.sainsburys.co.uk/gol-ui/product/sainsburys-lemon-sponge-300g,,2024-08-20T19:18:57.593172-04:00
66-1515-DAI,Gü Banoffee Cheesecake Dessert 2x86g,Gü,"Dairy, eggs & chilled",Desserts,All desserts & cream,,£3.75,2 for £3.75,,£2.18 / 100g,8187807.0,"2 Banana (6.5%), Caramel (6.5%) and Dark (2.3%) and Milk (1.6%) Chocolate Cheesecakes Made with Full Fat Cheese (6.6%)",,https://assets.sainsburys-groceries.co.uk/gol/8187807/1/640x640.jpg,"Nutrient	per 100g	86g Ramekin
Energy	1483kJ	1276kJ
Energy	356kcal	306kcal
Fat	23g	20g
of which saturates	13g	11g
Carbohydrate	33g	29g
of which sugars	22g	19g
Fibre	0.97g	0.83g
Protein	3.4g	2.9g
Salt	0.23g	0.20g","Cream (Milk), Sugar, Water, Wheat Flour (Wheat Flour, Calcium Carbonate, Iron, Nicotinamide, Thiamine), Banana, Demerara Sugar, Palm Oil, Wholemeal Wheat Flour, Sweet Condensed Skimmed Milk, Cocoa Mass, Glucose Syrup, Rapeseed Oil, Invert Sugar Syrup, Fat Reduced Cocoa Powder, Pasteurised Egg Yolk, Butter (Milk), Skimmed Milk Powder, Modified Starch, Cocoa Butter, Whole Milk Powder, Raising Agents (Ammonium Bicarbonate, Sodium Bicarbonate), Salt, Beef Gelatine, Cornflour, ButterMilk Powder, Milk Protein Powder, Agar, Guérande Salt, Thickener (Pectin), Preservative (Potassium Sorbate), Emulsifier (Soya Lecithin), Acidity Regulator (Citric Acid), Natural Vanilla Flavouring, Antioxidant (Ascorbic Acid), Lactic Cultures (Milk)",https://www.sainsburys.co.uk/gol-ui/product/g%C3%BC-banoffee-cheesecake-dessert-2x86g,2x86g,2024-08-20T19:19:10.381783-04:00
66-1516-DAI,"Sainsbury's White Chocolate & Berry Cheesecake, Taste the Difference",Sainsbury's,"Dairy, eggs & chilled",Desserts,All desserts & cream,,£5.00,,,£1.00 / 100g,8181447.0,"Baked Belgian white chocolate cheesecake with blackcurrants and redcurrants on a digestive biscuit crumb, finished with a sweet dusting",,https://assets.sainsburys-groceries.co.uk/gol/8181447/1/640x640.jpg,,,https://www.sainsburys.co.uk/gol-ui/product/sainsburys-white-chocolate-berry-cheesecake-taste-the-difference,,2024-08-20T19:19:31.377384-04:00
66-1517-DAI,Sainsbury's Taste the Difference Mini Meringues x12,Sainsbury's,"Dairy, eggs & chilled",Desserts,All desserts & cream,,£2.00,,,£3.70 / 100g,8046125.0,12 mini meringue shells,,https://assets.sainsburys-groceries.co.uk/gol/8046125/1/640x640.jpg,,,https://www.sainsburys.co.uk/gol-ui/product/sainsburys-taste-the-difference-mini-meringues-x12,,2024-08-20T19:19:52.274318-04:00
66-1518-DAI,Sainsbury's Belgian Chocolate Cheesecake Dessert 500g,Sainsbury's,"Dairy, eggs & chilled",Desserts,All desserts & cream,,£4.35,,,87p / 100g,7856110.0,Baked Belgian chocolate cheesecake swirled with a Belgian chocolate sauce on a digestive biscuit crumb,,https://assets.sainsburys-groceries.co.uk/gol/7856110/1/640x640.jpg,,,https://www.sainsburys.co.uk/gol-ui/product/sainsburys-chocolate-cheesecake-550g,,2024-08-20T19:20:12.853935-04:00
66-1519-DAI,English Cheesecake Company Vanilla Cheesecake Slices with Lotus Biscoff 2x107g,English,"Dairy, eggs & chilled",Cakes & tarts,Mini rolls & cake slices,,£3.75,2 for £3.75,,£1.75 / 100g,8068302.0,Vanilla & Lotus Biscoff Cheesecake,,https://assets.sainsburys-groceries.co.uk/gol/8068302/1/640x640.jpg,"Nutrient	Per 100g	Per Slice (Approx 107g)
Energy kcal	433	463
Energy kJ	1812	1938
Fat	28.1g	30.0g
of which saturates	11.9g	12.7g
Carbohydrate	40.8g	43.6g
of which sugars	22.8g	24.3g
Fibre	0.7g	0.7g
Protein	4.4g	4.7g
Salt	0.64g	0.68g","Biscuit Base (29%) [Fortified Wheat Flour (Wheat Flour, Calcium Carbonate, Iron, Thiamin, Niacin), Vegetable Oils (SG RSPO Palm, Rapeseed), Sugar, Invert Sugar Syrup, Raising Agents; E500ii, E503ii, Salt], Double Cream (Milk), Reduced Fat Soft Cheese (Milk) (14%) [Skimmed Milk, Cream (Milk), Permeate, Salt, Tapioca Starch, Thickener (Xanthan Gum, Locust Bean Gum), Bacterial Starter Culture], Lotus Original Caramelised Biscuit Spread (13%) [Original Caramelised Biscuits (Wheat Flour, Sugar, Vegetable Oils (Palm Oil From Sustainable and Certified Plantations, Rapeseed Oil), Candy Sugar Syrup, Raising Agent (Sodium Hydrogen Carbonate), Soya Flour, Salt, Cinnamon), Rapeseed Oil, Sugar, Emulsifier (Soya Lecithin), Acid (Citric Acid)], Sugar, Full Fat Soft Cheese (Milk) (6%), Čaramelised Biscuit (5%) [Wheat Flour, Sugar, Vegetable Oils (Palm (RSPO certified), Rapeseed), Candy Sugar Syrup, Raising Agent; E500, Soya Flour, Salt, Cinnamon], Starch, Partially Inverted Sugar Syrup, Milk, Tapioca Starch, Natural Vanilla Flavouring, Preservative (Potassium Sorbate (E202)",https://www.sainsburys.co.uk/gol-ui/product/english-cheesecake-company-vanilla-cheesecake-slices-with-lotus-biscoff-2x115g,2x107g,2024-08-20T19:20:25.557669-04:00
66-1520-DAI,"Sainsbury's British Bramley Apple & Blackberry Crumbles, Be Good to Yourself 2x120g",Sainsbury's,"Dairy, eggs & chilled",Desserts,All desserts & cream,,£2.35,2 for £2.35,,98p / 100g,7544382.0,British Bramley apple and blackberry compote topped with an oat and honey crumble,,https://assets.sainsburys-groceries.co.uk/gol/7544382/1/640x640.jpg,,,https://www.sainsburys.co.uk/gol-ui/product/sainsburys-apple---blackberry-crumble--be-good-to-yourself-2x120g,2x120g,2024-08-20T19:20:46.493313-04:00
66-1521-DAI,"Sainsbury's Bramley Apple Frangipane Tart , Taste the Difference 430g",Sainsbury's,"Dairy, eggs & chilled",Desserts,Desserts to share,,£5.00,,,£1.16 / 100g,7565406.0,"Shortcrust pastry case filled with Bramley apple compote and ground almond sponge, topped with Bramley apple slices and flaked almonds and finished with a caramel glaze",,https://assets.sainsburys-groceries.co.uk/gol/7565406/1/640x640.jpg,,,https://www.sainsburys.co.uk/gol-ui/product/sainsburys-tarte-aux-pommes--taste-the-difference-470g,,2024-08-20T19:21:07.646370-04:00
66-1522-DAI,"Sainsbury's New York Cheesecake, Taste the Difference 500g",Sainsbury's,"Dairy, eggs & chilled",Desserts,Cream cakes,,£5.00,,,£1.00 / 100g,8096562.0,A digestive biscuit base topped with a vanilla cheesecake batter and finished with a sour cream topping,,https://assets.sainsburys-groceries.co.uk/gol/8096562/1/640x640.jpg,,,https://www.sainsburys.co.uk/gol-ui/product/sainsburys-new-york-cheesecake-taste-the-difference-500g,,2024-08-20T19:21:28.912717-04:00
66-1523-DAI,Gü Cherry Panna Cotta Créme Dessert 2x90g,Gü,"Dairy, eggs & chilled",Cakes & tarts,All cakes & tarts,,£2.75,2 for £2.75,£2.50,£1.53 / 100g,8114175.0,2 Vanilla Panna Cotta Topped with a Cherry Compote,,https://assets.sainsburys-groceries.co.uk/gol/8114175/1/640x640.jpg,"Nutrient	per 100g	per 90g ramekin
Energy	867 kJ	780 kJ
Energy	208 kcal	187 kcal
Fat	12g	11g
of which saturates	7g	6g
Carbohydrate	23g	20g
of which sugars	18g	16g
Fibre	<0.5g	<0.5g
Protein	2.5g	2.3g
Salt	0.08g	0.07g","Whipping Cream (Milk) (23%), Whole Milk, Cherries (14%), Sugar, Water, Mascarpone Cheese (4.5%) (Mascarpone (Milk), Acidity Regulator (Citric Acid)), Glucose Syrup, Modified Starch, Beef Gelatine, Natural Vanilla Extract, Acidity Regulators (Citric Acid, Sodium Citrates), Natural Flavouring, Preservative (Potassium Sorbate), Black Carrot Extract",https://www.sainsburys.co.uk/gol-ui/product/g%C3%BC-cherry-panna-cotta-dessert-2x90g,2x90g,2024-08-20T19:21:36.621700-04:00
66-1524-DAI,Pots & Co Salted Caramel & Chocolate Ganache 82g,Pots,"Dairy, eggs & chilled",Desserts,All desserts & cream,,£1.90,,,£2.32 / 100g,7890557.0,,,https://assets.sainsburys-groceries.co.uk/gol/7890557/1/640x640.jpg,"Nutrient	Per 100g	Per 82g Pot
Energy	1726kJ/ 419kcal	1415kJ/ 344kcal
Fat	33.0g	27.0g
of which saturates	17.0g	14.0g
Carbohydrate	27.0g	22.0g
of which sugars	24.0g	20.0g
Protein	3.5g	2.9g
Salt	0.50g	0.41g","Whipping Cream (Milk), 40% Cocoa Colombian Milk Chocolate (16%) [Sugar, Cocoa Butter, Cocoa Mass, Milk Powder, Emulsifier: Soya Lecithin; Vanilla Extract], Milk, Caramel (13%) [Sugar, Glucose-Fructose Syrup, Water], Double Cream (Milk), 61% Cocoa Colombian Dark Chocolate (6%) [Cocoa Mass, Sugar, Cocoa Butter, Emulsifier: Soya Lecithin, Vanilla Extract], Pasteurised Egg Yolk, Unsalted Butter (Milk), Rice Starch, Cornish Sea Salt (0.4%), Gelling Agent: Carrageenan",https://www.sainsburys.co.uk/gol-ui/product/pots---co-salted-caramel---chocolate-pot-dessert-90g,,2024-08-20T19:21:54.964651-04:00
66-1525-DAI,Sainsbury's Belgian Chocolate Profiterole Dessert 90g,Sainsbury's,"Dairy, eggs & chilled",Desserts,All desserts & cream,,£2.25,,,£2.50 / 100g,7943641.0,Belgian chocolate mousse topped with 3 profiteroles filled with sweetened cream and topped with Belgian chocolate sauce,,https://assets.sainsburys-groceries.co.uk/gol/7943641/1/640x640.jpg,,,https://www.sainsburys.co.uk/gol-ui/product/sainsburys-belgian-chocolate-profiterole-dessert-90g,,2024-08-20T19:22:16.043520-04:00
66-1526-DAI,Sainsbury's Takeaway Cookie Dough Dessert 304g,Sainsbury's,"Dairy, eggs & chilled",Desserts,All desserts & cream,,£2.65,,,87p / 100g,8183451.0,Cookie dough baked with Belgian milk and white chocolate chunks,,https://assets.sainsburys-groceries.co.uk/gol/8183451/1/640x640.jpg,,,https://www.sainsburys.co.uk/gol-ui/product/sainsburys-takeaway-cookie-dough-dessert-304g,,2024-08-20T19:22:37.231070-04:00
66-1527-DAI,Gu Double Chocolate Brownie Dessert 2x79g,Gu,"Dairy, eggs & chilled",Desserts,All desserts & cream,,£3.75,2 for £3.75,£2.95,£2.37 / 100g,8168826.0,2 Chocolate (14.9%) Brownies with Dark (6.3%) and Milk (2.8%) Chocolate Crème and Topped with Cocoa Biscuit,,https://assets.sainsburys-groceries.co.uk/gol/8168826/1/640x640.jpg,"Nutrient	100 g	79 g ramekin
Energy	1798kJ	1420kJ
Energy	432kcal	341kcal
Fat	28g	22g
of which saturates	17g	13g
Carbohydrate	40g	32g
of which sugars	30g	24g
Fibre	1.5g	1.2g
Protein	4.3g	3.4g
Salt	0.17g	0.14g","Cream (Milk), Sugar, Cocoa Mass, Whole Egg, Soft Dark Brown Sugar, Butter (Milk), Oat Flour, Cocoa Butter, Glucose Syrup, Wheat Flour (Wheat Flour, Calcium Carbonate, Iron, Niacin, Thiamin), Whole Milk Powder, Demerara Sugar, Palm Oil, Wholemeal Wheat Flour, Emulsifier (Soya Lecithin, Sodium Diphosphate), Natural Vanilla Flavouring, Agar, Water, Reduced Fat Cocoa Powder, Rapeseed Oil, Preservative (Potassium Sorbate), Raising Agents (Sodium Bicarbonate, Ammonium Bicarbonate), Invert Sugar Syrup, Sea Salt, Acidity Regulator (Citric Acid, Lactic Acid), Salt",https://www.sainsburys.co.uk/gol-ui/product/g%C3%BC-brownies-double-chocolate-2x79g,2x79g,2024-08-20T19:22:44.853069-04:00
66-1528-DAI,Bonne Maman Apple & Caramel Mousse 2×90g,Bonne,"Dairy, eggs & chilled",Desserts,All desserts & cream,,£2.40,,,£1.33 / 100g,8168337.0,Vanilla Mousse with pieces of apple topped with a caramel sauce,,https://assets.sainsburys-groceries.co.uk/gol/8168337/1/640x640.jpg,"Nutrient	per 100g
Energy	846 kJ/ 203 kcal
Fat	13.2 g
of which saturates	8.3 g
Carbohydrate	19.1 g
of which sugars	17.3 g
Fibre	0.6 g
Protein	1.6 g
Salt	0.1 g","Cream (30%) (Milk), Apple (22%), Whole Milk (20%), Sugar, Apple Puree (7%), Sea Salted Butter Caramel (3%) (Sweetened Condensed Skimmed Milk, Sugar, Water, Glucose Syrup, Sea Salted Butter (Milk), Salt, Gelling Agent (Pectin)), Cornflour, Pork Gelatin, Concentrated Lemon Juice, Caramel (Water, Sugar), Natural Vanilla Flavouring, Gelling Agent (Pectin), Salt",https://www.sainsburys.co.uk/gol-ui/product/bonne-maman-apple-caramel-mousse-2%C3%9790g,,2024-08-20T19:22:57.464274-04:00
66-1529-DAI,Sainsbury's Melting Middle Chocolate Puddings 2x135g,Sainsbury's,"Dairy, eggs & chilled",Desserts,All desserts & cream,,£2.75,2 for £2.75,,£1.02 / 100g,7512411.0,2 Pots of Belgian chocolate sponge pudding with a Belgian chocolate sauce centre,,https://assets.sainsburys-groceries.co.uk/gol/7512411/1/640x640.jpg,,,https://www.sainsburys.co.uk/gol-ui/product/sainsburys-chocolate-melting-middle-puds-2x135g,2x135g,2024-08-20T19:23:18.441555-04:00
66-1530-DAI,Sainsbury's Cream Cake Selection x6 300g,Sainsbury's,"Dairy, eggs & chilled",Desserts,All desserts & cream,,£4.35,,,£1.45 / 100g,7939642.0,"2 Doughnuts filled with sweetened cream and strawberry jam, 2 choux pastry éclairs filled with sweetened cream and topped with Belgian chocolate fondant, 2 butter enriched puff pastry slices layered with sweetened cream and strawberry jam, topped with fondant icing and chocolate flavoured lacing",,https://assets.sainsburys-groceries.co.uk/gol/7939642/1/640x640.jpg,,,https://www.sainsburys.co.uk/gol-ui/product/sainsburys-cream-cake-selection-x6-300g,,2024-08-20T19:23:39.114291-04:00
66-1531-DAI,English Cheesecake Company Lemon & Mascarpone Cheesecakes 2x107g,English,"Dairy, eggs & chilled",Desserts,All desserts & cream,,£3.75,2 for £3.75,,£1.75 / 100g,8087041.0,2 Lemon and Mascarpone Cheesecake Slices.,,https://assets.sainsburys-groceries.co.uk/gol/8087041/1/640x640.jpg,"Nutrient	Per 100g	Per 107g
Energy kcal	384	410
Energy kJ	1608	1720
Fat	25.2g	26.2g
of which saturates	12.3g	13.1g
Carbohydrate	34.4g	36.8g
of which sugars	21.5g	23.0g
Fibre	0.6g	0.6g
Protein	4.2g	4.4g
Salt	0.50g	0.53g","Biscuit Base (29%) [Fortified Wheat Flour (Wheat Flour, Calcium Carbonate, Iron, Thiamin, Niacin), Vegetable Oils (SG RSPO Palm, Rapeseed), Sugar, Invert Sugar Syrup, Raising Agents; E500ii, E503ii, Salt], Double Cream (Milk), Reduced Fat Soft Cheese (Milk) (11%) [Skimmed Milk, Cream (Milk), Permeate, Salt, Tapioca Starch, Thickeners: Xanthan Gum and Locust Bean Gum, Bacterial Starter Culture], Sugar, Lemon Juice (9%) [Preservatives: E224 (Sulphites)], Butter (Milk), Full Fat Soft Cheese (Milk) (3%), Pasteurised Whole Egg Free Range, White Chocolate (3%) [Sugar, Whole Milk Powder, Cocoa Butter, Skimmed Milk Powder, Emulsifier: Soya Lecithin, Vanilla Flavouring], Mascarpone Cheese (Milk) (2%), Milk, Starch, Glucose Syrup, Partially Inverted Sugar Syrup, White Chocolate Curls [Sugar, Whole Milk Powder, Cocoa Butter, Emulsifier; Soya Lecithin, Natural Vanilla Flavouring], Lemon Juice Concentrate, Icing Sugar, Modified Starch (Maize), Tapioca Starch, Preservative (Potassium Sorbate (E202)), Citric Acid, Lemon Oil",https://www.sainsburys.co.uk/gol-ui/product/english-cheesecake-company-lemon-mascarpone-cheesecakes-232g,2x107g,2024-08-20T19:23:52.223751-04:00
66-1532-DAI,Sainsbury's Sticky Toffee Pudding Dessert 400g,Sainsbury's,"Dairy, eggs & chilled",Desserts,All desserts & cream,,£4.00,,,£1.00 / 100g,7333052.0,Butter enriched date sponge topped with sticky toffee sauce,,https://assets.sainsburys-groceries.co.uk/gol/7333052/1/640x640.jpg,,,https://www.sainsburys.co.uk/gol-ui/product/sainsburys-sticky-toffee-pudding-400g,,2024-08-20T19:24:13.051020-04:00
66-1533-DAI,The Delicious Dessert Company Triple Chocolate Eclairs 2x78g,The,"Dairy, eggs & chilled",Desserts,All desserts & cream,,£2.60,2 for £2.60,£2.00,£1.67 / 100g,8066096.0,"2 Choux pastry éclairs filled with chocolate mousse and cream, topped with chocolate fondant, decorated with white chocolate lacing.",,https://assets.sainsburys-groceries.co.uk/gol/8066096/1/640x640.jpg,,"Chocolate Mousse (23%) (Skimmed Milk, Double Cream (Milk), Sugar, Dark Chocolate (Sugar, Cocoa Mass, Emulsifier (Soya Lecithin), Flavouring), Milk Chocolate (Sugar, Milk Powder, Cocoa Butter, Cocoa Mass, Emulsifier (Soya Lecithin), Flavouring), Dried Glucose Syrup, Emulsifier (Lactic Acid Esters of Mono- and Diglycerides of Fatty Acids), Fat Reduced Cocoa Powder, Stabiliser (Pectin), Milk Protein, Whey Powder (Milk)), Cream (Milk) (22%), Pasteurised Egg, Wheat Flour (Wheat Flour, Calcium Carbonate, Iron, Niacin, Thiamin), Sugar, Vegetable Oils (Rapeseed, Palm), Milk Chocolate (5%) (Sugar, Milk Powder, Cocoa Butter, Cocoa Mass, Emulsifier (Soya Lecithin), Flavouring), Dark Chocolate (2.5%) (Cocoa Mass, Sugar, Emulsifier (Soya Lecithin), Flavouring), White Chocolate (2%) (Sugar, Cocoa Butter, Milk Powder, Emulsifier (Soya Lecithin), Flavouring), Dried Glucose Syrup, Dextrose, Milk Protein, Stabiliser (Pectin)",https://www.sainsburys.co.uk/gol-ui/product/the-delicious-dessert-company-triple-chocolate-eclairs-actions-2x78g,2x78g,2024-08-20T19:24:30.949998-04:00
66-1534-DAI,English Cheesecake Company Sea Salted Chocolate Cheesecake Slices x2 214g,English,"Dairy, eggs & chilled",Desserts,All desserts & cream,,£3.75,,£2.50,£1.75 / 100g,8188818.0,Sea Salted Chocolate Cheesecake,,https://assets.sainsburys-groceries.co.uk/gol/8188818/1/640x640.jpg,"Nutrient	Per 100g	Per Slice (Approx 107g)
Energy kJ	1630	1744
Energy kcal	389	416
Fat	24.2g	25.8g
of which saturates	11.8g	12.6g
Carbohydrate	38.1g	40.7g
of which sugars	24.1g	25.7g
Fibre	1.9g	2.0g
Protein	5.0g	5.3g
Salt	0.79g	0.84g","Biscuit Base (28%) [Fortified Wheat Flour (Wheat Flour, Calcium Carbonate, Iron, Thiamin, Niacin), Vegetable Oils (SG RSPO Palm, Rapeseed), Sugar, Invert Sugar Syrup, Raising Agents; E500ii, E503ii, Salt], Double Cream (Milk), Reduced Fat Soft Cheese (Milk) (16%) [Skimmed Milk, Cream (Milk), Permeate, Salt, Tapioca Starch, Thickener (Xanthan Gum, Locust Bean Gum), Bacterial Starter Culture], Sugar, Full Fat Soft Cheese (Milk) (5%), Dark Chocolate (5%) [Cocoa Mass, Sugar, Cocoa Butter, Fat Reduced Cocoa Powder, Emulsifier; Soya Lecithin], Glucose Syrup, Fat Reduced Cocoa Powder, Milk, Butterscotch Pieces [Sugar, Glucose Syrup, Brown Sugar (Sugar, Cane Molasses), Non-Hydrogenated Vegetable Fat SG (Shea Oil, Palm Oil, Emulsifier E322), Butter (Milk) Water, Palm Oil SG, Sweetened Condensed Milk (Milk, Sugar), Vegetable Oil SG, Salt, Emulsifier E322 (Soya), Icing Sugar (Sugar, Anti-Caking Agent E341iii), Natural Flavouring], Butter (Milk), Icing Sugar, Starch, Partially Inverted Sugar Syrup, Natural Malt Flavour Powder (Barley), Tapioca Starch, Sea Salt, Preservative (Potassium Sorbate (E202), Modified Starch (Maize)",https://www.sainsburys.co.uk/gol-ui/product/english-cheesecake-company-sea-salted-chocolate-cheesecake-slices-214g-x2,,2024-08-20T19:24:39.140896-04:00
66-1535-DAI,Plant Pioneers Chocolate & Salted Caramel Pots 2x100g,Plant,"Dairy, eggs & chilled",Desserts,All desserts & cream,,£2.45,2 for £2.45,,£1.23 / 100g,8035229.0,"Salted caramel sauce, caramel ganache, chocolate and salted caramel mousses and dark chocolate drops",,https://assets.sainsburys-groceries.co.uk/gol/8035229/1/640x640.jpg,,,https://www.sainsburys.co.uk/gol-ui/product/plant-pioneers-chocolate-caramel-pots-2x100g,2x100g,2024-08-20T19:25:00.086809-04:00
66-1536-DAI,Gü Ultimate Chocolate Cheesecake Dessert 2x85g,Gü,"Dairy, eggs & chilled",Desserts,All desserts & cream,,£3.75,2 for £3.75,,£2.21 / 100g,8187720.0,"2 Milk Chocolate (5.4%) Cheesecakes Made with Full Fat Cheese (12.6%), on a White Chocolate (4.6%) Crème, Topped with a Dark Chocolate (7.6%) Ganache",,https://assets.sainsburys-groceries.co.uk/gol/8187720/1/640x640.jpg,"Nutrient	per 100g	per 85g Ramekin
Energy	1605kJ	1364kJ
Energy	385kcal	327kcal
Fat	24g	20g
of which saturates	14g	12g
Carbohydrate	37g	31g
of which sugars	27g	23g
Fibre	1.47g	1.25g
Protein	4.4g	3.8g
Salt	0.23g	0.20g","Cream (Milk), Sugar, Water, Cocoa Mass, Wheat Flour (Wheat Flour, Calcium Carbonate, Iron, Nicotinamide, Thiamine), Demerera Sugar, Milk, Cocoa Butter, Whole Milk Powder, Palm Oil, Wholemeal Wheat Flour, Glucose Syrup, Rapeseed Oil, Skimmed Milk Powder, Modified Starch, Fat Reduced Cocoa Powder, Invert Sugar Syrup, Pasteurised Egg Yolk, Cornflour, Raising Agent (Ammonium Bicarbonate, Sodium Bicarbonate), ButterMilk Powder, Salt, Beef Gelatine, Emulsifier (Soya Lecithin), Preservative (Potassium Sorbate), Natural Vanilla Flavouring, Lactic Cultures (Milk), Acidity Regulator (Citric Acid)",https://www.sainsburys.co.uk/gol-ui/product/g%C3%BC-ultimate-chocolate-cheesecake-dessert-2x85g,2x85g,2024-08-20T19:25:13.838180-04:00
66-1537-DAI,Sainsbury's Neapolitan Sundae 125g,Sainsbury's,"Dairy, eggs & chilled",Desserts,All desserts & cream,,£1.30,,,£1.04 / 100g,8184756.0,"Layers of vanilla flavour, strawberry flavour and cream mousses, chocolate sauce and chocolate curls",,https://assets.sainsburys-groceries.co.uk/gol/8184756/1/640x640.jpg,,,https://www.sainsburys.co.uk/gol-ui/product/sainsburys-neapolitan-sundae-125g,,2024-08-20T19:25:34.811009-04:00
66-1538-DAI,"Sainsbury's Amaretto Tiramisu, Taste the Difference 400g",Sainsbury's,"Dairy, eggs & chilled",Desserts,All desserts & cream,,£4.50,,,£1.13 / 100g,8161612.0,Savoiardi biscuit soaked in coffee and amaretto liquor sauce topped with mascarpone and Marsala wine cream,,https://assets.sainsburys-groceries.co.uk/gol/8161612/1/640x640.jpg,,,https://www.sainsburys.co.uk/gol-ui/product/sainsburys-amaretto-tiramisu-taste-the-difference,,2024-08-20T19:25:55.878890-04:00
66-1539-DAI,Gü Inspirations Tiramisu Dessert 2x85g,Gü,"Dairy, eggs & chilled",Cakes & tarts,All cakes & tarts,,£2.75,2 for £2.75,£2.50,£1.62 / 100g,8114173.0,"2 Mascarpone (6%) and Marsala Wine (1.9%) Cheesecakes on a Coffee Crème (21%) and a Biscuit Base, Topped with a Coffee Ganache (22%)",,https://assets.sainsburys-groceries.co.uk/gol/8114173/1/640x640.jpg,"Nutrient	per 100g	per 85g ramekin
Energy	1591 kJ	1352 kJ
Energy	382 kcal	324 kcal
Fat	25g	21g
of which saturates	14g	12g
Carbohydrate	35g	29g
of which sugars	24g	21g
Fibre	1.3g	1.1g
Protein	3.8g	3.2g
Salt	0.21g	0.18g","Cream (Milk), Sugar, Water, Wheat Flour (Wheat Flour, Calcium Carbonate, Iron, Nicotinamide, Thiamine), Demerara Sugar, Palm Oil, Wholemeal Wheat Flour, Marsala Wine, Cocoa Mass, Cocoa Butter, Glucose Syrup, Whole Milk Powder, Rapeseed Oil, Coffee Extract, Invert Sugar Syrup, Pasteurised Egg Yolk, Skimmed Milk Powder, Modified Starch, Raising Agents (Sodium Bicarbonate, Ammonium Bicarbonate), Milk Protein Concentrate, Beef Gelatine, Cornflour, ButterMilk Powder, Salt, Fat-Reduced Cocoa Powder, Preservative (Potassium Sorbate), Coffee, Emulsifier (Soya Lecithin), Natural Vanilla Flavour, Acidity Regulator (Citric Acid), Lactic Cultures (Milk)",https://www.sainsburys.co.uk/gol-ui/product/g%C3%BC-tiramisu-dessert-2x85g,2x85g,2024-08-20T19:26:03.564545-04:00
66-1540-DAI,Dina Assorted Baklava Cake 350g,Dina,"Dairy, eggs & chilled",Cakes & tarts,All cakes & tarts,,£5.00,,,£14.29 / kg,8088379.0,A selection of Mediterranean treats - the perfect gift,,https://assets.sainsburys-groceries.co.uk/gol/8088379/1/640x640.jpg,,"Filo Pastry [Fortified Wheat Flour (Wheat Flour, Calcium Carbonate (E170), Iron, Nicotinamide (Vit B3), Thiamine Hydrochloride (Vit B1)), Water, Maize Starch, Glucose Syrup, Salt], Inverted Sugar Syrup, Butter Blend [Rapeseed Oil, Butterfat (Milk)], 10% Cashew, 9% Dark Chocolate (Cocoa Mass, Sugar, Cocoa Butter, Emulsifier Soy Lecithin, Natural Vanilla Flavour), 4.5% Walnut, 4% Milk Chocolate (Whole Milk Powder, Sugar, Cocoa Butter, Cocoa Mass, Emulsifier Soy Lecithin, Natural Vanilla Flavouring), Almond, Macadamia, Pistachio, Coco Powder",https://www.sainsburys.co.uk/gol-ui/product/dina-baklawa-handmade-cake-350g,,2024-08-20T19:26:16.108595-04:00
66-1541-DAI,Sainsbury's Jam Roly Poly Dessert 465g,Sainsbury's,"Dairy, eggs & chilled",Desserts,All desserts & cream,,£4.00,,,86p / 100g,7332051.0,4 Vegetable suet pudding slices with raspberry jam,,https://assets.sainsburys-groceries.co.uk/gol/7332051/1/640x640.jpg,,,https://www.sainsburys.co.uk/gol-ui/product/sainsburys-jam-roly-poly-465g,,2024-08-20T19:26:37.695030-04:00
66-1542-DAI,Rhokett Chocolate & Vanilla Cheesecake Slices 160g,Rhokett,"Dairy, eggs & chilled",Desserts,All desserts & cream,,£3.35,,,£2.09 / 100g,8185019.0,"Madagascan vanilla cheesecake with milk and dark chocolate chunks, decorated with a milk chocolate sauce on a chocolate biscuit crumb base.",80 g,https://assets.sainsburys-groceries.co.uk/gol/8185019/1/640x640.jpg,"Nutrient	Per 100g	Per 80g Per serving*
Energy kJ	1558	1247
Energy kcal	374	299
Fat	25.0g	20g
(of which saturates)	14.7g	11.7g
Carbohydrate	32.5g	26.0g
(of which sugars)	21.8g	17.4g
Fibre	1.0g	0.8g
Protein	4.2g	3.4g
Salt	0.37g	0.3g","Full Fat Soft Cheese (Milk), Whipping Cream (Milk), Sugar, Wheat Flour (Wheat Flour, Calcium Carbonate, Niacin, Iron, Thiamin), Pasteurised Free Range Egg, Vegetable Oil (Palm, Rapeseed), Clarified Butter (Milk), Milk Chocolate (3%) (Sugar, Whole Milk Powder, Cocoa Butter, Cocoa Mass, Emulsifier (Soya Lecithin), Natural Vanilla Flavouring), Unsalted Butter (Milk), Dark Chocolate (Sugar, Cocoa Mass, Cocoa Butter, Emulsifier (Soya Lecithin) Natural Vanilla Flavouring), Cornflour, Cocoa Powder, Invert Sugar Syrup, Sweetened Condensed Skimmed Milk (Milk, Sugar, Lactose), Dextrose, Salt, Vanilla Extract, Raising Agent (Sodium Bicarbonate), Glucose Syrup, Salted Butter (Milk), Concentrated Lemon Juice, Fat Reduced Cocoa Powder, Gelling Agent (Pectin), Sea Salt, Emulsifier (Mono- and Diglycerides of Fatty Acids), Thickener (Xanthan Gum)",https://www.sainsburys.co.uk/gol-ui/product/rhokett-chocolate-vanilla-cheesecake-slices-160g,,2024-08-20T19:26:50.467526-04:00
66-1543-DAI,Gu Chocolate Hazelnut Praline Zillionaire Cheesecake Dessert 2x86.5g,Gu,"Dairy, eggs & chilled",Desserts,All desserts & cream,,£3.75,2 for £3.75,£2.95,£2.17 / 100g,8168835.0,2 Chocolate (9%) and Salted Caramel (20%) Cheesecakes Made With Full Fat Soft Cheese (6%) and Hazelnut Praline (1.3%) Topped With Bronze Sprinkles (1.7%),,https://assets.sainsburys-groceries.co.uk/gol/8168835/1/640x640.jpg,,"Cream (Milk), Sugar, Wheat Flour (Wheat Flour, Calcium Carbonate, Iron, Niacin, Thiamin), Demerara Sugar, Glucose-Fructose Syrup, Water, Cocoa Mass, Condensed Milk, Palm Oil, Wholemeal Wheat Flour, Glucose Syrup, Butter (Milk), Hazelnut, Rapeseed Oil, Invert Sugar Syrup, Cocoa Butter, Pasteurised Egg Yolk, Whole Milk Powder, Skimmed Milk Powder, Raising Agents (Sodium Bicarbonate, Ammonium Bicarbonate), Milk Protein, Salt, Beef Gelatine, Cornflour, Buttermilk Powder, Guérande Salt, Stabiliser (Pectin), Fat Reduced Cocoa Powder, Emulsifier (Soya Lecithin), Preservative (Potassium Sorbate), Acidity Regulators (Lactic Acid, Citric Acid), Gianduja Flavouring, Colour (Iron Oxides), Glazing Agent (Shellac), Natural Vanilla Extract, Lactic Cultures (Milk)",https://www.sainsburys.co.uk/gol-ui/product/g%C3%BC-zillionaire-hazelnut-praline-cheesecakes-limited-edition-2x865g,2x86.5g,2024-08-20T19:26:57.806761-04:00
66-1544-DAI,Bonne Maman Strawberry & Raspberry Compote Dessert 2x130g,Bonne,"Dairy, eggs & chilled",Desserts,All desserts & cream,,£3.30,2 for £3.30,,£1.27 / 100g,8154860.0,Strawberry & raspberry compote with elderflower.,,https://assets.sainsburys-groceries.co.uk/gol/8154860/1/640x640.jpg,"Nutrient	per 100 g
Energy	331 kJ/ 78 kcal
Fat	0.2 g
of which saturates	0 g
Carbohydrates	17 g
of which sugars	17 g
Fibre	2.8 g
Protein	0.7 g
Salt	0 g","Strawberries 61%, Raspberries 25%, Sugar, Elderflower Infusion, Concentrated Acerola Juice, Gelling Agent : Fruit Pectins",https://www.sainsburys.co.uk/gol-ui/product/bonne-maman-strawberry-raspberry-compote-dessert-2x130g,2x130g,2024-08-20T19:27:10.649085-04:00
66-1545-DAI,Sainsbury's Hot Chocolate Fudge Cake Dessert 730g,Sainsbury's,"Dairy, eggs & chilled",Desserts,All desserts & cream,,£6.00,,,82p / 100g,6007191.0,Chocolate flavoured sponge topped with chocolate ganache fudge and Belgian dark chocolate curls,,https://assets.sainsburys-groceries.co.uk/gol/6007191/1/640x640.jpg,,,https://www.sainsburys.co.uk/gol-ui/product/sainsburys-hot-chocolate-fudge-cake-730g,,2024-08-20T19:27:31.201580-04:00
66-1546-DAI,The Delicious Dessert Company Millionaire's Loaded Doughnuts,The,"Dairy, eggs & chilled",Desserts,All desserts & cream,,£2.60,,£2.00,£1.31 / 100g,8188812.0,"2 Doughnuts injected with caramel sauce, topped with a chocolate crème pâtissière, caramel sauce and cocoa powder.",,https://assets.sainsburys-groceries.co.uk/gol/8188812/1/640x640.jpg,"Nutrient	Per 100g	Per Doughnut
Energy kJ	1424kJ	1414kJ
Energy kcal	341kcal	338kcal
Fat	18.5g	18.4g
of which saturates	9.7g	9.7g
Carbohydrates	37.7g	37.4g
of which sugars	18.0g	17.8g
Fibre	0.9g	0.9g
Protein	5.4g	5.4g
Salt	0.65g	0.64g","Salted Caramel Sauce (31%) (Cream (Milk), Brown Sugar, Water, Partially Inverted Refiners Syrup, Sugar, Cornflour, Butter (Milk), Salt, Gelling Agent (Pectins), Colour (Plain Caramel), Flavouring), Wheat Flour (Wheat Flour, Calcium Carbonate, Iron, Niacin, Thiamine), Cream (Milk) (19%), Vegetable Oils (Palm, Rapeseed), Sugar, Pasteurised Egg, Water, Dark Chocolate (Cocoa Mass, Sugar, Cocoa Butter, Emulsifier (Soya Lecithin), Flavouring), Cornflour, Milk, Milk Chocolate (Sugar, Cocoa Butter, Milk Powder, Cocoa Mass, Emulsifier (Soya Lecithin), Flavouring), Partially Inverted Refiners Syrup, Yeast, Dextrose, Milk Proteins, Fat Reduced Cocoa Powder, Emulsifiers (Mono-and Diglycerides of Fatty Acids, Sodium Stearoyl-2-Lactylate), Raising Agents (Disodium Phosphate, Sodium Bicarbonate), Salt, Butter (Milk), Stabilisers (Carboxy Methyl Cellulose, Pectins, Calcium Sulphate, Diphosphates), Soya Flour, Gelling Agent (Sodium Alginate), Flour Treatment Agent (Ascorbic Acid), Flavouring, Colour (Carotenes), Lactose (Milk)",https://www.sainsburys.co.uk/gol-ui/product/the-delicious-dessert-company-millionaires-loaded-doughnuts,,2024-08-20T19:27:38.716673-04:00
66-1547-DAI,Plant Pioneers Tiramisu Desserts 2x85g,Plant,"Dairy, eggs & chilled",Desserts,All desserts & cream,,£2.45,2 for £2.45,,£1.44 / 100g,8083680.0,"Rice-based mousse, sponge biscuit soaked in coffee sauce and decorated with cocoa powder.",,https://assets.sainsburys-groceries.co.uk/gol/8083680/1/640x640.jpg,,,https://www.sainsburys.co.uk/gol-ui/product/plant-pioneers-tiramisu-desserts-x2-85g,2x85g,2024-08-20T19:27:59.634841-04:00
66-1548-DAI,Gü Black Forest Cheesecake 2x88g,Gü,"Dairy, eggs & chilled",Desserts,All desserts & cream,,£3.75,2 for £3.75,,£2.13 / 100g,8187723.0,"2 Kirsch (0.6%) Cheesecakes Made with Full Fat Cheese (6.7%) on a Milk (1.1%) and Dark (2.5%) Chocolate Crème, Topped with a Cherry (11.7%) Compote",,https://assets.sainsburys-groceries.co.uk/gol/8187723/1/640x640.jpg,"Nutrient	per 100g	per 88g Ramekin
Energy	1309kJ	1152kJ
Energy	313kcal	275kcal
Fat	17g	15g
of which saturates	9g	8g
Carbohydrate	37g	32g
of which sugars	25g	22g
Fibre	1.07g	0.94g
Protein	3.1g	2.7g
Salt	0.19g	0.17g","Cream (Milk), Sugar, Water, Cherries, Wheat Flour (Wheat Flour, Calcium Carbonate, Iron, Nicotinamide, Thiamine), Demerera Sugar, Glucose Syrup, Palm Oil, Wholemeal Wheat Flour, Cocoa Mass, Modified Starch, Rapeseed Oil, Invert Sugar Syrup, Kirsch, Pasteurised Egg Yolk, Fat Reduced Cocoa Powder, Skimmed Milk Powder, Beef Gelatine, Cocoa Butter, Whole Milk Powder, Raising Agents (Sodium Bicarbonate, Ammonium Bicarbonate), Milk Protein Powder, Salt, Cornflour, Acidity Regulator (Citric Acid, Sodium Citrates), ButterMilk Powder, Natural Flavouring, Preservative (Potassium Sorbate), Blackcarrot Extract, Emulsifier (Soya Lecithin), Lactic Cultures (Milk)",https://www.sainsburys.co.uk/gol-ui/product/g%C3%BC-black-forest-cheesecake-2x88g,2x88g,2024-08-20T19:28:12.393735-04:00
66-1549-DAI,Sainsbury's Chocolate Cheesecake Slices 2x90g,Sainsbury's,"Dairy, eggs & chilled",Cakes & tarts,All cakes & tarts,,£2.65,2 for £2.65,,£1.47 / 100g,8110894.0,Baked Belgian chocolate cheesecake swirled with a Belgian chocolate sauce on a digestive biscuit crumb,,https://assets.sainsburys-groceries.co.uk/gol/8110894/1/640x640.jpg,,,https://www.sainsburys.co.uk/gol-ui/product/sainsburys-chocolate-cheesecake-slices-2x90g,2x90g,2024-08-20T19:28:33.299455-04:00
66-1550-DAI,Gu Chocolate & Salted Caramel Brownie Dessert 2x80g,Gu,"Dairy, eggs & chilled",Desserts,All desserts & cream,,£3.75,2 for £3.75,£2.95,£2.34 / 100g,8168829.0,2 Chocolate (15%) Brownies with Salted Caramel (20.4%) Crème and Topped with Caramelised Biscuit,,https://assets.sainsburys-groceries.co.uk/gol/8168829/1/640x640.jpg,"Nutrient	100g	80g ramekin
Energy	1685kJ	1348kJ
Energy	404kcal	323kcal
Fat	24g	19g
of which saturates	14g	11g
Carbohydrate	40g	32g
of which sugars	33g	26g
Fibre	1.5g	1.2g
Protein	7.6g	6.1g
Salt	0.36g	0.29g","Cream (Milk), Sugar, Pasteurised Whole Egg, Butter (Milk), Soft Dark Brown Sugar, Condensed Milk, Cocoa Mass, Oat Flour, Glucose Syrup, Water, Cocoa Butter, Wheat Flour (Wheat Flour, Calcium Carbonate, Iron, Niacin, Thiamin), Demerara Sugar, Palm Oil, Emulsifier (Soya Lecithin, Sodium Diphosphate), Agar, Salt, Natural Vanilla Flavouring, Rapeseed Oil, Invert Sugar Syrup, Thickener (Pectin), Preservative (Potassium Sorbate), Raising Agent (Sodium Bicarbonate), Sea Salt, Acidity Regulator (Citric Acid), Cinnamon",https://www.sainsburys.co.uk/gol-ui/product/g%C3%BC-brownies-salted-caramel-2x80g,2x80g,2024-08-20T19:28:40.872936-04:00
66-1551-DAI,Sainsbury's Treacle Tart 380g,Sainsbury's,"Dairy, eggs & chilled",Cakes & tarts,Pies & tarts,,£3.70,,,97p / 100g,7988096.0,"Butter enriched shortcrust pastry with a partially inverted refiners syrup, cream and breadcrumb filling",,https://assets.sainsburys-groceries.co.uk/gol/7988096/1/640x640.jpg,,,https://www.sainsburys.co.uk/gol-ui/product/sainsburys-tropical-sunrise-super-concentrated-fabric-conditioner-750ml-7988096-p-44,,2024-08-20T19:29:01.650829-04:00
66-1552-DAI,English Cheesecake Company Billionaire Milk Chocolate Cheesecake Pots 2x90g,English,"Dairy, eggs & chilled",Desserts,All desserts & cream,,£3.75,2 for £3.75,,£2.08 / 100g,8189077.0,2 Billionaire Milk Chocolate Cheesecake Pots.,,https://assets.sainsburys-groceries.co.uk/gol/8189077/1/640x640.jpg,"Nutrient	Per 100g	Per Pot (Approx 90g)
Energy kcal	423	380
Energy kJ	1768	1591
Fat	29.5g	26.5g
of which saturates	13.6g	12.2g
Carbohydrate	34.6g	31.1g
of which sugars	2.16g	19.4g
Fibre	0.8g	0.7g
Protein	5.1g	4.6g
Salt	0.54g	0.48g","Biscuit Base (26%) [Fortified Wheat Flour (Wheat Flour, Calcium Carbonate, Iron, Thiamin, Niacin), Vegetable Oils (SG RSPO Palm, Rapeseed), Sugar, Invert Sugar Syrup, Raising Agents (E500ii, E503ii), Salt], Double Cream (Milk), Reduced Fat Soft Cheese (Milk) (17%) [Skimmed Milk, Cream (Milk), Salt, Thickener (Tapioca Starch, Xanthan Gum, Locust Bean Gum)], Milk Chocolate (11%) [Sugar, Cocoa Butter, Whole Milk Powder, Cocoa Mass, Emulsifier (Soya Lecithin), Natural Vanilla Flavouring], Full Fat Soft Cheese (Milk) (5%), Sugar, Caramel Sauce (3%) [Glucose- Fructose Syrup, Whole Milk Powder, Water, Sugar, Skimmed Milk Powder, Preservative (Potassium Sorbate)], Vegetable Rapeseed Oil (3%), Butterscotch Pieces (3%) [Sugar, Glucose Syrup, Brown Sugar (Sugar, Cane Molasses), Non-Hydrogenated Vegetable Fat SG (Shea Oil, Palm Oil, Emulsifier: E322), Butter (Milk) Water, Palm Oil SG, Sweetened Condensed Milk (Milk, Sugar), Vegetable Oil SG, Salt, Emulsifier: E322 (Soya), Icing Sugar (Sugar, Anti-Caking Agent: E341), Natural Flavouring, Caramel Syrup [Glucose Syrup, Caramelised Sugar Syrup], Shortbread Biscuit Pieces (2%) [Shortcake Biscuit (Wheat Flour (Wheat Flour, Calcium Carbonate, Iron, Niacin, Thiamine), Sugar, Vegetable Fat SG (Palm Oil, Rapeseed Oil), Invert Sugar Syrup, Tapioca Starch, Salt, Raising Agents (E500, E503ii), Non-Hydrogenated Vegetable Fat SG (Shea Kemel Oil, Palm Oil, Emulsifier: E322)], Milk, Starch, Preservative (Potassium Sorbate)",https://www.sainsburys.co.uk/gol-ui/product/english-cheesecake-company-billionaire-milk-chocolate-cheesecake-pots-2x90g,2x90g,2024-08-20T19:29:14.509397-04:00
66-1553-DAI,English Cheesecake Company Toffee & Honeycomb Cheesecake Slices x2 214g,English,"Dairy, eggs & chilled",Desserts,All desserts & cream,,£3.75,,£2.50,£1.75 / 100g,8188824.0,Toffee & Honeycomb Cheesecake,,https://assets.sainsburys-groceries.co.uk/gol/8188824/1/640x640.jpg,"Nutrient	Per 100g	Per Slice (Approx 107g)
Energy kJ	393	420
Energy kcal	1643	1758
Fat	23.6g	25.2g
of which saturates	11.4g	12.1g
Carbohydrate	40.2g	43.0g
of which sugars	26.2g	28.0g
Fibre	0.6g	0.6g
Protein	5.0g	5.3g
Salt	0.59g	0.63g","Biscuit Base (29%) [Fortified Wheat Flour (Wheat Flour, Calcium Carbonate, Iron, Thiamin, Niacin), Vegetable Oils (SG RSPO Palm, Rapeseed), Sugar, Invert Sugar Syrup, Raising Agents; E500ii, E503ii, Salt], Double Cream (Milk), Reduced Fat Soft Cheese (Milk) (15%) [Skimmed Milk, Cream (Milk), Permeate, Salt, Tapioca Starch, Thickener (Xanthan Gum, Locust Bean Gum), Bacterial Starter Culture], Caramel Sauce (12%) [Glucose-Fructose Syrup, Whole Milk Powder, Water, Sugar, Skimmed Milk Powder, Preservative (Potassium Sorbate)], Sugar, Full Fat Soft Cheese (Milk) (5%), Milk Chocolate Honeycomb Granules (3%) [Sugar, Cocoa Butter, Cocoa Mass, Skimmed Milk Powder, Milk Sugar, Whey Powder (Milk), Anhydrous Milk Fat, Emulsifier: Soya Lecithin, Glucose Syrup, Water, Raising Agent: Sodium Bicarbonate, Stabiliser: Gum Arabic, Sucrose, Honey], Starch, Partially Inverted Sugar Syrup, Milk, Tapioca Starch, Caramel Syrup [Glucose Syrup, Caramelised Sugar Syrup], Toffee Flavouring [Natural Toffee Flavouring], Natural Vanilla Flavouring, Modified Starch (Maize), Preservative (Potassium Sorbate (E202))",https://www.sainsburys.co.uk/gol-ui/product/english-cheesecake-company-toffee-honeycomb-cheesecake-slices-214g-x2,,2024-08-20T19:29:21.463656-04:00
66-1554-DAI,Gü Mixology Passion Fruit Martini 2x89.5g,Gü,"Dairy, eggs & chilled",Desserts,All desserts & cream,,£3.95,2 for £3.95,£2.95,£2.21 / 100g,8153321.0,2 Passionfruit (22%) and Vanilla (0.15%) Cheesecakes Made with Full Fat Soft Cheese (5%),,https://assets.sainsburys-groceries.co.uk/gol/8153321/1/640x640.jpg,,"Passionfruit and Champagne Compote (22.1%) (Water, Sugar, Passion Fruit Juice from Concentrate, Glucose Syrup, Modified Starch, Marc de Champagne, Champagne, Acidity Regulator (Citric Acid), Carrot Juice Extract and Pumpkin Juice Extract, Preservative (Potassium Sorbate), Thickener (Xanthan Gum)), Sugar, Whipping Cream (Milk), Wheat Flour (Wheat Flour, Calcium Carbonate, Iron, Niacin, Thiamin), Demerara Sugar, Mascarpone Cheese (Mascarpone (Milk), Acidity Regulator (Citric Acid)), Full Fat Soft Cheese (Full Fat Soft Cheese (Milk), Modified Starch, Cornflour, Preservative (Potassium Sorbate)), Water, Pasteurised Whole Egg, Passionfruit Puree (4.2%), Chocolate Coated Popping Candy (Milk Chocolate (Sugar, Cocoa Butter, Cocoa Mass, Skimmed Milk Powder, Milk Sugar, Whey Powder (Milk), Anhydrous Milk Fat, Emulsifier (Soya Lecithin)), Popping Candy (Sugar, Maltose, Flavour Enhancer (Malic Acid), Aerator (Carbon Dioxide)), Non-Hydrogenated Vegetable Fat (Shea Oil, Palm Oil, Emulsifier (Sunflower Lecithin)), Glazing Agent (Stabiliser (Gum Arabic), Sucrose, Glucose Syrup, Vegetable Oil)), Palm Oil, Wholemeal Flour (Wheat), Rapeseed Oil, Butter (Milk), Cornflour, Pasteurised Egg Yolk, Invert Sugar Syrup, Vodka (0.7%), Raising Agents (Sodium Bicarbonate, Ammonium Bicarbonate), Cocoa Butter, Modified Starch, Beef Gelatine, Preservative (Potassium Sorbate), Natural Vanilla Extract, Salt, Acidity Regulator (Citric Acid)",https://www.sainsburys.co.uk/gol-ui/product/gu-mixology-passion-fruit-martini-2x895g,2x89.5g,2024-08-20T19:29:29.128807-04:00
66-1555-DAI,The Coconut Collaborative Vanilla Custard 400g,The,"Dairy, eggs & chilled",Dairy & eggs,Custard,,£2.95,,,74p / 100g,8063492.0,"Vanilla Custard, Coconut Based.",,https://assets.sainsburys-groceries.co.uk/gol/8063492/1/640x640.jpg,,"Water, Sugar, Coconut Oil, Chicory Root Fibre, Stabilisers (Modified Corn Starch, Modified Tapioca Starch), Peruvian Carob, Fava Bean Protein, Salt, Natural Vanilla Flavouring, Colour: Beta-Carotene",https://www.sainsburys.co.uk/gol-ui/product/the-coconut-collaborative-vanilla-custard-400g,,2024-08-20T19:29:41.742611-04:00
66-1556-DAI,Sainsbury's Triple Chocolate Brookie Pudding 350g,Sainsbury's,"Dairy, eggs & chilled",Cakes & tarts,All cakes & tarts,,£4.00,,,£1.14 / 100g,8084161.0,"Cookie dough topped with a Belgian dark chocolate brownie, finished with Belgian milk and white chocolate chunks",,https://assets.sainsburys-groceries.co.uk/gol/8084161/1/640x640.jpg,,,https://www.sainsburys.co.uk/gol-ui/product/sainsburys-brookie-pudding-350g,,2024-08-20T19:30:02.318760-04:00
66-1557-DAI,Charlie Bigham's Proper Puds Sticky Toffee Pudding 436g,Charlie,"Dairy, eggs & chilled",Desserts,All desserts & cream,,£4.75,,,£1.09 / 100g,8086940.0,"A classic sticky toffee pudding with a generous, velvety toffee caramel sauce.",,https://assets.sainsburys-groceries.co.uk/gol/8086940/1/640x640.jpg,,"Cream (Milk), Dates, Light Muscovado Sugar, Wheat Flour (Wheat Flour, Calcium Carbonate, Iron, Niacin, Thiamin), Butter (Milk), Free-Range Egg, Black Treacle, Water, Golden Syrup, Raising Agents: Sodium Bicarbonate, Disodium Diphosphate*, Rice Flour, Salt, Natural Madagascan Vanilla Extract, Secret Ingredient: Obsession, *Don't worry, this is part of baking powder to help sponge rise",https://www.sainsburys.co.uk/gol-ui/product/charlie-bighams-sticky-toffee-pudding-436g,,2024-08-20T19:30:14.999849-04:00
66-1558-DAI,"Sainsbury's Salted Caramel Brownie Pudding, Taste the Difference 400g",Sainsbury's,"Dairy, eggs & chilled",Desserts,All desserts & cream,,£5.00,,,£1.25 / 100g,8161433.0,Belgian chocolate brownie with sea salted caramel sauce and Belgian milk chocolate chunks,,https://assets.sainsburys-groceries.co.uk/gol/8161433/1/640x640.jpg,,,https://www.sainsburys.co.uk/gol-ui/product/sainsburys-salted-caramel-brownie-pudding-taste-the-difference-400g,,2024-08-20T19:30:35.974864-04:00
66-1559-DAI,Gü Mixology Espresso Martini 2x83.5g,Gü,"Dairy, eggs & chilled",Desserts,All desserts & cream,,£3.95,2 for £3.95,£2.95,£2.37 / 100g,8153254.0,2 Coffee and Coffee Liqueur Flavoured Cheesecakes,,https://assets.sainsburys-groceries.co.uk/gol/8153254/1/640x640.jpg,,"Whipping Cream (Milk), Sugar, Mascarpone Cheese (Mascarpone (Milk), Acidity Regulator (Citric Acid)), Full Fat Soft Cheese (Full Fat Soft Cheese (Milk), Modified Starch, Cornflour, Preservative (Potassium Sorbate)), Wheat Flour (Wheat Flour, Calcium Carbonate, Iron, Niacin, Thiamin), Demerara Sugar, Water, Coffee Sugar Pearls (Milk Chocolate (Sugar, Cocoa Butter, Cocoa Mass, Skimmed Milk Powder, Milk Sugar, Whey Powder (Milk), Milk Fat, Emulsifier (Soya Lecithin)), Sugar, Non-Hydrogenated Vegetable Fat (Shea Oil, Palm Oil, Emulsifier (Sunflower Lecithin)), Glazing Agent (Stabilizer (Gum Arabic), Sucrose, Glucose Syrup, Vegetable Oil), Natural Flavouring), Palm Oil, Wholemeal Flour (Wheat), Coffee Liqueur (1.8%) (Sugar, Water, Alcohol, Flavour (Natural Coffee, Extract)), Rapeseed Oil, Coffee (1.0%), Cocoa Butter, Cornflour, Pasteurised Egg Yolk, Invert Sugar Syrup, Whole Milk Powder, Modified Starch, Fat Reduced Cocoa Powder, Raising Agents (Sodium Bicarbonate, Ammonium Bicarbonate), Beef Gelatine, Cocoa Mass, Salt, Preservative (Potassium Sorbate), Acidity Regulator (Lactic Acid, Citric Acid), Natural Flavouring, Emulsifier (Soya Lecithin), Glazing Agent (Shellac)",https://www.sainsburys.co.uk/gol-ui/product/gu-mixology-espresso-martini-2x835g,2x83.5g,2024-08-20T19:30:43.394128-04:00
66-1560-DAI,Royal Pista Kheer 350g,Royal,"Dairy, eggs & chilled",Desserts,All desserts & cream,,£3.25,,,93p / 100g,8124841.0,"Indian Dessert Made with Milk, Double Cream and Basmati Rice, Flavoured with Pistachio Nuts and Cardamom",,https://assets.sainsburys-groceries.co.uk/gol/8124841/1/640x640.jpg,"Nutrient	as sold Per 100g
Energy kJ	995
kcal	239
Fat (g)	14.3
of which saturates (g)	8.6
Carbohydrate (g)	22
of which sugars (g)	17
Fibre (g)	1.9
Protein (g)	4.5
Salt (g)	0.13","Milk (89%), Double Cream [Milk] 17%, Sugar, Basmati Rice 5%, Pistachio Nuts, Pistachio Paste (Sugar, Sunflower Seed Oil, Hazel Nut, Pistachio Nut, Emulsifier Soya Lecithin, Flavourings), Ground Cardamom, Colour: E100 & E141, Preservatives: Nisaplin, Potassium Sorbate",https://www.sainsburys.co.uk/gol-ui/product/royal-pista-kheer-350g,,2024-08-20T19:30:56.236240-04:00
66-1561-DAI,English Cheesecake Company Berry & White Chocolate Cheesecake Pots 2x90g,English,"Dairy, eggs & chilled",Desserts,All desserts & cream,,£3.75,2 for £3.75,,£2.08 / 100g,8189073.0,2 Berry & White Chocolate Cheesecake Pots.,,https://assets.sainsburys-groceries.co.uk/gol/8189073/1/640x640.jpg,"Nutrient	Per 100g	Per Pot (Approx 90g)
Energy kcal	400	360
Energy kJ	1673	1505
Fat	27.3g	24.5g
of which saturates	12.2g	10.9g
Carbohydrate	34.2g	30.7g
of which sugars	21.7g	19.5g
Fibre	0.7g	0.6g
Protein	4.6g	4.1g
Salt	0.50g	0.45g","Biscuit Base (26%) [Fortified Wheat Flour (Wheat Flour, Calcium Carbonate, Iron, Thiamin, Niacin), Vegetable Oils (SG RSPO Palm, Rapeseed), Sugar, Invert Sugar Syrup, Raising Agents (E500ii, E503ii), Salt], Double Cream (Milk), Reduced Fat Soft Cheese (Milk) (15%) [Skimmed Milk, Cream (Milk), Salt, Tapioca Starch, Thickener (Xanthan Gum, Locust Bean Gum)], White Chocolate (11%) [Sugar, Whole Milk Powder, Cocoa Butter, Skimmed Milk Powder, Emulsifier: Soya Lecithin, Vanilla Flavouring], Raspberries (6%), Full Fat Soft Cheese (Milk) (5%), Sugar, Glucose Syrup, Vegetable Rapeseed Oil (3%), Shortbread Biscuit Pieces (2%) [Shortcake Biscuit (Wheat Flour (Wheat Flour, Calcium Carbonate, Iron, Niacin, Thiamine), Sugar, Vegetable Fat SG, (Palm Oil, Rapeseed Oil), Invert Sugar Syrup, Tapioca Starch, Salt, Raising Agents (E500ii, E503ii), Non-Hydrogenated Vegetable Fat SG (Shea Kernel Oil, Palm Oil, Emulsifier: E322)], Milk, Water, Thickener (Modified Starch), Starch, Acidity Regulator (Citric Acid), Natural Vanilla Flavouring, Preservative (Potassium Sorbate)",https://www.sainsburys.co.uk/gol-ui/product/english-cheesecake-company-berry-white-chocolate-cheesecake-pots-2x90g,2x90g,2024-08-20T19:31:09.037283-04:00
66-1562-DAI,Gü Plant Dark Chocolate & Salted Caramel Mousse Dessert 2x70g,Gü,"Dairy, eggs & chilled",Desserts,Desserts for two,,£3.95,2 for £3.95,,£2.82 / 100g,8091443.0,2 Vegan Chocolate Mousses with Salted Caramel,,https://assets.sainsburys-groceries.co.uk/gol/8091443/1/640x640.jpg,"Nutrient	per 100g:	per 70g ramekin:
Energy	1390kJ/ 334kcal	973kJ/ 234kcal
Fat	21g	15g
of which saturates	16g	11g
Carbohydrate	33g	23g
of which sugars	26g	18g
Fibre	1.3g	0.9g
Protein	2.8g	2g
Salt	0.2g	0.14g","Dark Chocolate (29%) (Cocoa Mass, Sugar, Cocoa Butter, Emulsifier (Soya Lecithin), Natural Vanilla Flavouring), Coconut Cream, Chickpea Extract, Water, Brown Sugar, Caramel (6%) (Sugar, Water, Flavour, Thickeners (Xanthan Gum, Pectin, Modified Starch)), Coconut Oil, Sugar, Stabiliser (Soluble Gluco Fibre, Starch, Pea Protein), Thickener (Modified Starch), Natural Flavouring, Sea Salt",https://www.sainsburys.co.uk/gol-ui/product/gu-free-from-chocolate-mousse-with-salted-caramel-desserts-vegan-gluten-free-2x70g,2x70g,2024-08-20T19:31:21.747568-04:00
66-1563-DAI,Gu Chocolate Hazelnut Praline Brownie Dessert 2x75g,Gu,"Dairy, eggs & chilled",Desserts,All desserts & cream,,£3.75,2 for £3.75,£2.95,£2.50 / 100g,8168821.0,2 Chocolate (15.4%) Brownies with a Hazelnut (2.4%) Praline Crème Topped with Biscuit,,https://assets.sainsburys-groceries.co.uk/gol/8168821/1/640x640.jpg,"Nutrient	per 100g	per 75g ramekin
Energy	1800kJ	1350kJ
Energy	432kcal	324kcal
Fat	29g	22g
of which saturates	16g	12g
Carbohydrate	40g	30g
of which sugars	30g	23g
Fibre	2.0g	1.5g
Protein	4.6g	3.5g
Salt	0.17g	0.13g","Cream (Milk), Sugar, Cocoa Mass, Pasteurised Whole Egg, Soft Brown Sugar, Butter (Milk), Oat Flour, Cocoa Butter, Hazelnut, Glucose Syrup, Wheat Flour (Wheat Flour, Calcium Carbonate, Iron, Niacin, Thiamin), Demerara Sugar, Palm Oil, Wholemeal Wheat Flour, Emulsifier (Soya Lecithin, Sodium Diphosphate), Flavouring, Water, Agar, Rapeseed Oil, Preservative (Potassium Sorbate), Invert Sugar Syrup, Reduced Fat Cocoa Powder, Raising Agents (Sodium Bicarbonate, Ammonium Bicarbonate), Sea Salt, Acidity Regulator (Citric Acid), Salt",https://www.sainsburys.co.uk/gol-ui/product/g%C3%BC-brownies-hazelnut-praline-2x75g,2x75g,2024-08-20T19:31:29.176973-04:00
66-1564-DAI,Gü Plant Zillionaire Cheesecake Dessert 2x91.5g,Gü,"Dairy, eggs & chilled",Desserts,All desserts & cream,,£3.75,2 for £3.75,£2.85,£2.05 / 100g,8123953.0,"2 Gluten Free Biscuit Base with Layers of Caramel Crème and Salted Caramel & Coconut Cream Layer, Topped with a Chocolate Ganache Layer and Finished with a Sprinkle of Sugar Pearls.",,https://assets.sainsburys-groceries.co.uk/gol/8123953/1/640x640.jpg,"Nutrient	per 100g:	per 91.5g ramekin:
Energy	1518kJ/ 362kcal	1389kJ/ 332kcal
Fat	22g	20g
of which saturates	17g	16g
Carbohydrate	33g	30g
of which sugars	31g	28g
Fibre	2.0g	1.8g
Protein	2.0g	1.83g
Salt	0.36g	0.33g","Coconut Cream (29.5%), Biscuit Crumb (17%) (Gluten Free Flour Blend (Brown Rice Flour, Potato Starch, Maize Flour), Sugar, Palm Oil, Dried Rice Syrup, Raising Agent (Sodium Bicarbonate)), Aromatic Caramel (10.5%) (Sugar, Water, Flavour, Thickeners (Xanthan Gum, Pectin, Modified Starch)), Dark Chocolate (8.5%) (Cocoa Mass, Sugar, Cocoa Butter, Emulsifier (Soya Lecithin), Natural Vanilla Flavouring), Dark Brown Sugar, Demerara Sugar, Dairy Free Vegan Alternative to Cream Cheese (Water, Coconut Oil, Soya Protein Concentrate, Salt, Acidity Regulator (Lactic Acid), Sugar, Thickener (Carrageenan), Natural Flavourings, Preservative (Potassium Sorbate)), Coconut Oil (5.7%), Water, Vegetable Oil (Palm Oil, Rapeseed Oil), Sugar Pearls (1.6%) (Sugar, Caramelised Sugar, Shea Fat, Glucose Syrup, Colour (Iron Oxides), Sunflower Oil, Glazing Agent (Carnauba Wax)), Caramel (1.2%) (Sugar, Water), Glucose Syrup, Sugar, Thickener (Modified Starch), Cocoa Powder, Sea Salt, Starch, Gelling Agent (Agar)",https://www.sainsburys.co.uk/gol-ui/product/gu-plant-zillionaire-cheesecakes-2x915g,2x91.5g,2024-08-20T19:31:36.756331-04:00
66-1565-DAI,Gü Chocolate Orange Cheeky Pot,Gü,"Dairy, eggs & chilled",Desserts,All desserts & cream,,£2.95,,,£1.84 / 100g,8188908.0,,,https://assets.sainsburys-groceries.co.uk/gol/8188908/1/640x640.jpg,"Nutrient	100g	80g Ramekin
Energy	660 kJ	528 kJ
Energy	157 kcal	125 kcal
Fat	4.6g	3.6g
of which saturates	2.8g	2.2g
Carbohydrate	24g	19g
of which sugars	16g	13g
Fibre	1.53g	1.22g
Protein	5.7g	4.5g
Salt	0.19g	0.15g","Water, Whole Milk, Sugar, Orange, Cocoa Mass, Glucose Syrup, Whey Protein Concentrate (Milk), Skimmed Milk Powder, Bamboo Fibre, Cream (Milk), Passion Fruit Juice Concentrate, Mandarin, Thickener (Modified Starch), Buttermilk Powder, Beef Gelatine, Cornflour, Oligofructose, Modified Starch, Pea Protein, Cocoa Butter, Fat-Reduced Cocoa Powder, Acidity Regulators (Citric Acid, Sodium Citrates), Emulsifier (Soya Lecithin), Salt, Natural Flavouring, Preservative (Potassium Sorbate), Food Colouring (Carrot Juice Concentrate), Anti-Caking Agent (Sodium Ferrocyanide)",https://www.sainsburys.co.uk/gol-ui/product/g%C3%BC-chocolate-orange-cheeky-pot,,2024-08-20T19:31:54.826347-04:00
66-1566-DAI,White Rabbit Gluten Free Classic Tiramisu 2x95g,White,"Dairy, eggs & chilled",Desserts,All desserts & cream,,£3.75,2 for £3.75,,£1.97 / 100g,8189215.0,"Gluten free coffee soaked savoiardi sponge fingers, mascarpone, topped with cocoa powder.",,https://assets.sainsburys-groceries.co.uk/gol/8189215/1/640x640.jpg,"Nutrient	(as sold) per 100g:
Energy	1146kJ/ 273kcal
Fat	11.3g
(of which saturates	9.2g)
Carbohydrate	40.1g
(of which sugars)	26.3g
Fibre	0.5g
Protein	2.4g
Salt	0.49g","Skimmed Milk, Sugar, Savoiardi Sponge (10%) (Sugar, Rice Flour, Cornstarch, Whole Egg, Water, Stabiliser (Glycerin), Raising Agent (Ammonium Bicarbonate), Thickener (Guar Gum), Salt), Vegetable Oils (Coconut, Sunflower), Mascarpone (5%) (Milk), Maltodextrin, Egg Whites, Cornstarch, Cocoa Powder (2%), Vanilla Extract, Emulsifier (Mono- and Diglycerides of Fatty Acids), Coffee Powder, Thickeners (Carrageenan, Xanthan Gum), Salt, Flavouring",https://www.sainsburys.co.uk/gol-ui/product/white-rabbit-gluten-free-classic-tiramisu-2x95g,2x95g,2024-08-20T19:32:07.684174-04:00
66-1567-DAI,"Sainsbury's Lemon Tarts, Taste the Difference 146g",Sainsbury's,"Dairy, eggs & chilled",Desserts,All desserts & cream,,£3.50,,,£2.40 / 100g,7513003.0,"All butter pastry with a lemon and lime filling, topped with sweet glaze and decorated with dark and milk chocolate",,https://assets.sainsburys-groceries.co.uk/gol/7513003/1/640x640.jpg,,,https://www.sainsburys.co.uk/gol-ui/product/sainsburys-tart-au-citron-2-taste-the-difference-x73g,,2024-08-20T19:32:28.601505-04:00
66-1568-DAI,Sainsbury's Cookie Dessert 304g,Sainsbury's,"Dairy, eggs & chilled",Desserts,All desserts & cream,,£2.65,,,87p / 100g,8044519.0,Cookie dough baked with Belgian milk and white chocolate chunks,,https://assets.sainsburys-groceries.co.uk/gol/8044519/1/640x640.jpg,,,https://www.sainsburys.co.uk/gol-ui/product/sainsburys-cookie-dessert-304g,,2024-08-20T19:32:49.696391-04:00
66-1569-DAI,White Rabbit Gluten Free Italian Lemon Tiramisu 2x95g,White,"Dairy, eggs & chilled",Desserts,All desserts & cream,,£3.75,2 for £3.75,,£1.97 / 100g,8189211.0,"Gluten free savoiardi sponge fingers, mascarpone, topped with a citrusy lemon sauce.",,https://assets.sainsburys-groceries.co.uk/gol/8189211/1/640x640.jpg,"Nutrient	(as sold) per 100g:
Energy	1148kJ/ 273kcal
Fat	10.4g
(of which saturates	8.3g)
Carbohydrate	41.5g
(of which sugars)	27.8g
Fibre	0.5g
Protein	3.1g
Salt	0.42g","Skimmed Milk, Sugar, Savoiardi Sponge (10%) (Sugar, Rice Flour, Cornstarch, Whole Egg, Water, Stabiliser (Glycerin), Raising Agent (Ammonium Bicarbonate), Thickener (Guar Gum), Salt), Vegetable Oils (Coconut, Sunflower), Mascarpone (5%) (Milk), Maltodextrin, Egg Whites, Cornstarch, Vanilla Extract, Emulsifier (Mono- and Diglycerides of Fatty Acids), Thickeners (Carrageenan, Xanthan Gum), Limoncello Liqueur (0.5%), Lemon Oil (0.2%), Natural Colouring (Lutein), Salt, Flavouring",https://www.sainsburys.co.uk/gol-ui/product/white-rabbit-gluten-free-italian-lemon-tiramisu-2x95g,2x95g,2024-08-20T19:33:02.515608-04:00
66-1570-DAI,Gü Inspirations Salted Caramel Cookies & Cream Dessert 2x84g,Gü,"Dairy, eggs & chilled","Doughnuts, cookies & muffins",Cookies,,£3.75,2 for £3.75,,£2.21 / 100g,8123951.0,2 Caramel (5.6%) Cheesecakes on a Dark Chocolate (3.6%) and White Chocolate (3.6%) Cookie Base Topped with Biscuit,,https://assets.sainsburys-groceries.co.uk/gol/8123951/1/640x640.jpg,"Nutrient	100g	84g Ramekin
Energy	1652kJ	1387kJ
Energy	397kcal	333kcal
Fat	28g	23g
of which saturates	15g	13g
Carbohydrate	33g	28g
of which sugars	23g	20g
Fibre	0.6g	0.5g
Protein	3.6g	0.5g
Salt	0.39g	0.33g","Cream (Milk), Sugar, Water, Palm Oil, Pasteurised Whole Egg, Milk, White Rice Flour, Starch, Lyles Golden Syrup, Cocoa Mass, Glucose-Fructose Syrup, Rapeseed Oil, Pasteurised Egg Yolk, Cocoa Butter, Condensed Milk, Skimmed Milk Powder, Whole Milk Powder, Wheat Flour (Wheat Flour, Calcium Carbonate, Iron, Niacin, Thiamin), Maize Flour, Butter (Milk), Milk Protein Concentrate, Demerara Sugar, Buckwheat, Beef Gelatine, Guérande Salt, Cornflour, Buttermilk Powder, Invert Sugar Syrup, Preservative (Potassium Sorbate), Salt, Emulsifier (Soya Lecithin), Fat Reduced Cocoa Powder, Raising Agent (Sodium Bicarbonate), Stabiliser (Pectin), Natural Vanilla Flavouring, Acidity Regulator (Citric Acid), Cinnamon, Lactic Cultures (Milk)",https://www.sainsburys.co.uk/gol-ui/product/gu-inspirations-salted-caramel-cookies-cream-2x84g,2x84g,2024-08-20T19:33:15.232455-04:00
66-1571-DAI,"Sainsbury's Bramley Apple & Raisin Strudel, Taste the Difference 408g",Sainsbury's,"Dairy, eggs & chilled",Desserts,All desserts & cream,,£4.35,,,£1.07 / 100g,7657192.0,"Bramley apple with mixed spices and raisins, wrapped in filo pastry and topped with sweet sugar dusting",,https://assets.sainsburys-groceries.co.uk/gol/7657192/1/640x640.jpg,,,https://www.sainsburys.co.uk/gol-ui/product/sainsburys-apple-strudel--taste-the-difference-427g,,2024-08-20T19:33:36.141291-04:00
66-1572-DAI,Gü Inspirations Brookie Dessert 2x81g,Gü,"Dairy, eggs & chilled",Desserts,All desserts & cream,,£3.75,2 for £3.75,,£2.34 / 100g,8123941.0,2 Brownies on a Biscuit Base Topped with Full Fat Soft Cheese (5%) and Chocolate Biscuit,,https://assets.sainsburys-groceries.co.uk/gol/8123941/1/640x640.jpg,"Nutrient	100g	81g Ramekin
Energy	1821 kJ	1475 kJ
Energy	436 kcal	353 kcal
Fat	26g	21g
of which saturates	14g	11g
Carbohydrate	45g	36g
of which sugars	31g	25g
Fibre	1.73g	1.40g
Protein	4.6g	3.7g
Salt	0.26g	0.21g","Sugar, Cream (Milk), Wheat Flour (Wheat Flour, Calcium Carbonate, Iron, Niacin, Thiamin), Palm Oil, Water, Pasteurised Whole Egg, Cocoa Mass, Butter (Milk), Oat Flour, Wholemeal Wheat Flour, Rapeseed Oil, Invert Sugar Syrup, Pasteurised Egg Yolk, Skimmed Milk Powder, Raising Agents (Sodium Bicarbonate, Ammonium Bicarbonate), Milk Protein Concentrate, Fat Reduced Cocoa Powder, Beef Gelatine, Cocoa Butter, Salt, Buttermilk Powder, Emulsifier (Soya Lecithin), Molasses, Vanilla Extract, Preservative (Potassium Sorbate), Acidity Regulator (Citric Acid), Lactic Cultures (Milk), Maize Starch",https://www.sainsburys.co.uk/gol-ui/product/gu-inspirations-brookie-2x81g,2x81g,2024-08-20T19:33:48.876842-04:00
66-1573-DAI,Pots & Co Chocolate & Hazelnut Praline Ganache 4x45g,Pots,"Dairy, eggs & chilled",,,,£3.25,4 for £3.25,,£1.81 / 100g,8168813.0,Delightfully delicious,,https://assets.sainsburys-groceries.co.uk/gol/8168813/1/640x640.jpg,"Nutrient	Per 100g	Per 45g Pot
Energy	802kJ/ 193kcal	361kJ/ 87kcal
Fat	11.0g	5.0g
of which saturates	5.0g	2.3g
Carbohydrate	16.0g	7.3g
of which sugars	13.0g	5.7g
Protein	2.4g	1.1g
Salt	0.36g	0.16g","Water, 61% Cocoa Colombian Chocolate (17%) [Cocoa Mass, Sugar, Cocoa Butter, Emulsifier: Soya Lecithin; Vanilla Extract], Oat Base [Water, Gluten Free Oats, Sunflower Oil, Salt], Silken Tofu [Water, Soybeans, Acidity Regulator: Gluconolactone; Firming Agent: Calcium Chloride], Caramel [Sugar, Glucose-Fructose Syrup, Water], Chicory Root Fibre, Roasted Hazelnut Paste, Cocoa Powder, Rice Starch, Cornish Sea Salt, Carrageenan, Natural Flavouring",https://www.sainsburys.co.uk/gol-ui/product/pots-co-chocolate-hazelnut-praline-ganache-4x45g,4x45g,2024-08-20T19:34:06.806696-04:00
66-1574-DAI,Gü Double Chocolate Cheeky Pot Dessert 2x80g,Gü,"Dairy, eggs & chilled",Desserts,All desserts & cream,,£2.95,2 for £2.95,,£1.84 / 100g,8188914.0,2 Chocolate (9.5%) Desserts Topped with a Dark Chocolate (6%) Crème,,https://assets.sainsburys-groceries.co.uk/gol/8188914/1/640x640.jpg,"Nutrient	per 100g	per 80g Ramekin
Energy	809 kJ	647 kJ
Energy	194 kcal	155 kcal
Fat	9.3g	7.4g
of which saturates	5.7g	4.6g
Carbohydrate	19g	15g
of which sugars	15g	12g
Fibre	3.60g	2.88g
Protein	7.0g	5.6g
Salt	0.20g	0.16g","Whole Milk, Water, Sugar, Cocoa Mass, Cream (Milk), Whey Protein Concentrate (Milk), Skimmed Milk Powder, Bamboo Fibre, Fat Reduced Cocoa Powder, Butter Milk Powder, Beef Gelatine, Cornflour, Modified Starch, Cocoa Butter, Emulsifier (Soya Lecithin), Agar, Acidity Regulator (Lactic Acid), Dextrose, Salt, Whey Powder (Milk), Stabiliser (Carrageenan)",https://www.sainsburys.co.uk/gol-ui/product/g%C3%BC-double-chocolate-cheeky-pot-dessert-2x80g,2x80g,2024-08-20T19:34:19.142640-04:00
66-1575-DAI,Schär Milk Cake 26g,Schär,"Dairy, eggs & chilled",,,,£2.00,,,£1.92 / 100g,8132874.0,Gluten-free sponge cake with lactose-free milk filling - defrosted.,,https://assets.sainsburys-groceries.co.uk/gol/8132874/1/640x640.jpg,,"Lactose-free Whole Milk 31%, Sugar, Palm Fat, Lactose Free Skimmed Milk Powder 7%, Rice Flour, Maize Starch, Dextrose, Egg Powder, Sunflower Oil, Glucose Syrup, Skimmed Cocoa Powder*, Water, Rice Starch, Maize Flour, Raising Agents: Disodium Diphosphate, Sodium Hydrogen Carbonate, Ammonium Hydrogen Carbonate, Emulsifier: Mono- and Diglycerides of Fatty Acids, Natural Flavours, Salt, Thickeners: Locust Bean Gum, Xanthan Gum, *Rainforest Alliance Certified Cocoa",https://www.sainsburys.co.uk/gol-ui/product/schar-milk-cake-26g,,2024-08-20T19:34:36.920015-04:00
66-1576-DAI,"Sainsbury's Blueberry & Lemon Sponge Pudding Dessert, Taste the Difference 400g",Sainsbury's,"Dairy, eggs & chilled",Desserts,All desserts & cream,,£5.00,,,£1.25 / 100g,7856711.0,All butter sponge with blueberry and lemon curd and oat crumble topping,,https://assets.sainsburys-groceries.co.uk/gol/7856711/1/640x640.jpg,,,https://www.sainsburys.co.uk/gol-ui/product/sainsburys-lemon---blueberry-sponge--taste-the-difference-400g,,2024-08-20T19:34:57.869920-04:00
66-1577-DAI,BOL Butternut Squash & Chilli Immunity Power Soup,BOL,"Dairy, eggs & chilled",Fresh soup,,,£3.30,,£2.80,55p / 100g,8180766.0,Butternut squash & chilli soup with sweet potato and turmeric,,https://assets.sainsburys-groceries.co.uk/gol/8180766/1/640x640.jpg,"Nutrient	per 100g	per 300g	RI* per 300g		per 100g	per 300g	RI* per 300g
Energy kJ	258	774	9%
Energy kcal	56	168	9%
Fat (g)	2.4	7.2	10%
of which saturates (g)	1.1	3.3	17%
Carbohydrate (g)	6.5	19.5	8%
of which sugars (g)	2.9	8.7	10%
Fibre (g)	2.2	6.6	-
Protein (g)	1.8	5.4	11%
Salt (g)	0.38	1.14	19%
Vitamin A (ug)**	418	1254	157%","Water, Butternut Squash (24%), Carrots, Vegetable Stock (Water, Carrots, White Onions, Salt, Leeks, Red Onions, Garlic, Kaffir Lime Leaf, Spring Onions, Fennel, Coriander, Bay Leaf Infusion (Water, Bay Leaf), Black Pepper, White Pepper), Coconut Cream, Sweet Potato (5%), White Onion, Red Lentils, Cannellini Beans, Mango Puree, Rapeseed Oil, Ginger, Sunflower Seeds, Salt, Cornflour, Coriander, Turmeric, Black Pepper, Red Chilli Flakes",https://www.sainsburys.co.uk/gol-ui/product/bol-butternut-squash-chilli-immunity-power-soup,,2024-08-20T19:35:05.756731-04:00
66-1578-DAI,BOL Garden Pea & Spinach Protein Power Soup,BOL,"Dairy, eggs & chilled",Fresh soup,,,£3.30,,£2.80,55p / 100g,8180762.0,Garden pea & spinach soup with cannellini beans and courgette,,https://assets.sainsburys-groceries.co.uk/gol/8180762/1/640x640.jpg,"Nutrient	per 100g	per 300g	RI*per 300g
Energy kJ	262	786	9%
Energy kcal	63	189	9%
Fat (g)	1.4	4.1	6%
of which saturates (g)	0.3	0.9	5%
Carbohydrate (g)	5.7	17.0	7%
of which sugars (g)	1.4	4.3	5%
Fibre (g)	6.2	18.5	-
Protein (g)**	3.9	11.6	23%
Salt (g)	0.29	0.87	15%","Water, Peas (27%), Cannellini Beans (13%), Courgette (6%), Potato, Onion, Spinach (4%), Coconut Cream, Garlic, Sunflower Seeds, Lemon Juice, Green Lentils, Basil, Cornflour, Rapeseed Oil, Salt, Mint, Bicarbonate Soda, Black Pepper, White Pepper",https://www.sainsburys.co.uk/gol-ui/product/bol-garden-pea-spinach-protein-power-soup,,2024-08-20T19:35:13.359886-04:00
66-1579-DAI,BOL Red Pepper Tomato Protein Power Soup,BOL,"Dairy, eggs & chilled",Fresh soup,,,£3.30,,£2.80,55p / 100g,8180757.0,"Red pepper, tomato & lentil soup with fire roasted red peppers",,https://assets.sainsburys-groceries.co.uk/gol/8180757/1/640x640.jpg,"Nutrient	per 100g	per 300g	RI* per 300g
Energy kJ	286	857	10%
Energy kcal	68	203	10%
Fat (g)	0.6	1.8	3%
of which saturates (g)	0.1	0.3	2%
Carbohydrate (g)	9.3	27.9	11%
of which sugars (g)	1.9	5.8	6%
Fibre (g)	3.4	10.1	-
Protein (g)**	4.6	13.8	28%
Salt (g)	0.37	1.11	19%","Water, Red Lentils (11%), Red Peppers (10%), Chickpeas (6%), Fire Roasted Red Pepper Puree (6%) (Red Peppers (56%), Water, Vinegar, Sugar, Salt), Tomatoes (5%) (Tomatoes, Acidity Regulator: Citric Acid), Tomato Paste (4%), White Onion, Carrots, Garlic Puree, Salt, Smoked Paprika, Basil, Rapeseed Oil, Rosemary, Oregano, Black Pepper, Paprika Extract, Crushed Chillies",https://www.sainsburys.co.uk/gol-ui/product/bol-red-pepper-tomato-protein-power-soup,,2024-08-20T19:35:20.989057-04:00
66-1580-DAI,Sainsbury's Tomato & Basil Soup 600g (Serves 2),Sainsbury's,"Dairy, eggs & chilled",Fresh soup,,,£1.80,,,30p / 100g,6005025.0,"A soup with tomatoes, basil and garlic purée",,https://assets.sainsburys-groceries.co.uk/gol/6005025/1/640x640.jpg,,,https://www.sainsburys.co.uk/gol-ui/product/sainsburys-tomato---basil-soup-600g,,2024-08-20T19:35:41.730095-04:00
66-1581-DAI,Sainsbury's Minestrone Soup 600g (Serves 2),Sainsbury's,"Dairy, eggs & chilled",Fresh soup,,,£1.80,,,30p / 100g,6004831.0,"A soup with tomatoes, pinto beans, potatoes, courgette and red peppers",,https://assets.sainsburys-groceries.co.uk/gol/6004831/1/640x640.jpg,,,https://www.sainsburys.co.uk/gol-ui/product/sainsburys-minestrone-soup-600g,,2024-08-20T19:36:02.180699-04:00
66-1582-DAI,Sainsbury's Broccoli & Cheddar Soup 600g (Serves 2),Sainsbury's,"Dairy, eggs & chilled",Fresh soup,,,£1.80,,,30p / 100g,8124072.0,"A soup made with broccoli, mature cheddar cheese and cream",,https://assets.sainsburys-groceries.co.uk/gol/8124072/1/640x640.jpg,,,https://www.sainsburys.co.uk/gol-ui/product/sainsburys-broccoli-cheddar-soup-600g,,2024-08-20T19:36:23.151188-04:00
66-1583-DAI,"Sainsbury's Petits Pois & Ham Soup, Taste the Difference 600g (Serves 2)",Sainsbury's,"Dairy, eggs & chilled",Fresh soup,,,£3.00,,£2.50,50p / 100g,6662171.0,A soup with petits pois and British ham,,https://assets.sainsburys-groceries.co.uk/gol/6662171/1/640x640.jpg,,,https://www.sainsburys.co.uk/gol-ui/product/sainsburys-petits-pois---dry-cured-ham-soup--taste-the-difference-600g,,2024-08-20T19:36:39.058381-04:00
66-1584-DAI,Sainsbury's Chicken & Sweetcorn Soup 600g (Serves 2),Sainsbury's,"Dairy, eggs & chilled",Fresh soup,,,£1.80,,,30p / 100g,6004829.0,"A soup with sweetcorn, potato and British chicken",,https://assets.sainsburys-groceries.co.uk/gol/6004829/1/640x640.jpg,,,https://www.sainsburys.co.uk/gol-ui/product/sainsburys-chicken---sweetcorn-soup-600g,,2024-08-20T19:36:59.963370-04:00
66-1585-DAI,Sainsbury's Cream Of Tomato Soup 600g (Serves 2),Sainsbury's,"Dairy, eggs & chilled",Fresh soup,,,£1.80,,,30p / 100g,7093354.0,"A soup with tomatoes, double cream and garlic purée",,https://assets.sainsburys-groceries.co.uk/gol/7093354/1/640x640.jpg,,,https://www.sainsburys.co.uk/gol-ui/product/sainsburys-cream-of-tomato-soup-600g,,2024-08-20T19:37:20.788171-04:00
66-1586-DAI,Sainsbury's Carrot & Coriander Soup 600g (Serves 2),Sainsbury's,"Dairy, eggs & chilled",Fresh soup,,,£1.80,,,30p / 100g,6005026.0,A soup with carrot and coriander,,https://assets.sainsburys-groceries.co.uk/gol/6005026/1/640x640.jpg,,,https://www.sainsburys.co.uk/gol-ui/product/sainsburys-carrot---coriander-soup-600g,,2024-08-20T19:37:41.406250-04:00
66-1587-DAI,Alvalle Original Gazpacho 1L,Alvalle,Drinks,Fresh soup,,1L,£3.90,,£3.00,39p / 100ml,7308591.0,Chilled Vegetable Soup.,,https://assets.sainsburys-groceries.co.uk/gol/7308591/1/640x640.jpg,"Nutrient	100ml	200ml** RI* 200ml
Energy	187 kJ	374 kJ (4%*)
Energy	45 kcal	90 kcal (4%*)
Fat	2.6 g	5.2 g (7%*)
of which Saturates	0.4 g	0.8 g (4%*)
Carbohydrate	3.9 g	7.8 g
of which Sugars	3.1 g	6.3 g (7%*)
Fibre	1.2 g	2.4 g
Protein	0.8 g	1.7 g
Salt	0.61 g	1.22 g (20%*)","Tomato (59%), Red Pepper (12%), Cucumber (12%), Onion (9%), Extra Virgin Olive Oil (2.6%), White Wine Vinegar, Salt, Garlic, Lemon Juice, High Vegetable Content 93%",https://www.sainsburys.co.uk/gol-ui/product/alvalle-original-gazpacho-1l,,2024-08-19T20:04:57.710867-04:00
66-1588-DAI,"Sainsbury's Masala Spiced Cauliflower Soup, Taste the Difference 600g",Sainsbury's,"Dairy, eggs & chilled",Fresh soup,,,£3.00,,£2.50,50p / 100g,8092133.0,"A soup made with cauliflower, coconut milk, red pepper and spices",,https://assets.sainsburys-groceries.co.uk/gol/8092133/1/640x640.jpg,,,https://www.sainsburys.co.uk/gol-ui/product/sainsburys-limited-edition-masala-spiced-cauliflower-soup-taste-the-difference-600g,,2024-08-20T19:37:56.934650-04:00
66-1589-DAI,"Sainsbury's Chantenay Carrot & Honey Roast Parsnip Soup, Taste the Difference 600g (Serves 2)",Sainsbury's,"Dairy, eggs & chilled",Fresh soup,,,£3.00,,£2.50,50p / 100g,7510575.0,"A soup with Chantenay carrot, carrot, and honey roast parsnips",,https://assets.sainsburys-groceries.co.uk/gol/7510575/1/640x640.jpg,,,https://www.sainsburys.co.uk/gol-ui/product/sainsburys-chantenay-carrot---parsnip-soup--taste-the-difference-600g,,2024-08-20T19:38:12.154760-04:00
66-1590-DAI,Cully & Sully A Hearty Chicken & Vegetable Soup 400g,Cully,"Dairy, eggs & chilled",Fresh soup,,,£2.30,,,58p / 100g,8106722.0,,,https://assets.sainsburys-groceries.co.uk/gol/8106722/1/640x640.jpg,"Nutrient	(as sold) Per 100g
Energy	281kJ/ 68kcal
Fat	4.3g
of which saturates	2.6g
Carbohydrate	4.7g
of which sugars	2.3g
Fibre	1.3g
Protein	1.9g
Salt	0.80g","Water, Carrot (19%), Potato (11%), Onion (8%), Chicken (4%), Leek (4%), Salted Butter (Milk), Cream (Milk), Celery (2.5%), Chicken and Vegetable Stock [Salt, Maltodextrin, Yeast Extract, Flavouring, Herbs and Spices (Black Pepper, Turmeric, Parsley), Sugar, Vegetables (Onion, Celery, Carrot), Chicken, Sunflower Oil, Chicken Fat, Acid (Citric Acid), Caramelised Sugar)]",https://www.sainsburys.co.uk/gol-ui/product/cully-sully-a-hearty-chicken-vegetable-soup-400g,,2024-08-20T19:38:30.116609-04:00
66-1591-DAI,New Covent Garden Mushroom Soup 560g,New,"Dairy, eggs & chilled",Discover,Meals for tonight,,£2.00,,£1.50,36p / 100g,2454092.0,"Mushroom, rice and parsley soup",,https://assets.sainsburys-groceries.co.uk/gol/2454092/1/640x640.jpg,,"Water, Mushroom (31%), Potato, Onion, Brown Rice, Cornflour, Mushroom Stock [Rehydrated Mushroom (Mushroom Concentrate, Water, Mushroom Powder), Salt, Cornflour], Rapeseed Oil, Salt, Parsley, Garlic Puree, Black Pepper",https://www.sainsburys.co.uk/gol-ui/product/new-covent-garden-wild-mushroom-soup-600g,,2024-08-20T19:38:37.451254-04:00
66-1592-DAI,"Sainsbury's Moroccan Spiced Chicken & Chickpea Soup, Taste the Difference 600g (Serves 2)",Sainsbury's,"Dairy, eggs & chilled",Fresh soup,,,£3.00,,£2.50,50p / 100g,6662187.0,"A soup with tomatoes, chickpeas, British chicken and spices",,https://assets.sainsburys-groceries.co.uk/gol/6662187/1/640x640.jpg,,,https://www.sainsburys.co.uk/gol-ui/product/sainsburys-moroccan-spiced-chicken-chickpea-soup-taste-the-difference-600g-serves-2-,,2024-08-20T19:38:53.041211-04:00
66-1593-DAI,Cully & Sully A Lightly Smoked Haddock & Salmon Chowder 400g,Cully,"Dairy, eggs & chilled",Fresh soup,,,£2.30,,,58p / 100g,8106704.0,,,https://assets.sainsburys-groceries.co.uk/gol/8106704/1/640x640.jpg,"Nutrient	(as sold) Per 100g
Energy	342kJ/ 82kcal
Fat	4.3g
of which saturates	2.5g
Carbohydrate	7.3g
of which sugars	1.6g
Fibre	1.2g
Protein	2.9g
Salt	0.65g","Water, Potato (32%), Carrot (8%), Onion (8%), Cream (Milk) (6%), Smoked Haddock (Fish) (4.5%), Smoked Salmon (Fish) (4%) [Salmon (Fish), Salt, Brown Sugar], Salted Butter (Milk), Lemon Juice, Vegetable Stock [Salt, Yeast Extract, Rice Flour, Vegetables (Onion, Celery, Carrot), Sunflower Oil, Turmeric, Parsley], Fresh Parsley, Salt, Smoked Paprika, Cayenne Pepper",https://www.sainsburys.co.uk/gol-ui/product/cully-sully-a-lightly-smoked-haddock-salmon-chowder-400g,,2024-08-20T19:39:10.948118-04:00
66-1594-DAI,"Sainsbury's Jamaican Jerk Chicken Soup, Taste the Difference 600g (Serves 2)",Sainsbury's,"Dairy, eggs & chilled",Fresh soup,,,£3.00,,£2.50,50p / 100g,7665831.0,"A soup with peppers, black turtle beans, British chicken, rice and chilli",,https://assets.sainsburys-groceries.co.uk/gol/7665831/1/640x640.jpg,,,https://www.sainsburys.co.uk/gol-ui/product/sainsburys-jamaican-jerk-chicken-soup-taste-the-difference-600g-serves-2-,,2024-08-20T19:39:26.907210-04:00
66-1595-DAI,"Sainsbury's Chicken & Chorizo Soup Limited Edition, Taste the Difference 600g",Sainsbury's,"Dairy, eggs & chilled",Fresh soup,,,£3.00,,£2.50,50p / 100g,8182758.0,"A soup with chicken, rice and chorizo",,https://assets.sainsburys-groceries.co.uk/gol/8182758/1/640x640.jpg,,,https://www.sainsburys.co.uk/gol-ui/product/sainsburys-chicken-chorizo-soup-limited-edition-taste-the-difference-600g,,2024-08-20T19:39:42.730724-04:00
66-1596-DAI,Yorkshire Provender Thai Green Chicken Noodle Soup 560g,Yorkshire,"Dairy, eggs & chilled",Fresh soup,,,£3.20,,,57p / 100g,7939022.0,Thai green chicken noodle soup with vegetables,,https://assets.sainsburys-groceries.co.uk/gol/7939022/1/640x640.jpg,"Nutrient	(as sold) Per 100g
Energy	233kJ/ 56kcal
Fat	2.7g
of which saturates	2.0g
Carbohydrate	4.4g
of which sugars	1.4g
Fibre	1.3g
Protein	2.8g
Salt	0.60g","Water, Vegetables (35%) (Potato, Onion, Butternut Squash, Carrot, Mixed Peppers, Spinach), Chicken (5%), Creamed Coconut, Rice Noodles (2%) (Rice Flour, Water), Thai Green Curry Paste [Water, Salt, Rapeseed Oil, Onion Juice Concentrate, Spinach Powder, Garlic Powder, Lime Juice from Concentrate, Jalapeño Powder, Cumin, Ginger, Lemongrass, Coriander, Galangal, Turmeric, Black Pepper], Ginger Purée, Vegetable Bouillon [Salt, Potato Starch, Dried Vegetables (Celeriac (Celery), Onion, Garlic, Tomato), Spices (Celery, Turmeric, Black Pepper, Mace, Nutmeg), Herbs (Lovage, Parsley)], Fresh Yorkshire† Coriander, Lime Juice, Lemongrass, Garlic Purée, Red Chilli, Ground Coriander, Lime Leaves, Ground Cumin, Salt, †subject to seasonal availability approx. May to October",https://www.sainsburys.co.uk/gol-ui/product/yorkshire-provender-thai-green-chicken-noodle-soup-600g,,2024-08-20T19:39:55.582313-04:00
66-1597-DAI,New Covent Garden Soup Co. Creamy Tomato 560g,New,"Dairy, eggs & chilled",Fresh soup,,,£2.00,,£1.50,36p / 100g,8165282.0,Tomato soup with double cream,,https://assets.sainsburys-groceries.co.uk/gol/8165282/1/640x640.jpg,,"Tomato (45%) [Tomato, Concentrated Tomato Juice, Tomato Paste], Water, Onion, Double Cream (Milk) (4%), Sugar, Rapeseed Oil, Cornflour, Salt, Garlic Puree, Black Pepper",https://www.sainsburys.co.uk/gol-ui/product/new-covent-garden-soup-co-creamy-tomato-560g,,2024-08-20T19:40:03.003319-04:00
66-1598-DAI,Renourish Restore Pea Leek & Watercress Soup 500g,Renourish,"Dairy, eggs & chilled",Fresh soup,,,£3.00,,£2.00,60p / 100g,8167154.0,"Pea, Leek & Watercress Soup",,https://assets.sainsburys-groceries.co.uk/gol/8167154/1/640x640.jpg,"Nutrient	per 100g	per 500g		per 100g	per 500g
Energy kJ	162.1	810.5
Energy kcal	38.7	193.5
Fat (g)	1.6	8.2
of which saturates (g)	0.2	1.2
Carbohydrate (g)	4.5	22.7
of which sugars* (g)	1.9	9.3
Fibre (g)	1.7	8.3
Protein (g)	1.6	8.2
Salt (g)	0.4	2.2
Thiamin B1 (mg)**	0.1 (5%)	0.3 (27%)
Niacin B3 (mg)**	0.5 (3%)	3 (16%)
Calcium (mg)**	31 (4%)	156 (20%)
Manganese (mg)**	0.13 (7%)	0.65 (33%)","Water, Peas (19%), Onion, Broccoli, Leeks (2.6%), Watercress (1.7%), Olive Oil, Cornflour, Garlic, Chives, Vegetable Stock (Chicory Fibre, Carrot Extract, Onion Powder, Tomato Powder, Salt, Yeast Extract, Natural Flavourings), Himalayan Pink Salt, Ground Pepper",https://www.sainsburys.co.uk/gol-ui/product/re%3Anourish-restore-pea-leek-watercress-soup-500g,,2024-08-20T19:40:10.440459-04:00
66-1599-DAI,New Covent Garden Vegetable Soup 560g,New,"Dairy, eggs & chilled",Discover,Meals for tonight,,£2.00,,£1.50,36p / 100g,4030683.0,Vegetable and red lentil soup,,https://assets.sainsburys-groceries.co.uk/gol/4030683/1/640x640.jpg,,"Vegetables (60%) [Carrot, Potato, Swede, Onion, Parsnip, Cauliflower, Celery], Water, Milk, Single Cream (Milk), Red Split Lentils, Rapeseed Oil, Salt, Parsley, White Pepper",https://www.sainsburys.co.uk/gol-ui/product/new-covent-garden-seasonal-vegetable-soup-600g,,2024-08-20T19:40:17.866716-04:00
66-1600-DAI,"Renourish Tomato Red Pepper Cucumber Gazpacho Vitamins C, A, E Refresh 500g",Renourish,"Dairy, eggs & chilled",Fresh soup,,,£3.00,,,60p / 100g,8154571.0,Low Fat,,https://assets.sainsburys-groceries.co.uk/gol/8154571/1/640x640.jpg,"Nutrient	per 100g	per 500g		per 100g	per 500g
Energy kJ	165	823
Energy kcal	39	197
Fat (g)	2.9	14.5
of which saturates (g)	0.4	2.2
Carbohydrate (g)	2.6	13
of which sugars* (g)	2.6	12.8
Fibre (g)	1	4.9
Protein (g)	0.5	2.5
Salt (g)	0.6	2.9
Vitamin A**	52µg (7%)	262µg (33%)
Vitamin E**	0.6mg (5%)	3.2mg (27%)
Vitamin C**	27.6mg (34%)	137.9mg (172%)","Tomatoes (79%), Peppers (8.2%), Cucumber (3%), Water, Extra Virgin Olive Oil, Vinegar, Salt, Garlic",https://www.sainsburys.co.uk/gol-ui/product/renourish-tomato-red-pepper-cucumber-gazpacho-vitamins-c-a-e-refresh-500g,,2024-08-20T19:40:30.491414-04:00
66-1601-DAI,New Covent Garden Lentil & Smoked Bacon Soup 560g,New,"Dairy, eggs & chilled",Discover,Meals for tonight,,£2.00,,£1.50,36p / 100g,6337191.0,"Lentil, smoked bacon and tomato soup",,https://assets.sainsburys-groceries.co.uk/gol/6337191/1/640x640.jpg,,"Water, Red Split Lentils (6%), Carrot, Smoked Bacon (5%) [Pork, Water, Salt, Dextrose, Preservative (Sodium Nitrite)], Green Lentils (4.5%), Onion, Crushed Tomato (3.5%), Spinach, Celery, Cornflour, Rapeseed Oil, Lemon Juice, Garlic Puree, Salt, Thyme, English Mustard [Water, Mustard Flour, Sea Salt, Turmeric, Pimento], Paprika, Black Pepper, Ground Bay Leaf",https://www.sainsburys.co.uk/gol-ui/product/new-covent-garden-lentil---bacon-soup-600g,,2024-08-20T19:40:37.981444-04:00
66-1602-DAI,Renourish Digest Roasted Carrot & Ginger Soup 500g,Renourish,"Dairy, eggs & chilled",Fresh soup,,,£3.00,,£2.00,60p / 100g,8126529.0,Roasted Carrot and Ginger Soup,,https://assets.sainsburys-groceries.co.uk/gol/8126529/1/640x640.jpg,"Nutrient	per 100g	per 500g		per 100g	per 500g
Energy kJ	150	748
Energy kcal	36	179
Fat (g)	1.2	6
of which saturates (g)	0.4	1.9
Carbohydrate (g)	4.6	23
of which sugars* (g)	3.2	16
Fibre (g)	2.2	11
Protein (g)	0.6	3
Salt (g)	0.4	1.8
Manganese**	0.13mg (7%)	0.65mg (33%)
Vitamin A**	137µg (17%)	690µg (86%)
Vitamin C**	8mg (10%)	40mg (50%)","Water, Carrots (30%), Onion, Roasted Red Peppers, Ginger (2.7%), Coconut Milk (Coconut, Water), Vegetable Stock (Chicory Fibre, Carrot Extract, Onion Powder, Tomato Powder, Salt, Yeast Extract, Natural Flavouring), Garlic, Cornflour, Olive Oil, Himalayan Pink Salt",https://www.sainsburys.co.uk/gol-ui/product/re-nourish-digest-roasted-carrot-ginger-soup-500g,,2024-08-20T19:40:45.648646-04:00
66-1603-DAI,Sainsbury's Chicken & Mushroom Grains Soup 600g (Serves 2),Sainsbury's,"Dairy, eggs & chilled",Fresh soup,,,£1.80,,,30p / 100g,8124074.0,"A soup made with mushrooms, chicken, pearl barley and rice",,https://assets.sainsburys-groceries.co.uk/gol/8124074/1/640x640.jpg,,,https://www.sainsburys.co.uk/gol-ui/product/sainsburys-chicken-mushroom-grain-soup-600g,,2024-08-20T19:41:06.688443-04:00
66-1604-DAI,Sainsbury's Chunky Vegetable Soup 600g,Sainsbury's,"Dairy, eggs & chilled",Fresh soup,,,£1.80,,,30p / 100g,8172508.0,"A soup with carrots, swede, leeks, parsnips, celery and peas",,https://assets.sainsburys-groceries.co.uk/gol/8172508/1/640x640.jpg,,,https://www.sainsburys.co.uk/gol-ui/product/sainsburys-chunky-vegetable-soup-600g-8172508-p-44,,2024-08-20T19:41:27.233693-04:00
66-1605-DAI,New Covent Garden Spiced Butternut Soup 560g,New,"Dairy, eggs & chilled",Discover,Meals for tonight,,£2.00,,£1.50,36p / 100g,7678358.0,"Carrot, butternut squash and cumin soup",,https://assets.sainsburys-groceries.co.uk/gol/7678358/1/640x640.jpg,,"Water, Carrot (36%), Butternut Squash Puree (9%), Onion, Rapeseed Oil, Honey, Tomato Paste, Salt, Ginger Puree, Garlic Puree, Cumin Seeds, Ground Coriander, Dried Red Chilli",https://www.sainsburys.co.uk/gol-ui/product/new-covent-garden-carrot---butternut-soup-600g,,2024-08-20T19:41:34.693758-04:00
66-1606-DAI,Cully & Sully A Velvet Creamy Tomato & Basil Soup 400g,Cully,"Dairy, eggs & chilled",Fresh soup,,,£2.30,,,58p / 100g,8106716.0,,,https://assets.sainsburys-groceries.co.uk/gol/8106716/1/640x640.jpg,"Nutrient	(as sold) Per 100g
Energy	335kJ/ 81kcal
Fat	6.3g
of which saturates	3.9g
Carbohydrate	4.5g
of which sugars	3.9g
Fibre	1.0g
Protein	1.0g
Salt	0.60g","Water, Concentrated Crushed Tomato (22%), Onion, Cream (Milk) (8%), Salted Butter (Milk), Sugar, Vegetable Stock [Salt, Yeast Extract, Rice Flour, Vegetables (Onion, Celery, Carrot), Sunflower Oil, Turmeric, Parsley], Salt, Fresh Basil, Black Pepper",https://www.sainsburys.co.uk/gol-ui/product/cully-sully-a-velvet-creamy-tomato-basil-soup-400g,,2024-08-20T19:41:52.484049-04:00
66-1607-DAI,"Sainsbury's Roast Chicken & Vegetable Soup, Taste the Difference 600g (Serves 2)",Sainsbury's,"Dairy, eggs & chilled",Fresh soup,,,£3.00,,£2.50,50p / 100g,8032018.0,"A soup made with carrots, swede, British chicken, petits pois and single cream",,https://assets.sainsburys-groceries.co.uk/gol/8032018/1/640x640.jpg,,,https://www.sainsburys.co.uk/gol-ui/product/sainsburys-roast-chicken-vegetable-soup-taste-the-difference-600g-serves-2-,,2024-08-20T19:42:08.242816-04:00
66-1608-DAI,Renourish Immunity Kale Spinach & Turmeric Soup 500g,Renourish,"Dairy, eggs & chilled",Fresh soup,,,£3.00,,£2.00,60p / 100g,8126532.0,"Kale, Spinach and Turmeric Soup",,https://assets.sainsburys-groceries.co.uk/gol/8126532/1/640x640.jpg,"Nutrient	per 100g	per 500g		per 100g	per 500g
Energy kJ	129	647
Energy kcal	31	155
Fat (g)	1.4	7.2
of which saturates (g)	0.1	0.6
Carbohydrate (g)	30	15
of which sugars* (g)	1.5	7.5
Fibre (g)	1.2	6
Protein (g)	1.0	5
Salt (g)	0.4	1.8
Calcium**	53mg (6.6%)	265mg (33.1%)
Iron**	0.63mg (4.5%)	3.2mg (22.5%)
Vitamin A**	140mg (17.5%)	700mg (87.5%)
Vitamin C**	8mg (10%)	40mg (50%)
Vitamin E**	0.8mg (6.3%)	3.8mg (31.7%)","Water, Spinach (15%), Carrots, Onion, Kale (5.4%), Olive Oil, Vegetable Stock (Chicory Fibre, Carrot Extract, Onion Powder, Tomato Powder, Salt, Yeast Extract, Natural Flavouring), Garlic, Cornflour, Himalayan Pink Salt, Turmeric, Black Pepper",https://www.sainsburys.co.uk/gol-ui/product/re-nourish-immunity-kale-spinach-turmeric-soup-500g,,2024-08-20T19:42:15.818069-04:00
66-1609-DAI,BOL Sweet Potato Lentil Daal Protein Power Soup,BOL,"Dairy, eggs & chilled",Fresh soup,,,£3.30,,£2.80,55p / 100g,8180760.0,Sweet potato lentil daal soup with spinach and chickpeas,,https://assets.sainsburys-groceries.co.uk/gol/8180760/1/640x640.jpg,"Nutrient	per 100g	per 300g	RI* per 300g
Energy kJ	290	870	10%
Energy kcal	69	207	10%
Fat (g)	0.9	2.7	4%
of which saturates (g)	0.7	2.1	11%
Carbohydrate (g)	9.2	27.6	11%
of which sugars (g)	1.7	5.1	6%
Fibre (g)	3.5	10.5	-
Protein (g)**	4.2	12.6	25%
Salt (g)	0.33	0.99	17%","Water, Red Lentils (11%), Sweet Potato (8%), Chickpeas (6%), Vegetable Stock (Water, Carrots, White Onions, Salt, Leeks, Red Onions, Garlic, Kaffir Lime Leaf, Spring Onions, Fennel, Coriander, Bay Leaf Infusion (Water, Bay Leaf), Black Pepper, White Pepper), Coconut Cream, Ginger, Spinach (2%), Tomato Paste, Mango Puree, Roast Onion Puree (Onions, Rapeseed Oil), Roast Garlic Puree, Garlic, Coriander, White Onion, Cumin, Salt, Fenugreek, Cinnamon, Turmeric, Cardamom, Curry Leaves, White Pepper",https://www.sainsburys.co.uk/gol-ui/product/bol-sweet-potato-lentil-daal-protein-power-soup,,2024-08-20T19:42:23.217005-04:00
66-1610-DAI,Yorkshire Provender Chicken & Lentil Soup with Spinach & Cumin 560g,Yorkshire,"Dairy, eggs & chilled",Fresh soup,,,£3.20,,,57p / 100g,8026931.0,"Warmly spiced tomato, chicken and lentil soup with butternut squash and spinach",,https://assets.sainsburys-groceries.co.uk/gol/8026931/1/640x640.jpg,"Nutrient	(as sold) Per100g
Energy	188kJ/ 44kcal
Fat	1.4g
of which saturates	1.1g
Carbohydrate	4.0g
of which sugars	1.8g
Fibre	1.7g
Protein	3.1g
Salt	0.44g","Water, Tomato (9%), Carrot, Butternut Squash (6%), Concentrated Tomato Juice, Onion, Potato, Chicken (5%), Spinach (4%), Lentils (3.5%), Mixed Peppers, Parsnip, Creamed Coconut, Vegetable Bouillon [Salt, Potato Starch, Dried Vegetables (Celeriac (Celery), Onion, Garlic, Tomato), Spices (Celery, Turmeric, Black Pepper, Mace, Nutmeg), Herbs (Lovage, Parsley)], Tomato Paste, Fresh Yorkshire† Coriander, Garlic Purée, Caraway Seeds, Cumin Seeds, Ground Turmeric, Garam Masala (Coriander, Cassia, Ginger, Clove), Ground Ginger, Chilli Powder, Salt, †Subject to seasonal availability approx. May to October",https://www.sainsburys.co.uk/gol-ui/product/yorkshire-provender-chicken-lentil-soup-with-spinach-cumin-600g,,2024-08-20T19:42:35.863100-04:00
66-1611-DAI,Yorkshire Provender Cauliflower Cheese Soup With Kale & Fountains Gold Cheddar 560g,Yorkshire,"Dairy, eggs & chilled",Fresh soup,,,£3.20,,,57p / 100g,7939367.0,Cauliflower soup with Fountains Gold Cheddar cheese and kale,,https://assets.sainsburys-groceries.co.uk/gol/7939367/1/640x640.jpg,"Nutrient	(as sold) Per 100g
Energy	272kJ/ 65kcal
Fat	4.2g
of which saturates	2.9g
Carbohydrate	4.0g
of which sugars	1.8g
Fibre	0.6g
Protein	2.5g
Salt	0.53g","Water, Cauliflower (27%), Potato, Yorkshire Fountains Gold Cheddar Cheese (Milk) (6%), Onion, Double Cream (Milk), Kale (2%), Leek, Unsalted Butter (Milk), Vegetable Bouillon [Salt, Potato Starch, Dried Vegetables (Celeriac (Celery), Onion, Garlic, Tomato), Spices (Celery, Turmeric, Black Pepper, Mace, Nutmeg), Herbs (Lovage, Parsley)], Chives, Parsley, Ground Nutmeg",https://www.sainsburys.co.uk/gol-ui/product/yorkshire-provender-cauliflower-cheese-soup-with-kale-fountains-gold-cheddar-600g,,2024-08-20T19:42:48.793743-04:00
66-1612-DAI,"Sainsbury's Sweet Potato Coconut & Chilli Soup, Taste the Difference 600g (Serves 2)",Sainsbury's,"Dairy, eggs & chilled",Fresh soup,,,£3.00,,£2.50,50p / 100g,7644178.0,"A soup with sweet potato, coconut and chilli",,https://assets.sainsburys-groceries.co.uk/gol/7644178/1/640x640.jpg,,,https://www.sainsburys.co.uk/gol-ui/product/sainsburys-sweetpotato-coconut---chilli-soup--taste-the-difference-600gr,,2024-08-20T19:43:05.084309-04:00
66-1613-DAI,Yorkshire Provender Tomato & Red Pepper Soup with Yorkshire Wensleydale Cheese 560g,Yorkshire,"Dairy, eggs & chilled",Fresh soup,,,£3.20,,,57p / 100g,8026898.0,Tomato and red pepper soup with Yorkshire Wensleydale cheese,,https://assets.sainsburys-groceries.co.uk/gol/8026898/1/640x640.jpg,"Nutrient	(as sold) Per 100g
Energy	171kJ/ 41kcal
Fat	1.9g
of which saturates	1.2g
Carbohydrate	3.4g
of which sugars	3.0g
Fibre	0.7g
Protein	2.2g
Salt	0.65g","Water, Tomato (25%), Concentrated Tomato Juice, Onion, Red Pepper (7%), Wensleydale Cheese (Milk) (5%), Tomato Paste, Vegetable Bouillon [Salt, Potato Starch, Dried Vegetables (Celeriac (Celery), Onion, Garlic, Tomato), Spices (Celery, Turmeric, Black Pepper, Mace, Nutmeg), Herbs (Lovage, Parsley)], Rapeseed Oil, Garlic Purée, Paprika, Chilli Powder",https://www.sainsburys.co.uk/gol-ui/product/yorkshire-provender-tomato-red-pepper-soup-with-yorkshire-wensleydale-cheese-600g,,2024-08-20T19:43:17.926128-04:00
66-1614-DAI,"Sainsbury's Leek & Barbers Cheddar Soup, Taste the Difference 600g (Serves 2)",Sainsbury's,"Dairy, eggs & chilled",Fresh soup,,,£3.00,,£2.50,50p / 100g,8032010.0,"A soup made with leek, potato and mature Cheddar cheese",,https://assets.sainsburys-groceries.co.uk/gol/8032010/1/640x640.jpg,,,https://www.sainsburys.co.uk/gol-ui/product/sainsburys-leek-barbers-cheddar-soup-taste-the-difference-600g,,2024-08-20T19:43:33.724857-04:00
66-1615-DAI,"Sainsbury's Sri Lankan Spiced Coconut Curry Soup, Taste the Difference 600g (Serves 2)",Sainsbury's,"Dairy, eggs & chilled",Fresh soup,,,£3.00,,£2.50,50p / 100g,7990134.0,"A soup with tomato, red pepper, coconut, butternut squash, green pepper and spices",,https://assets.sainsburys-groceries.co.uk/gol/7990134/1/640x640.jpg,,,https://www.sainsburys.co.uk/gol-ui/product/sainsburys-sri-lankan-spiced-coconut-curry-soup-taste-the-difference-600g,,2024-08-20T19:43:49.043919-04:00
66-1616-DAI,Yorkshire Provender Pea & Creme Fraiche with Spinach Soup 560g,Yorkshire,"Dairy, eggs & chilled",Fresh soup,,,£3.20,,,57p / 100g,7974416.0,Pea and spinach soup with crème fraiche and mint,,https://assets.sainsburys-groceries.co.uk/gol/7974416/1/640x640.jpg,"Nutrient	(as sold) Per 100g
Energy	242kJ/ 58kcal
Fat	2.2g
of which saturates	1.6g
Carbohydrate	6.1g
of which sugars	1.6g
Fibre	2.0g
Protein	2.4g
Salt	0.45g","Water, Peas (27%), Potato, Onion, Spinach (2.5%), Crème Fraiche (Milk) (2.5%), Unsalted Butter (Milk), Vegetable Bouillon [Salt, Potato Starch, Dried Vegetables (Celeriac (Celery), Onion, Garlic, Tomato) Spices (Celery, Turmeric, Black Pepper, Mace Nutmeg), Herbs (Lovage, Parsley)], Garlic Purée, Mint, Fresh Yorkshire† Parsley, Acidity Regulator (Potassium Carbonates), White Pepper, †Subject to seasonal availability approx. May to October",https://www.sainsburys.co.uk/gol-ui/product/yorkshire-provender-pea-creme-fraiche-with-spinach-soup-560g,,2024-08-20T19:44:01.582332-04:00
66-1617-DAI,Unrooted Good Energy Mighty Ginger & Chilli Shot 60ml,Unrooted,Drinks,,,60ML,£2.00,,£1.60,£3.33 / 100ml,8121901.0,"Ginger, Turmeric, Chilli & Baobab Shot.",,https://assets.sainsburys-groceries.co.uk/gol/8121901/1/640x640.jpg,"Nutrient	Per 100ml:
Energy	145 kJ / 35 kcal
Fat	<0.1g
(Saturates	<0.1g)
Carbohydrate	7g
(of which sugars	3.2g)
Fibre	1.4g
Protein	0.7g
Salt	<0.1g","Water, Ginger Juice (25%), Pineapple Juice, Lemon Juice, Baobab Powder (2%), Scotch Bonnet Chilli Extract (1.2%), Turmeric Extract, Ascorbic Acid (Antioxidant), Black Pepper Extract",https://www.sainsburys.co.uk/gol-ui/product/unrooted-mighty-ginger-60ml,,2024-08-19T08:59:48.797733-04:00
66-1618-DAI,Unrooted Good Gut Apple Cider Vinegar & Ginger Shot 60ml,Unrooted,Drinks,,,60ML,£2.00,,£4.25,£3.33 / 100ml,8121903.0,"Apple Cider Vinegar, Spirulina, Ginger & Baobab Shot.",,https://assets.sainsburys-groceries.co.uk/gol/8121903/1/640x640.jpg,"Nutrient	Per 100ml:
Energy	213 kJ / 51 kcal
Fat	<0.1
(Saturates	0.0g)
Carbohydrate	7g
(of which natural sugars	3.9)
Fibre	1.5g
Protein	0.6g
Salt	0.1g","Coconut Water, Apple Juice, Ginger Juice (13%), Lemon Juice, White Guava Puree, Apple Cider Vinegar (8%), Baobab Powder (2%), Spirulina Powder, Ascorbic Acid (Antioxidant)",https://www.sainsburys.co.uk/gol-ui/product/unrooted-apple-cider-vinegar-60ml,,2024-08-19T09:00:03.349628-04:00
66-1619-DAI,Rubicon Sparkling Mango Juice Soft Drink 6x330ml,Rubicon,Drinks,Fruit juice & drinks,All fruit juice & smoothies,330ML,£3.70,6 for £3.70,£1.25,19p / 100ml,6547186.0,Sparkling Mango Juice Soft Drink with Sugar and Sweetener,,https://assets.sainsburys-groceries.co.uk/gol/6547186/1/640x640.jpg,"Nutrient	per 100ml
Energy	83kJ/ 20kcal
Fat	0g
of which saturates	0g
Carbohydrate	4.7g
of which sugars	4.5g
Protein	<0.5g
Salt	<0.01g","Carbonated Water, Mango Purée (8%), Sugar, Acid (Malic Acid), Stabilisers (Gellan Gum, Pectin), Flavourings, Colour (Beta Carotene), Sweetener (Sucralose), Preservative (Sodium Benzoate)",https://www.sainsburys.co.uk/gol-ui/product/rubicon-sparkling-mango-juice-drink-cans-6x330ml,6x330ml,2024-08-19T04:31:09.103387-04:00
66-1620-DAI,"Sainsbury's Freshly Squeezed Orange Juice with Bits, Taste the Difference 1L",Sainsbury's,Drinks,Fruit juice & drinks,All fruit juice & smoothies,1L,£3.20,,,32p / 100ml,350600.0,Freshly squeezed pasteurised orange juice with bits,,https://assets.sainsburys-groceries.co.uk/gol/350600/1/640x640.jpg,,,https://www.sainsburys.co.uk/gol-ui/product/sainsburys-freshly-squeezed-orange-juice-with-bits--taste-the-difference-1l,,2024-08-19T19:44:54.772224-04:00
66-1621-DAI,"Sainsbury's Freshly Squeezed Smooth Orange Juice, Taste the Difference 1L",Sainsbury's,Drinks,Fruit juice & drinks,All fruit juice & smoothies,1L,£3.20,,,32p / 100ml,1282603.0,Freshly squeezed pasteurised smooth orange juice,,https://assets.sainsburys-groceries.co.uk/gol/1282603/1/640x640.jpg,,,https://www.sainsburys.co.uk/gol-ui/product/sainsburys-orange-juice--freshly-squeezed-smooth--taste-the-difference-1l,,2024-08-19T19:45:15.613530-04:00
66-1622-DAI,Sainsbury's Smooth Pure Orange Juice 1L,Sainsbury's,Drinks,Fruit juice & drinks,All fruit juice & smoothies,1L,£1.19,,,12p / 100ml,1192926.0,orange juice from concentrate,,https://assets.sainsburys-groceries.co.uk/gol/1192926/1/640x640.jpg,,,https://www.sainsburys.co.uk/gol-ui/product/sainsburys-smooth-style-orange-juice-from-concentrate-1l,,2024-08-19T19:41:15.762544-04:00
66-1623-DAI,"Sainsbury's 100% Pure Squeezed Smooth Orange Juice, Not From Concentrate 1L",Sainsbury's,Drinks,Fruit juice & drinks,All fruit juice & smoothies,1L,£2.00,,,20p / 100ml,1305333.0,Orange juice not from concentrate,,https://assets.sainsburys-groceries.co.uk/gol/1305333/1/640x640.jpg,,,https://www.sainsburys.co.uk/gol-ui/product/sainsburys-orange-juice--squeezed---smooth-1l,,2024-08-19T19:41:37.062183-04:00
66-1624-DAI,Sainsbury's Pure Apple Juice 1L,Sainsbury's,Drinks,Fruit juice & drinks,All fruit juice & smoothies,1L,99p,,,10p / 100ml,488464.0,Apple juice from concentrate,,https://assets.sainsburys-groceries.co.uk/gol/488464/1/640x640.jpg,,,https://www.sainsburys.co.uk/gol-ui/product/sainsburys-apple-juice-from-concentrate-1l,,2024-08-19T19:41:58.121141-04:00
66-1625-DAI,"Sainsbury's 100% Pure Squeezed Smooth Orange Juice, Not From Concentrate 1.75L",Sainsbury's,Drinks,Fruit juice & drinks,All fruit juice & smoothies,1.75L,£3.00,,,17p / 100ml,1420340.0,Orange Juice not from concentrate,,https://assets.sainsburys-groceries.co.uk/gol/1420340/1/640x640.jpg,,,https://www.sainsburys.co.uk/gol-ui/product/sainsburys-fresh-orange-juice-smooth-175l,,2024-08-19T19:42:18.217632-04:00
66-1626-DAI,"Sainsbury's 100% Pressed Apple Juice, Not From Concentrate 1L",Sainsbury's,Drinks,Fruit juice & drinks,All fruit juice & smoothies,1L,£2.00,,,20p / 100ml,283960.0,Apple juice not from concentrate,,https://assets.sainsburys-groceries.co.uk/gol/283960/1/640x640.jpg,,,https://www.sainsburys.co.uk/gol-ui/product/sainsburys-100-pressed-apple-juice-not-from-concentrate-1l,,2024-08-19T19:42:38.708283-04:00
66-1627-DAI,"Sainsbury's 100% Apple Juice, Not From Concentrate 1.75L",Sainsbury's,Drinks,Fruit juice & drinks,All fruit juice & smoothies,1.75L,£3.00,,,17p / 100ml,1420357.0,Apple Juice not from concentrate,,https://assets.sainsburys-groceries.co.uk/gol/1420357/1/640x640.jpg,,,https://www.sainsburys.co.uk/gol-ui/product/sainsburys-fresh-apple-juice-175l,,2024-08-19T19:42:59.699614-04:00
66-1628-DAI,Tropicana Pure Smooth Orange Fruit Juice 900ml,Tropicana,Drinks,Fruit juice & drinks,All fruit juice & smoothies,900ML,£3.00,,,33p / 100ml,2537443.0,Smooth Orange Juice,,https://assets.sainsburys-groceries.co.uk/gol/2537443/1/640x640.jpg,"Nutrient	Per 100ml	Per 150ml	%*		Per 100ml	Per 150ml	%*
Energy	172kJ/ 40kcal	258kJ/ 61kcal	3%
Fat	0g	0g	0%
of which saturates	0g	0g	0%
Carbohydrate	9.3g	14g	-
of which sugars†	8.6g	13g	14%
Fibre	0g	0g	-
Protein	0.8g	1.2g	-
Salt	0g	0g	0%
Vitamin C	28mg (35%*)	42mg	53%
Potassium	200mg (10%*)	300mg	15%",Orange Juice,https://www.sainsburys.co.uk/gol-ui/product/tropicana-smooth-orange-juice-1l,,2024-08-19T19:43:32.674913-04:00
66-1629-DAI,"Sainsbury's 100% Pure Squeezed Orange Juice with Bits, Not From Concentrate 1L",Sainsbury's,Drinks,Fruit juice & drinks,All fruit juice & smoothies,1L,£2.00,,,20p / 100ml,1305326.0,Orange juice not from concentratewith juicy bits,,https://assets.sainsburys-groceries.co.uk/gol/1305326/1/640x640.jpg,,,https://www.sainsburys.co.uk/gol-ui/product/sainsburys-orange-juice--squeezed-with-juicy-bits-1l,,2024-08-19T19:43:53.562841-04:00
66-1630-DAI,"Sainsbury's 100% Pure Squeezed Orange Juice with Bits, Not From Concentrate 1.75L",Sainsbury's,Drinks,Fruit juice & drinks,All fruit juice & smoothies,1.75L,£3.00,,,17p / 100ml,1420296.0,Orange juice not from concentratewith juicy bits,,https://assets.sainsburys-groceries.co.uk/gol/1420296/1/640x640.jpg,,,https://www.sainsburys.co.uk/gol-ui/product/sainsburys-100-pure-squeezed-orange-juice-with-bits-not-from-concentrate-175l,,2024-08-19T19:44:21.352417-04:00
66-1631-DAI,Sainsbury's Smooth Pure Orange Juice 2L,Sainsbury's,Drinks,Fruit juice & drinks,All fruit juice & smoothies,2L,£1.99,,,10p / 100ml,7833820.0,orange juice from concentrate,,https://assets.sainsburys-groceries.co.uk/gol/7833820/1/640x640.jpg,,,https://www.sainsburys.co.uk/gol-ui/product/sainsburys-orange-juice-2l,,2024-08-19T19:46:09.962322-04:00
66-1632-DAI,"Sainsbury's 100% Pure Squeezed Pineapple Juice, Not From Concentrate 1L",Sainsbury's,Drinks,Fruit juice & drinks,All fruit juice & smoothies,1L,£2.00,,,20p / 100ml,635981.0,Pineapple juice not from concentrate,,https://assets.sainsburys-groceries.co.uk/gol/635981/1/640x640.jpg,,,https://www.sainsburys.co.uk/gol-ui/product/sainsburys-100-pure-squeezed-pineapple-juice-not-from-concentrate-1l,,2024-08-19T19:45:48.920277-04:00
66-1633-DAI,"Sainsbury's Apple & Mango Juice, Not From Concentrate 1L",Sainsbury's,Drinks,Fruit juice & drinks,All fruit juice & smoothies,1L,£2.00,,,20p / 100ml,1082388.0,Apple juice and mango puréenot from concentrate,,https://assets.sainsburys-groceries.co.uk/gol/1082388/1/640x640.jpg,,,https://www.sainsburys.co.uk/gol-ui/product/sainsburys-apple---mango-juice-1l,,2024-08-19T19:47:45.938493-04:00
66-1634-DAI,Happy Monkey Strawberry & Banana Kids Smoothie 4x180ml,Happy,Drinks,Fruit juice & drinks,All fruit juice & smoothies,180ML,£2.30,4 for £2.30,,32p / 100ml,7006875.0,Happy monkey smoothies are made from a blend of crushed fruit and fruit juice from concentrate.,,https://assets.sainsburys-groceries.co.uk/gol/7006875/1/640x640.jpg,"Nutrient	Per 100ml
Energy	228kJ/ (54kcal)
Fat	trace
of which saturates	trace
Carbohydrates	13.2g
of which sugars*	12.7g
Fibre	0.3g
Protein	0.2g
Salt	trace","Apple Juice from Concentrate, Banana Puree (12%), Crushed Strawberries (2%), Crushed Raspberries, Natural Flavour",https://www.sainsburys.co.uk/gol-ui/product/happy-monkey-strawberry---banana-kids-smoothie-4x180ml,4x180ml,2024-08-19T19:47:16.746931-04:00
66-1635-DAI,"Sainsbury's Tropical Juice, Not From Concentrate 1L",Sainsbury's,Drinks,Fruit juice & drinks,All fruit juice & smoothies,1L,£2.00,,,20p / 100ml,6028945.0,"Apple, orange, pineapple and passion fruit juiceswith mango, banana and pineapple puréesnot from concentrate",,https://assets.sainsburys-groceries.co.uk/gol/6028945/1/640x640.jpg,,,https://www.sainsburys.co.uk/gol-ui/product/sainsburys-tropical-juice-1l,,2024-08-19T19:50:09.310372-04:00
66-1636-DAI,Sainsbury's Pure Orange Juice with Juicy Bits 1L,Sainsbury's,Drinks,Fruit juice & drinks,All fruit juice & smoothies,1L,£1.19,,,12p / 100ml,9966.0,Orange juice with juicy bits from concentrate,,https://assets.sainsburys-groceries.co.uk/gol/9966/1/640x640.jpg,,,https://www.sainsburys.co.uk/gol-ui/product/sainsburys-orange-juice--pure-with-juicy-bits-from-concentrate-1l,,2024-08-19T19:49:14.565551-04:00
66-1637-DAI,Vita Coco The Original Coconut Water 1L,Vita,Drinks,Fruit juice & drinks,All fruit juice & smoothies,1L,£4.00,,,40p / 100ml,7284374.0,Coconut Water,,https://assets.sainsburys-groceries.co.uk/gol/7284374/1/640x640.jpg,"Nutrient	per 100ml:		per 100ml:
Energy	77kJ (18kcal)
Fat	0g
(of which saturates	0g)
Carbohydrate	4.5g
(of which sugars	4g)
Protein	0g
Salt	0.06g
Potassium	188mg (9% RI*)
Vitamin C	18mg (23% RI*)","Coconut Water (99%), Fructose (<1%), Vitamin C",https://www.sainsburys.co.uk/gol-ui/product/vita-coco-coconut-water-1l,,2024-08-19T19:50:29.675418-04:00
66-1638-DAI,"Innocent Kids Oranges, Mangoes & Pineapples Smoothies 4x150ml",Innocent,Drinks,Fruit juice & drinks,All fruit juice & smoothies,150ML,£3.60,4 for £3.60,£2.00,60p / 100ml,8013053.0,"This Innocent smoothie is a blend of whole crushed fruit, pure fruit juices and nothing else.",,https://assets.sainsburys-groceries.co.uk/gol/8013053/1/640x640.jpg,,"1 Squeezed Orange (51%), A Slice of Pressed Pineapple (26%), 1/3 of a Mashed Banana**, A Chunk of Crushed Mango (1.8%), Some Crushed Peach, **Rainforest Alliance Certified",https://www.sainsburys.co.uk/gol-ui/product/innocent-kids-orange-mango-4x150ml,4x150ml,2024-08-19T19:52:31.015434-04:00
66-1639-DAI,"Sainsbury's 100% Pure Squeezed Pink Grapefruit Juice, Not From Concentrate 1L",Sainsbury's,Drinks,Fruit juice & drinks,All fruit juice & smoothies,1L,£2.10,,,21p / 100ml,635974.0,Pink grapefruit juice with juicy bitsnot from concentrate,,https://assets.sainsburys-groceries.co.uk/gol/635974/1/640x640.jpg,,,https://www.sainsburys.co.uk/gol-ui/product/sainsburys-100-pure-squeezed-pink-grapefruit-juice-not-from-concentrate-1l,,2024-08-19T19:51:03.349827-04:00
66-1640-DAI,Sainsbury’s Pure Apple Juice 2L,Sainsbury’s,Drinks,Fruit juice & drinks,All fruit juice & smoothies,2L,£1.79,,,9p / 100ml,7833817.0,Apple juice from concentrate,,https://assets.sainsburys-groceries.co.uk/gol/7833817/1/640x640.jpg,,,https://www.sainsburys.co.uk/gol-ui/product/sainsburys-apple-juice-2l,,2024-08-19T19:52:51.794187-04:00
66-1641-DAI,Sainsbury's Mango & Passionfruit Smoothie 750ml,Sainsbury's,Drinks,Fruit juice & drinks,Smoothies,750ML,£1.80,,,24p / 100ml,8022462.0,"Smoothie made with apple and passion fruitjuice, blended with mango and banana purée",,https://assets.sainsburys-groceries.co.uk/gol/8022462/1/640x640.jpg,,,https://www.sainsburys.co.uk/gol-ui/product/sainsburys-mango-passionfruit-smoothie-750ml,,2024-08-19T19:51:37.041165-04:00
66-1642-DAI,"Sainsbury's Freshly Squeezed Smooth Orange Juice, Taste the Difference 1.5L",Sainsbury's,Drinks,Fruit juice & drinks,All fruit juice & smoothies,1.5L,£4.00,,,27p / 100ml,7544720.0,Freshly squeezed pasteurised smooth orange juice,,https://assets.sainsburys-groceries.co.uk/gol/7544720/1/640x640.jpg,,,https://www.sainsburys.co.uk/gol-ui/product/sainsburys-orange-juice-smooth--taste-the-difference-15l,,2024-08-19T19:53:33.472002-04:00
66-1643-DAI,"Sainsbury's Apple & Mango Juice, Not From Concentrate 1.75L",Sainsbury's,Drinks,Fruit juice & drinks,All fruit juice & smoothies,1.75L,£3.00,,,17p / 100ml,7870785.0,Apple juice and mango puree not from concentrate,,https://assets.sainsburys-groceries.co.uk/gol/7870785/1/640x640.jpg,,,https://www.sainsburys.co.uk/gol-ui/product/sainsburys-apple---mango-juice--not-from-concentrate-175l,,2024-08-19T19:52:11.140285-04:00
66-1644-DAI,"innocent Kids Strawberries, Kiwis & Apples Super Smoothies with Vitamins & Iron 4x150ml",innocent,Drinks,Fruit juice & drinks,All fruit juice & smoothies,150ML,£4.10,4 for £4.10,,68p / 100ml,8027508.0,"This innocent super smoothie is a blend of crushed fruit, pure fruit juices, vegetables and vitamin C, with added vitamin D and iron and absolutely nothing else.",,https://assets.sainsburys-groceries.co.uk/gol/8027508/1/640x640.jpg,,"1/2 of a Pressed Apple (45%), 1/3 of a Pressed Carrot, 1 Crushed Strawberry (12%), 1/4 of a Crushed Kiwi (12%), 1/4 of a Mashed Banana**, A splash of Squeezed Orange, A splash of Pressed Beetroot, Some Vitamin D and Iron, **Rainforest Alliance Certified",https://www.sainsburys.co.uk/gol-ui/product/innocent-kids-super-smoothie-strawberry-burstx4,4x150ml,2024-08-19T19:51:16.063321-04:00
66-1645-DAI,Sainsbury's Strawberry & Banana Smoothie 750ml,Sainsbury's,Drinks,Fruit juice & drinks,Smoothies,750ML,£1.80,,,24p / 100ml,8022404.0,"Smoothie made with strawberry, banana and apple purées,blended with apple, blackcurrant, beetroot and lemon juices",,https://assets.sainsburys-groceries.co.uk/gol/8022404/1/640x640.jpg,,,https://www.sainsburys.co.uk/gol-ui/product/sainsburys-strawberry-banana-smoothie-750ml,,2024-08-19T19:54:07.264267-04:00
66-1646-DAI,Copella Apple & Elderflower Fruit Juice 1.35L,Copella,Drinks,Fruit juice & drinks,All fruit juice & smoothies,1.35L,£3.50,,,26p / 100ml,7744891.0,Apple Juice & Elderflower Infusion.,,https://assets.sainsburys-groceries.co.uk/gol/7744891/1/640x640.jpg,,"Apple Juice (99%), Elderflower Infusion (1%), Antioxidant: Vitamin C (Ascorbic Acid)",https://www.sainsburys.co.uk/gol-ui/product/copella-apple---elderflower-15l,,2024-08-19T19:52:23.636543-04:00
66-1647-DAI,Tropicana Original Orange Fruit Juice with Bits 1.5L,Tropicana,Drinks,Fruit juice & drinks,All fruit juice & smoothies,1.5L,£4.00,,£3.00,27p / 100ml,7553211.0,Orange Juice with Bits,,https://assets.sainsburys-groceries.co.uk/gol/7553211/1/640x640.jpg,"Nutrient	Per 100ml	Per 150ml	%**		Per 100ml	Per 150ml	%**
Energy	175kJ/ 41kcal	262kJ/ 62kcal	3%
Fat	0g	0g	0%
of which saturates	0g	0g	0%
Carbohydrate	9.3g	14g	-
of which sugars†	8.6g	13g	14%
Fibre	0.4g	0.6g	-
Protein	0.8g	1.2g	-
Salt	0g	0g	0%
Vitamin C	28mg (35%**)	42mg	53%
Potassium	200mg (10%**)	300mg	15%",Orange Juice,https://www.sainsburys.co.uk/gol-ui/product/tropicana-original-orange-juice-175l,,2024-08-19T19:54:35.023286-04:00
66-1648-DAI,"Sainsbury's Apple & Pear Juice, Not From Concentrate 1L",Sainsbury's,Drinks,Fruit juice & drinks,All fruit juice & smoothies,1L,£2.00,,,20p / 100ml,6778795.0,Apple juice and pear puree not from concentrate,,https://assets.sainsburys-groceries.co.uk/gol/6778795/1/640x640.jpg,,,https://www.sainsburys.co.uk/gol-ui/product/sainsburys-english-apple---william-pear-1l,,2024-08-19T19:55:21.021692-04:00
66-1649-DAI,innocent Pure Apple Juice 1.35L,innocent,Drinks,Fruit juice & drinks,All fruit juice & smoothies,1.35L,£4.10,,,30p / 100ml,7551244.0,Apple Juice,,https://assets.sainsburys-groceries.co.uk/gol/7551244/1/640x640.jpg,"Nutrient	100ml	150ml		100ml	150ml
Energy	190kJ (45kcal)	286kJ (67kcal)
Fat	0g	0g
(of which saturates)	0g	0g
Carbohydrate	11g	16g
(of which sugars)	9.5g	14g
Protein	0.2g	0.3g
Salt	0g	0g
Vitamin C	26mg (33%*)	39mg (49%*)","12 Pressed Apples and a dash of Antioxidant: Ascorbic Acid (Vitamin C)** Squashed into every bottle, **It stops the apples going brown. No one likes brown apples",https://www.sainsburys.co.uk/gol-ui/product/innocent-apple-juice-135l,,2024-08-19T19:54:27.560690-04:00
66-1650-DAI,Happy Monkey Orange & Mango Kids Smoothie 4x180ml,Happy,Drinks,Fruit juice & drinks,All fruit juice & smoothies,180ML,£2.30,4 for £2.30,,32p / 100ml,7009646.0,Happy monkey smoothies are made from a Blend of Crushed fruit and fruit juice from concentrate.,,https://assets.sainsburys-groceries.co.uk/gol/7009646/1/640x640.jpg,"Nutrient	Per 100ml	RI*		Per 100ml	RI*
Energy	228kJ/ (54kCal)	3%
Fat	trace	<1%
of which saturates	trace	<1%
Carbohydrates	12.6g	5%
of which sugars*	12.1g	4.5%
Fibre	0.3g	1.2%
Protein	0.2g	<1%
Salt	trace	<0.01%
Vitamin C	12.8mg	16%","Orange Juice from Concentrate (43%), Apple Juice from Concentrate, Crushed Banana, Mango Juice from Concentrate (1%), Pineapple Juice from Concentrate, Natural Flavour",https://www.sainsburys.co.uk/gol-ui/product/happy-monkey-orange---mango-kids-smoothie-4x180ml,4x180ml,2024-08-19T19:54:47.821737-04:00
66-1651-DAI,"Sainsbury's Orange & Mango Juice, Not From Concentrate 1L",Sainsbury's,Drinks,Fruit juice & drinks,All fruit juice & smoothies,1L,£2.00,,,20p / 100ml,7486848.0,Orange juice with mango puree notfrom concentrate,,https://assets.sainsburys-groceries.co.uk/gol/7486848/1/640x640.jpg,,,https://www.sainsburys.co.uk/gol-ui/product/sainsburys-orange--mango---passionfruit-juice--not-from-concentrate-1l,,2024-08-19T19:57:19.162139-04:00
66-1652-DAI,innocent Kids Apples & Blackcurrants Smoothies 4x150ml,innocent,Drinks,Fruit juice & drinks,All fruit juice & smoothies,150ML,£3.60,4 for £3.60,£2.00,60p / 100ml,8013182.0,"This Innocent smoothie is a blend of whole crushed fruit, pure fruit juices and nothing else.",,https://assets.sainsburys-groceries.co.uk/gol/8013182/1/640x640.jpg,,"1 Pressed Apple (70%), 1/3 of a Mashed Banana**, 4 Pressed Grapes, 8 Crushed Blackcurrants (4%), **Rainforest Alliance Certified",https://www.sainsburys.co.uk/gol-ui/product/innocent-kids-apple-blkcrrant-4x150ml,4x150ml,2024-08-19T19:59:28.072303-04:00
66-1653-DAI,Sainsbury's Cranberry & Raspberry Juice Drink 1L,Sainsbury's,Drinks,Fruit juice & drinks,All fruit juice & smoothies,1L,£2.00,,,20p / 100ml,6403679.0,cranberry & raspberry juice drink from concentrate with sugar and sweetener,,https://assets.sainsburys-groceries.co.uk/gol/6403679/1/640x640.jpg,,,https://www.sainsburys.co.uk/gol-ui/product/sainsburys-cranberry---raspberry-juice-drink-1l,,2024-08-19T19:58:00.882350-04:00
66-1654-DAI,"Sainsbury's Freshly Squeezed Orange Juice with Bits, Taste the Difference 1.5L",Sainsbury's,Drinks,Fruit juice & drinks,All fruit juice & smoothies,1.5L,£4.00,,,27p / 100ml,447331.0,Freshly squeezed pasteurised orange juice with bits,,https://assets.sainsburys-groceries.co.uk/gol/447331/1/640x640.jpg,,,https://www.sainsburys.co.uk/gol-ui/product/sainsburys-orange-juice--freshly-squeezed--taste-the-difference-15l,,2024-08-19T19:57:39.999890-04:00
66-1655-DAI,"Sainsbury's Red Grape Juice, Not From Concentrate 1L",Sainsbury's,Drinks,Fruit juice & drinks,All fruit juice & smoothies,1L,£2.00,,,20p / 100ml,6694506.0,Red grape juice not from concentrate,,https://assets.sainsburys-groceries.co.uk/gol/6694506/1/640x640.jpg,,,https://www.sainsburys.co.uk/gol-ui/product/sainsburys-red-grape-juice-1l-6694506-p-44,,2024-08-19T19:56:58.261412-04:00
66-1656-DAI,"Sainsbury's Pineapple, Banana & Coconut Smoothie 750ml",Sainsbury's,Drinks,Fruit juice & drinks,Smoothies,750ML,£1.80,,,24p / 100ml,8022452.0,"Smoothie made with apple, pineapple and lemon juicesblended with apple, banana and pineapple puréeswith coconut milk",,https://assets.sainsburys-groceries.co.uk/gol/8022452/1/640x640.jpg,,,https://www.sainsburys.co.uk/gol-ui/product/sainsburys-pineapple-banana-coc-smoothie-750ml,,2024-08-19T19:58:21.466278-04:00
66-1657-DAI,"innocent Kids Mangoes, Peaches & Apricots Super Smoothies with Vitamins & Iron 4x150ml",innocent,Drinks,Fruit juice & drinks,All fruit juice & smoothies,150ML,£4.10,4 for £4.10,,68p / 100ml,8027499.0,"This innocent super smoothie is a blend of crushed fruit, pure fruit juices, vegetables and vitamin C, with added vitamin D and iron and absolute nothing else.",,https://assets.sainsburys-groceries.co.uk/gol/8027499/1/640x640.jpg,,"1/3 of a Pressed Apple (28%), 1/3 of a Pressed Carrot, A Dash of Crushed Peach (16%), 1/3 of a Squeezed Orange, 1/5 of a Crushed Mango (12%), 1/5 of a Crushed Apricot (7%), A Dash of Mashed Banana**, A Chunk of Crushed Pumpkin, Some Vitamin D and Iron, **Rainforest Alliance Certified",https://www.sainsburys.co.uk/gol-ui/product/innocent-kids-super-smoothie-mango-fandango-x4,4x150ml,2024-08-19T20:00:00.760500-04:00
66-1658-DAI,"innocent Kids Strawberries, Raspberries & Apples Smoothies 10x150ml",innocent,Drinks,Fruit juice & drinks,All fruit juice & smoothies,150ML,£6.00,10 for £6.00,,40p / 100ml,8012636.0,"This innocent smoothie is a blend of whole crushed fruit, pure fruit juices and nothing else",,https://assets.sainsburys-groceries.co.uk/gol/8012636/1/640x640.jpg,,"1/2 of a Pressed Apple (47%), 1/3 of a Squeezed Orange, 1/3 of a Mashed Banana**, 3 Pressed Grapes, 3/4 of a Crushed Strawberry (5.5%), 1 Crushed Blackberry, A Crushed Raspberry (1.6%), **Rainforest Alliance Certified",https://www.sainsburys.co.uk/gol-ui/product/innocent-kids-strwbrry-raspber10x150ml,10x150ml,2024-08-19T19:59:47.673719-04:00
66-1659-DAI,MOJU Ginger Vitality Dosing Bottle Shots x7 420ml,MOJU,Drinks,Fruit juice & drinks,All fruit juice & smoothies,420ML,£5.95,,£1.60,£1.42 / 100ml,8071101.0,"Juice from cold-pressed fruit and ginger root, with acerola cherry powder",,https://assets.sainsburys-groceries.co.uk/gol/8071101/1/640x640.jpg,"Nutrient	(per 100ml):		(per 100ml):
Energy	201kJ/ 47kcal
Fat	0.5g
(of which saturates	0.1g)
Carbohydrate	9.9g
(of which sugars	8.6g)
Protein	0.8g
Salt	0.01g
Vitamin C	31mg (39% RI)","Apple, Ginger Root (20%), Lemon, Acerola Cherry Powder, Antioxidant: Ascorbic Acid",https://www.sainsburys.co.uk/gol-ui/product/moju-ginger-shots-dosing-bottle-420ml,,2024-08-19T09:00:13.491374-04:00
66-1660-DAI,"Sainsbury's Cranberry Juice Drink, No Added Sugar 1L",Sainsbury's,Drinks,Fruit juice & drinks,All fruit juice & smoothies,1L,£2.00,,,20p / 100ml,7887811.0,no added sugar cranberry juice drink from concentrate with sweetener,,https://assets.sainsburys-groceries.co.uk/gol/7887811/1/640x640.jpg,,,https://www.sainsburys.co.uk/gol-ui/product/sainsburys-cranberry-juice--no-added-sugar-1l,,2024-08-19T20:00:41.917450-04:00
66-1661-DAI,Naked Green Machine Super Smoothie 750ml,Naked,Drinks,Fruit juice & drinks,All fruit juice & smoothies,750ML,£4.00,,,53p / 100ml,7759880.0,"Apple, Kiwi, Pineapple & Spirulina Fruit Juice Drink Partially from Concentrate with Added Vitamins",,https://assets.sainsburys-groceries.co.uk/gol/7759880/1/640x640.jpg,"Nutrient	100ml		100ml
Energy	175kJ / (41 kcal)
Fat	0g
of which saturates	0g
Carbohydrate	9.6g
of which sugars**	8.4g
Fibre	0.5g
Protein	0.5g
Salt	0g
Vitamin C	19mg (24%*)
Vitamin B1 (Thiamine)	0.26mg (23%*)
Vitamin B2 (Riboflavin)	0.30mg (22%*)
Vitamin B6	0.35mg (25%*)
Vitamin E	3.9mg (33%*)","Apple Juice from Concentrate (50%), Water, Banana Puree, Kiwi Puree (7%), Peach Puree (5%), Apple Puree from Concentrate (5%), Pineapple Juice from Concentrate (5%), Mango Puree, Chlorella Powder, Spirulina Powder (0.2%), Spinach Powder, Natural Flavourings, Vitamins C, E, B6, Thiamine, Riboflavin",https://www.sainsburys.co.uk/gol-ui/product/naked-smoothie-green-machine-750ml,,2024-08-19T20:02:46.669364-04:00
66-1662-DAI,Innocent Tropical Juice 1.35L,Innocent,Drinks,Fruit juice & drinks,All fruit juice & smoothies,1.35L,£4.10,,,30p / 100ml,7619643.0,"Innocent tropical juice is a blend of apple juice, orange juice, pineapple juice, crushed mango & passion fruit juice.",,https://assets.sainsburys-groceries.co.uk/gol/7619643/1/640x640.jpg,"Nutrient	per 100ml	per 150ml†		per 100ml	per 150ml†
Energy	187kJ (44kcal)	280kJ (66kcal)
Fat	0g	0g
(of which saturates)	0g	0g
Carbohydrate	10g	15g
(of which sugars)	8.9g	13g
Protein	0.4g	0.7g
Salt	0g	0g
Vitamin C (NRV*)	24mg (30%)	36mg (45%)","6 Pressed Apples (50%), 6 Squeezed Oranges (35%), 1/5 of a Pressed Pineapple (12%), 1/5 of a Crushed Mango (2%) and a Splash of Passion Fruit Juice (1%) Squashed into every bottle",https://www.sainsburys.co.uk/gol-ui/product/innocent-tropical-juice-135l,,2024-08-19T20:00:21.028255-04:00
66-1663-DAI,"Innocent Kids Peaches, Passion Fruits & Oranges Smoothies 4x150ml",Innocent,Drinks,Fruit juice & drinks,All fruit juice & smoothies,150ML,£3.60,4 for £3.60,£2.00,60p / 100ml,8013187.0,"This innocent smoothie is a blend of whole crushed fruit, pure fruit juices and nothing else.",,https://assets.sainsburys-groceries.co.uk/gol/8013187/1/640x640.jpg,,"14 Pressed Grapes, 1/2 of a Squeezed Orange (35%), A Slice of Crushed Peach (15%), 1/4 of a Mashed Banana**, A Dash of Passion Fruit (1.5%), **Rainforest Alliance Certified",https://www.sainsburys.co.uk/gol-ui/product/innocent-kids-peach-pssn-fruit-4x150ml,4x150ml,2024-08-19T20:05:26.657505-04:00
66-1664-DAI,Innocent Pure Orange Juice with Bits 1.35L,Innocent,Drinks,Fruit juice & drinks,All fruit juice & smoothies,1.35L,£4.10,,,30p / 100ml,7437994.0,Orange juice with bits,,https://assets.sainsburys-groceries.co.uk/gol/7437994/1/640x640.jpg,"Nutrient	100ml	150ml		100ml	150ml
Energy	156kJ (37kcal)	234kJ (55kcal)
Fat	0g	0g
(of which saturates)	0g	0g
Carbohydrate	7.8g	12g
(of which sugars)	7.8g	12g
Protein	0.8g	1.2g
Salt	0g	0g
Vitamin C	25mg (31%*)	38mg (47%*)",17 Juicy Oranges squeezed into every bottle,https://www.sainsburys.co.uk/gol-ui/product/innocent-orange-juice-with-bits-135l,,2024-08-19T20:01:51.447381-04:00
66-1665-DAI,"Sainsbury's Tropical Juice Drink, No Added Sugar 2L",Sainsbury's,Drinks,Fruit juice & drinks,All fruit juice & smoothies,2L,£1.49,,,7p / 100ml,7887818.0,No added sugar tropical juice drink from concentrate with sweetener,,https://assets.sainsburys-groceries.co.uk/gol/7887818/1/640x640.jpg,,,https://www.sainsburys.co.uk/gol-ui/product/sainsburys-tropical-fruit-juice--no-added-sugar-2l,,2024-08-19T20:03:40.095017-04:00
66-1666-DAI,One Living Ginger Kombucha with Turmeric 4x250ml,One,Drinks,Fruit juice & drinks,All fruit juice & smoothies,250ML,£5.25,4 for £5.25,,53p / 100ml,8007001.0,"Unpasteurised Sparkling Kombucha with Natural Flavours, Added Sweetener and B Vitamins",,https://assets.sainsburys-groceries.co.uk/gol/8007001/1/640x640.jpg,"Nutrient	Per 100ml	% RI		Per 100ml	% RI
Energy (kJ/kcal)	14/ 3	-
Fat	0.0g	-
Of Which Saturates	0.0g	-
Carbohydrate	0.2g	-
Of Which Sugars*	0.0g	-
Protein	0.0g	-
Salt	0.00g	-
B6 50% RI Per Can	0.28mg	20% RI
B12 50% RI Per Can	0.50µg	20% RI
Niacin 50% RI Per Can	3.20mg	20% RI
Biotin 50% RI Per Can	10.00µg	20% RI","Kombucha (Filtered Water, Sencha Green Tea, Raw Cane Sugar*, Live Kombucha Cultures), Botanical Extracts (Ginger Root, Pepper, Turmeric), Natural Flavouring, Sweetener: Steviol Glycosides From Stevia, B Vitamins (Niacin, B6, Biotin, B12), *During Fermentation Process, the Live Cultures Consume the Sugar",https://www.sainsburys.co.uk/gol-ui/product/no1-living-ginger-kombucha-4x250ml,4x250ml,2024-08-19T19:20:17.568964-04:00
66-1667-DAI,"Sainsbury's Tomato Juice, Not From Concentrate 1L",Sainsbury's,Drinks,Fruit juice & drinks,All fruit juice & smoothies,1L,£2.00,,,20p / 100ml,7486856.0,Tomato Juice not from concentrate,,https://assets.sainsburys-groceries.co.uk/gol/7486856/1/640x640.jpg,,,https://www.sainsburys.co.uk/gol-ui/product/sainsburys-tomato-juice--not-from-concentrate-1l,,2024-08-19T20:01:38.206572-04:00
66-1668-DAI,Copella Apple & Elderflower Fruit Juice 900ml,Copella,Drinks,Fruit juice & drinks,All fruit juice & smoothies,900ML,£2.50,,£2.00,28p / 100ml,7744931.0,Apple juice & elderflower infusion.,,https://assets.sainsburys-groceries.co.uk/gol/7744931/1/640x640.jpg,,"Apple Juice (99%), Elderflower Infusion (1%), Antioxidant: Vitamin C (Ascorbic Acid)",https://www.sainsburys.co.uk/gol-ui/product/copella-apple---elderflower-900ml,,2024-08-19T20:06:22.811662-04:00
66-1669-DAI,"innocent Kids Cherries, Strawberries & Apples Smoothies 4x150ml",innocent,Drinks,Fruit juice & drinks,All fruit juice & smoothies,150ML,£3.60,4 for £3.60,£2.00,60p / 100ml,8013219.0,"This innocent smoothie is a blend of whole crushed fruit, pure fruit juices and nothing else.",,https://assets.sainsburys-groceries.co.uk/gol/8013219/1/640x640.jpg,,"3/4 of a Pressed Apple (59%), 5 Pressed Grapes, 2 Crushed Strawberries (11%), 1/5 of a Mashed Banana**, 3 Crushed Cherries (6.5%), **Rainforest Alliance Certified",https://www.sainsburys.co.uk/gol-ui/product/innocent-kids-cherry-strwberry4x150ml,4x150ml,2024-08-19T20:07:35.625774-04:00
66-1670-DAI,Sainsbury's Apple & Raspberry Juice Drink 1L,Sainsbury's,Drinks,Fruit juice & drinks,All fruit juice & smoothies,1L,£2.00,,,20p / 100ml,6029103.0,apple & raspberry juice drink from concentrate with sugar and sweetener,,https://assets.sainsburys-groceries.co.uk/gol/6029103/1/640x640.jpg,,,https://www.sainsburys.co.uk/gol-ui/product/sainsburys-apple---raspberry-juice-drink-1l,,2024-08-19T20:04:14.604851-04:00
66-1671-DAI,"innocent Kids Blueberries, Apples & Pears Super Smoothies with Vitamins & Iron 4x150ml",innocent,Drinks,Fruit juice & drinks,All fruit juice & smoothies,150ML,£4.10,4 for £4.10,,68p / 100ml,8126721.0,"This innocent super smoothie is a blend of crushed fruit, pure fruit juices, vegetables and vitamin C, with added vitamin D and iron and absolute nothing else.",,https://assets.sainsburys-groceries.co.uk/gol/8126721/1/640x640.jpg,,"3/4 of a Pressed Apple (61%), A Dash of Crushed Pear (14%), 60 Crushed Blueberries (9.9%), A Chunk of Pressed Carrot, A Dash of Mashed Banana**, 2 Crushed Blackcurrants, Some Vitamin D and Iron, **Rainforest Alliance Certified",https://www.sainsburys.co.uk/gol-ui/product/innocent-kids-super-smoothie-blueberry-whizz-4x150ml,4x150ml,2024-08-19T20:03:53.156043-04:00
66-1672-DAI,Ocean Spray Cranberry Juice 1L,Ocean,Drinks,Fruit juice & drinks,All fruit juice & smoothies,1L,£2.40,,,24p / 100ml,7619495.0,Cranberry Juice Drink with Sugar and Sweetener,,https://assets.sainsburys-groceries.co.uk/gol/7619495/1/640x640.jpg,,"Water, Cranberry Juice from Concentrate (24%), Milled Cranberry Purée (4%), Sugar, Vitamin C, Flavourings, Sweetener (Steviol Glycosides from Stevia)",https://www.sainsburys.co.uk/gol-ui/product/ocean-spray-cranberry-1l,,2024-08-19T20:02:12.337373-04:00
66-1673-DAI,Tropicana Pure Tropical Fruit Juice 1.5L,Tropicana,Drinks,Fruit juice & drinks,All fruit juice & smoothies,1.5L,£4.00,,£3.00,27p / 100ml,7226017.0,"Apple, Mandarin, Pineapple, Passionfruit and Mango Juice",,https://assets.sainsburys-groceries.co.uk/gol/7226017/1/640x640.jpg,"Nutrient	Per 100ml	Per 150ml	%**		Per 100ml	Per 150ml	%**
Energy	176kJ/ 41kcal	264kJ/ 62kcal	3%
Fat	0g	0g	0%
of which saturates	0g	0g	0%
Carbohydrate	10g	16g	-
of which sugars†	10g	16g	17%
Fibre	0g	0g	-
Protein	0g	0g	-
Salt	0g	0g	0%
Vitamin C	20mg (25%**)	30mg	38%","Apple Juice, Mandarin Juice (12%), Pineapple Juice (9%), Passionfruit Juice (4%), Mango Puree (2%), Antioxidant: Ascorbic Acid (Vitamin C)",https://www.sainsburys.co.uk/gol-ui/product/tropicana-tropical-juice-15l,,2024-08-19T20:07:27.638670-04:00
66-1674-DAI,Tropicana Pure Smooth Orange Fruit Juice Multipack 4x250ml,Tropicana,Drinks,Fruit juice & drinks,All fruit juice & smoothies,250ML,£3.95,4 for £3.95,£3.00,40p / 100ml,6404623.0,100% Pure Squeezed Smooth Orange Juice,,https://assets.sainsburys-groceries.co.uk/gol/6404623/1/640x640.jpg,,100% Orange Juice,https://www.sainsburys.co.uk/gol-ui/product/tropicana-smooth-orange-juice-multipack-x4-250ml,4x250ml,2024-08-19T20:06:30.359939-04:00
66-1675-DAI,innocent Pure Apple Juice 900ml,innocent,Drinks,Fruit juice & drinks,All fruit juice & smoothies,900ML,£3.00,,£2.00,33p / 100ml,7437967.0,Apple Juice,,https://assets.sainsburys-groceries.co.uk/gol/7437967/1/640x640.jpg,"Nutrient	100ml	150ml		100ml	150ml
Energy	190kJ (45kcal)	286kJ (67kcal)
Fat	0g	0g
(of which saturates)	0g	0g
Carbohydrate	11g	16g
(of which sugars)	9.5g	14g
Protein	0.2g	0.3g
Salt	0g	0g
Vitamin C	26mg (33%*)	39mg (49%*)","8 Pressed Apples and a dash of Antioxidant: Ascorbic Acid (Vitamin C)** squashed into every bottle, **It stops the apples going brown. No one likes brown apples",https://www.sainsburys.co.uk/gol-ui/product/innocent-apple-juice-900ml,,2024-08-19T20:07:43.120336-04:00
66-1676-DAI,Nexba Naturally Sugar Free Elderflower & Lemon Kombucha 1L,Nexba,Drinks,Fruit juice & drinks,All fruit juice & smoothies,1L,£3.00,,£2.50,30p / 100ml,8005718.0,All natural,,https://assets.sainsburys-groceries.co.uk/gol/8005718/1/640x640.jpg,"Nutrient	Per 100ml
Energy	2kJ / 1kcal
Fat	0g
of which saturates	0g
Carbohydrate	1.0g
Protein	0g
Salt	0.14g","Sparkling Natural Spring Water, Kombucha (Purified Water, Oolong Tea, Sugars⁰, Kombucha Cultures) Acid (Acetic Acid), Vitamin C), Acid (Citric Acid), Goodsweet® Natural Sweeteners (Steviol Glycosides), Fibre, Natural Flavours (Lemon), Live Cultures (Bacillus Coagulans), ⁰Sugar fully consumed during fermentation",https://www.sainsburys.co.uk/gol-ui/product/nexba-elderflower-lemon-kombucha-1l,,2024-08-19T04:25:05.863314-04:00
66-1677-DAI,innocent Pure Orange Juice with Bits 900ml,innocent,Drinks,Fruit juice & drinks,All fruit juice & smoothies,900ML,£3.00,,£2.00,33p / 100ml,7437980.0,Orange juice with bits,,https://assets.sainsburys-groceries.co.uk/gol/7437980/1/640x640.jpg,"Nutrient	100ml	150ml		100ml	150ml
Energy	156kJ (37kcal)	234kJ (55kcal)
Fat	0g	0g
(of which saturates)	0g	0g
Carbohydrate	7.8g	12g
(of which sugars)	7.8g	12g
Protein	0.8g	1.2g
Salt	0g	0g
Vitamin C	25mg (31%*)	38mg (47%*)",11 Juicy Oranges squeezed into every bottle,https://www.sainsburys.co.uk/gol-ui/product/innocent-orange-juice-with-bits-900ml,,2024-08-19T20:08:04.393212-04:00
66-1678-DAI,Tropicana Pure Orange Fruit Juice with Extra Juicy Bits 900ml,Tropicana,Drinks,Fruit juice & drinks,All fruit juice & smoothies,900ML,£3.00,,,33p / 100ml,7210637.0,Orange Juice with Extra Juicy Bits,,https://assets.sainsburys-groceries.co.uk/gol/7210637/1/640x640.jpg,"Nutrient	Per 100ml	Per 150ml	%*		Per 100ml	Per 150ml	%*
Energy	177kJ/ 42kcal	266kJ/ 63kcal	3%
Fat	0g	0g	0%
of which saturates	0g	0g	0%
Carbohydrate	9.3g	14g	-
of which sugars†	8.6g	13g	14%
Fibre	0.7g	1.1g	-
Protein	0.8g	1.2g	-
Salt	0g	0g	0%
Vitamin C	28mg (35%*)	42mg	53%
Potassium	200mg (10%*)	300mg	15%","Orange Juice, Orange Pulp (5.7%)",https://www.sainsburys.co.uk/gol-ui/product/tropicana-orange-juice-with-extra-juicy-bits-1l,,2024-08-19T20:07:06.117328-04:00
66-1679-DAI,"innocent Blueberries, Peaches & Apples Smoothie 750ml",innocent,Drinks,Fruit juice & drinks,All fruit juice & smoothies,750ML,£3.50,,,47p / 100ml,8061769.0,"This innocent smoothie is a blend of crushed fruit, pure juices and spirulina extract.",,https://assets.sainsburys-groceries.co.uk/gol/8061769/1/640x640.jpg,"Nutrient	100ml	150ml		100ml	150ml
Energy	221kJ (52kcal)	331kJ (78kcal)
Fat	<0.5g	<0.5g
(of which saturates)	<0.1g	<0.1g
Carbohydrate	13g	19g
(of which sugars)	11g	16g
Fibre	1.1g	1.7g
Protein	<0.5g	0.6g
Salt	<0.01g	<0.01g
Vitamin C	18mg (23%*)	27mg (34%*)
Manganese	0.23mg (11%*)	0.34mg (17%*)","3 1/2 Pressed Apples (62%), 1 1/2 Mashed Bananas**, 1/2 a Crushed Pear, 1/4 of a Crushed Peach (5.4%), 64 Crushed Blueberries (4.5%), 39 Crushed Blackcurrants, 3 Crushed Sour Cherries, A splash of Beetroot Juice and a dash of Spirulina Extract",https://www.sainsburys.co.uk/gol-ui/product/innocent-smoothie-blueberries-peaches-apples-750ml,,2024-08-19T20:04:49.624008-04:00
66-1680-DAI,Vita Coco Pressed Coconut Water 1L,Vita,Drinks,Fruit juice & drinks,Coconut water,1L,£4.00,,£2.50,40p / 100ml,7950526.0,Coconut Water with Pressed Coconut,,https://assets.sainsburys-groceries.co.uk/gol/7950526/1/640x640.jpg,"Nutrient	per 100ml:		per 100ml:
Energy	104kJ (25kcal)
Fat	0.5g
(of which saturates	0.5g)
Carbohydrate	5g
(of which sugars	4g)
Protein	0g
Salt	0.06g
Potassium	196mg (10% RI*)
Vitamin C	18mg (23% RI*)","Coconut Water (97%), Coconut Purée (2%), Fructose (<1%), Vitamin C, Stabiliser: Gellan Gum",https://www.sainsburys.co.uk/gol-ui/product/vita-coco-pressed-1l,,2024-08-19T20:09:47.408020-04:00
66-1681-DAI,Copella Apple & Mango Fruit Juice 1.35L,Copella,Drinks,Fruit juice & drinks,All fruit juice & smoothies,1.35L,£3.50,,,26p / 100ml,7800982.0,Apple & Mango Juice,,https://assets.sainsburys-groceries.co.uk/gol/7800982/1/640x640.jpg,,"Apple Juice (85%), Mango Puree (15%), Antioxidant: Ascorbic Acid (Vitamin C)",https://www.sainsburys.co.uk/gol-ui/product/copella-apple---mango-15l,,2024-08-19T20:09:39.318907-04:00
66-1682-DAI,Naked Blue Machine Super Smoothie 750ml,Naked,Drinks,Fruit juice & drinks,All fruit juice & smoothies,750ML,£4.00,,,53p / 100ml,7759829.0,"Apple, Blueberry & Goji Berry Fruit Juice Drink Partially from Concentarate with Added Vitamins",,https://assets.sainsburys-groceries.co.uk/gol/7759829/1/640x640.jpg,"Nutrient	100ml		100ml
Energy	211kJ / (50 kcal)
Fat	0g
of which saturates	0g
Carbohydrate	12g
of which sugars**	10g
Fibre	0.5g
Protein	0.1g
Salt	0g
Vitamin C	11mg (13%*)
Vitamin B1 (Thiamine)	0.11mg (10%*)
Vitamin B2 (Riboflavin)	0.14mg (10%*)
Vitamin B6	0.14mg (10%*)
Vitamin E	1.2mg (10%*)","Apple Juice from Concentrate (71%), Apple puree (12%), Banana Puree, Blueberry Puree (7%), Blackcurrant Puree (1.6%), Elderberry Juice, Goji Berry Extract (0.1%), Natural Flavourings, Vitamins C, E, B6, Thiamine, Riboflavin",https://www.sainsburys.co.uk/gol-ui/product/naked-smoothie-blue-machine-750ml,,2024-08-19T20:08:43.724496-04:00
66-1683-DAI,"Sainsbury's Orange Juice, SO Organic 1L",Sainsbury's,Drinks,Fruit juice & drinks,All fruit juice & smoothies,1L,£3.30,,,33p / 100ml,1305647.0,Organic orange juicenot from concentrate,,https://assets.sainsburys-groceries.co.uk/gol/1305647/1/640x640.jpg,,,https://www.sainsburys.co.uk/gol-ui/product/sainsburys-fresh-orange-juice--so-organic-1l,,2024-08-19T20:10:43.422883-04:00
66-1684-DAI,Cawston Press Brilliant Beetroot Juice 1L,Cawston,Drinks,Fruit juice & drinks,All fruit juice & smoothies,1L,£3.00,,,30p / 100ml,7694523.0,Pressed Beetroot and Apple Juice.,,https://assets.sainsburys-groceries.co.uk/gol/7694523/1/640x640.jpg,"Nutrient	Per 100 ml
Energy	166 kJ/ 39 kcal
Fat	<0.1 g
Of Which Saturates	0 g
Carbohydrate	8.5 g
Of Which Sugars*	8.1 g
Protein	1.0 g
Salt	0.1 g","Pressed Beetroot Juice (90%), Pressed Apple Juice (10%), Antioxidant: Ascorbic Acid",https://www.sainsburys.co.uk/gol-ui/product/cawston-press-brilliant-beetroot-juice-1l,,2024-08-19T20:10:21.815320-04:00
66-1685-DAI,"Innocent Kids Oranges, Mangoes & Pineapples Smoothies 10x150ml",Innocent,Drinks,Fruit juice & drinks,All fruit juice & smoothies,150ML,£6.00,10 for £6.00,,40p / 100ml,8012579.0,"This innocent smoothie is a blend of whole crushed fruit, pure fruit juices and nothing else",,https://assets.sainsburys-groceries.co.uk/gol/8012579/1/640x640.jpg,,"1 Squeezed Orange (51%), A Slice of Pressed Pineapple (26%), 1/3 of a Mashed Banana**, A Chunk of Crushed Mango (1.8%), Some Crushed Peach, **Rainforest Alliance Certified",https://www.sainsburys.co.uk/gol-ui/product/innocent-kids-orange-mango-10x150ml,10x150ml,2024-08-19T20:12:30.952370-04:00
66-1686-DAI,Copella Smooth Orange Fruit Juice 1.35L,Copella,Drinks,Fruit juice & drinks,All fruit juice & smoothies,1.35L,£3.50,,,26p / 100ml,7744886.0,100% Orange Juice.,,https://assets.sainsburys-groceries.co.uk/gol/7744886/1/640x640.jpg,,Orange Juice,https://www.sainsburys.co.uk/gol-ui/product/copella-smooth-orange-juice-135l,,2024-08-19T20:11:17.418431-04:00
66-1687-DAI,Tropicana Pure Tropical Fruit Juice 850ml,Tropicana,Drinks,Fruit juice & drinks,All fruit juice & smoothies,850ML,£3.00,,,35p / 100ml,7736797.0,"Apple, Mandarin, Pineapple, Passionfruit and Mango Juice",,https://assets.sainsburys-groceries.co.uk/gol/7736797/1/640x640.jpg,"Nutrient	Per 100ml	Per 150ml	%*		Per 100ml	Per 150ml	%*
Energy	176kJ/ 41kcal	264kJ/ 62kcal	3%
Fat	0g	0g	0%
of which saturates	0g	0g	0%
Carbohydrate	10g	16g	-
of which sugars†	10g	16g	17%
Fibre	0g	0g	-
Protein	0g	0g	-
Salt	0g	0g	0%
Vitamin C	20mg (25%*)	30mg	38%","Apple Juice, Mandarin Juice (12%), Pineapple Juice (9%), Passionfruit Juice (4%), Mango Puree (2%), Antioxidant: Ascorbic Acid (Vitamin C)",https://www.sainsburys.co.uk/gol-ui/product/tropicana-tropical-juice-850ml,,2024-08-19T20:12:04.626060-04:00
66-1688-DAI,innocent Plus Citrus Shield Orange & Carrot Juice with Vitamins 750ml,innocent,Drinks,Fruit juice & drinks,All fruit juice & smoothies,750ML,£3.80,,,51p / 100ml,7964104.0,A Blend of Fruit & Vegetable Juices with Ginger Infusion + Added Vitamins,,https://assets.sainsburys-groceries.co.uk/gol/7964104/1/640x640.jpg,"Nutrient	per 100ml	per 150ml		per 100ml	per 150ml
Energy	171kJ (40kcal)	257kJ (60kcal)
Fat	0g	0g
(of which saturates)	0g	0g
Carbohydrate	10g	15g
(of which sugars)	9.0g	14g
Protein	0g	0g
Salt	0g	0g
Thiamin (Vitamin B1)	0.35 mg (32%*)	0.52 mg (47%*)
Riboflavin (Vitamin B2)	0.38 mg (27%*)	0.57 mg (41%*)
Niacin (Vitamin B3)	3.6 mg (22%*)	5.4 mg (34%*)
Vitamin B6	0.35 mg (25%*)	0.53 mg (38%*)
Vitamin C	22 mg (27%*)	32 mg (40%*)
Vitamin E	3.8 mg (32%*)	5.8 mg (48%*)","2 Pressed Apples, 2 Squeezed Oranges (25%), 4 Squeezed Mandarins (20%), Pressed Carrot (19%), A squeeze of Lemon (1.5%), A dash of Ginger Infusion (0.5%), Vitamins (B1, B2, B3, B6 & E)",https://www.sainsburys.co.uk/gol-ui/product/innocent-citrus-shield-750ml,,2024-08-19T20:11:30.629177-04:00
66-1689-DAI,Pom Wonderful Pomegranate Juice 710ml,Pom,Drinks,Fruit juice & drinks,All fruit juice & smoothies,710ML,£4.80,,,68p / 100ml,7306335.0,Pomegranate juice from concentrate.,,https://assets.sainsburys-groceries.co.uk/gol/7306335/1/640x640.jpg,"Nutrient	Per 100ml		Per 100ml
Energy	277 kJ / 65 kcal
Fat	0 g
of which saturates	0 g
Carbohydrate	16 g
of which sugars	14 g
Protein	0,3 g
Salt	0 g
Vitamin(e) C	12,1 mg 15%*
Potassium	232,5 mg 11,6%*","Pomegranate Juice (100%) from Concentrate, Vitamin C",https://www.sainsburys.co.uk/gol-ui/product/pom-wonderful-pomegranate-juice-710ml,,2024-08-19T20:12:43.843033-04:00
66-1690-DAI,Innocent Apple & Raspberry Juice 900ml,Innocent,Drinks,Fruit juice & drinks,All fruit juice & smoothies,900ML,£3.00,,£2.00,33p / 100ml,7551237.0,Apple & Raspberry Juice,,https://assets.sainsburys-groceries.co.uk/gol/7551237/1/640x640.jpg,"Nutrient	per 100ml	per 150ml†		per 100ml	per 150ml†
Energy	177kJ (42kcal)	266kJ (63kcal)
Fat	0g	0g
(of which saturates)	0g	0g
Carbohydrate	9.6g	14g
(of which sugars)	8.9g	13g
Protein	0.3g	0.4g
Salt	0g	0g
Vitamin C (NRV*)	26mg (33%)	39mg (49%)","7 Pressed Apples (92%), 27 Crushed Raspberries (8%) Squashed into every bottle",https://www.sainsburys.co.uk/gol-ui/product/innocent-apple---raspberry-juice-900ml,,2024-08-19T20:13:48.540940-04:00
66-1691-DAI,Tropicana Pure Orange & Mango Fruit Juice 850ml,Tropicana,Drinks,Fruit juice & drinks,All fruit juice & smoothies,850ML,£3.00,,,35p / 100ml,7740758.0,Orange and Mango Juice,,https://assets.sainsburys-groceries.co.uk/gol/7740758/1/640x640.jpg,"Nutrient	Per 100ml	Per 150ml	%*		Per 100ml	Per 150ml	%*
Energy	192kJ/ 45kcal	288kJ/ 68kcal	3%
Fat	0g	0.1g	0%
of which saturates	0g	0g	0%
Carbohydrate	10g	15g	-
of which sugars†	10g	15g	17%
Fibre	0.8g	1.2g	-
Protein	0.8g	1.2g	-
Salt	0g	0g	0%
Vitamin C	18mg (22%*)	26mg	33%","Orange Juice (85%), Mango Puree (15%)",https://www.sainsburys.co.uk/gol-ui/product/tropicana-orange---mango-juice-850ml,,2024-08-19T20:12:17.731897-04:00
66-1692-DAI,Tropicana Pressed Apple Fruit Juice 900ml,Tropicana,Drinks,Fruit juice & drinks,All fruit juice & smoothies,900ML,£3.00,,,33p / 100ml,6905813.0,Apple Juice,,https://assets.sainsburys-groceries.co.uk/gol/6905813/1/640x640.jpg,"Nutrient	Per 100ml	Per 150ml	%*		Per 100ml	Per 150ml	%*
Energy	195kJ/ 46kcal	293kJ/ 69kcal	3%
Fat	0g	0g	0%
of which saturates	0g	0g	0%
Carbohydrate	11g	17g	-
of which sugars✝	10g	15g	17%
Fibre	0.6g	0.9g	-
Protein	0.2g	0.3g	-
Salt	0g	0g	0%
Vitamin C	30mg (38%*)	45mg	56%","Apple Juice, Antioxidant: Ascorbic Acid (Vitamin C)",https://www.sainsburys.co.uk/gol-ui/product/tropicana-pressed-apple-juice-950ml,,2024-08-19T20:13:27.348325-04:00
66-1693-DAI,innocent Plus Berry Set Go Raspberry & Cherry Juice with Vitamins 750ml,innocent,Drinks,Fruit juice & drinks,All fruit juice & smoothies,750ML,£3.80,,,51p / 100ml,7964111.0,A Blend of Fruit & Vegetable Juices with Guarana Infusion + Added Vitamins,,https://assets.sainsburys-groceries.co.uk/gol/7964111/1/640x640.jpg,"Nutrient	100ml	150ml		100ml	150ml
Energy	180kJ (43kcal)	272kJ (64kcal)
Fat	0.01g	0.01g
of which saturates	0.01g	0.01g
Carbohydrate	10g	16g
of which sugars	9.8g	15g
Fibre	0g	0g
Protein	0.18g	0.28g
Salt	0g	0g
Thiamin (vitamin B₁)	0.31mg (28%*)	0.46mg (42%*)
Riboflavin (Vitamin B₂)	0.43mg (31%*)	0.64mg (46%*)
Niacin	3.8mg (24%*)	5.8mg (36%*)
Vitamin B₆	0.41mg (29%*)	0.62mg (44%*)
Vitamin C	26mg (33%*)	39mg (49%*)
Vitamin E	4mg (33%*)	6mg (50%*)","5 1/2 Pressed Apples (84%), 8 Pressed White Grapes, 9 Crushed Raspberries (3.2%), 6 Crushed Sour Cherries (3.2%), 1/5 of a Pressed Passion Fruit, A Splash of Pressed Beetroot, A Splash of Squeezed Lime, Some Vitamins (B1, B2, B6, C, E, Niacin), A Dash of Guarana Infusion (0.02%)",https://www.sainsburys.co.uk/gol-ui/product/innocent-berry-set-go-750ml,,2024-08-19T20:13:40.657476-04:00
66-1694-DAI,Sainsbury's No Added Sugar Summer Fruits Juice Drink 2L,Sainsbury's,Drinks,Fruit juice & drinks,All fruit juice & smoothies,2L,£1.49,,,7p / 100ml,7887816.0,No added sugar summer fruits juice drink from concentrate with sweetener,,https://assets.sainsburys-groceries.co.uk/gol/7887816/1/640x640.jpg,,,https://www.sainsburys.co.uk/gol-ui/product/sainsburys-summer-fruits-juice--no-added-sugar-2l,,2024-08-19T20:09:26.312848-04:00
66-1695-DAI,Tropicana Pure Orange Fruit Juice with Extra Juicy Bits 1.5L,Tropicana,Drinks,Fruit juice & drinks,All fruit juice & smoothies,1.5L,£4.00,,£3.00,27p / 100ml,7553220.0,Orange Juice with Extra Juicy Bits,,https://assets.sainsburys-groceries.co.uk/gol/7553220/1/640x640.jpg,"Nutrient	Per 100ml	Per 150ml	%**		Per 100ml	Per 150ml	%**
Energy	177kJ/ 42kcal	266kJ/ 63kcal	3%
Fat	0g	0g	0%
of which saturates	0g	0g	0%
Carbohydrate	9.3g	14g	-
of which sugars†	8.6g	13g	14%
Fibre	0.7g	1.1g	-
Protein	0.8g	1.2g	-
Salt	0g	0g	0%
Vitamin C	28mg (35%**)	42mg	53%
Riboflavin (B2)	200mg (10%**)	300mg	15%","Orange Juice, Orange Pulp (5.7%)",https://www.sainsburys.co.uk/gol-ui/product/tropicana-orange-juice-with-extra-juicy-bits-175l,,2024-08-19T20:16:21.334930-04:00
66-1696-DAI,Innocent Pure Orange Juice Smooth 1.75L,Innocent,Drinks,Fruit juice & drinks,All fruit juice & smoothies,1.75L,£4.60,,£3.50,26p / 100ml,8121754.0,Orange juice smooth,,https://assets.sainsburys-groceries.co.uk/gol/8121754/1/640x640.jpg,"Nutrient	100ml	150ml		100ml	150ml
Energy	149kJ (35kcal)	224kJ (53kcal)
Fat	<0.5g	<0.5g
(of which saturates)	<0.1g	0.2g
Carbohydrate	7.8g	12g
(of which sugars)	7.8g	12g
Fibre	0.7g	1g
Protein	0.7g	1.1g
Salt	<0.01g	0.2g
Vitamin C	22mg (28%*)	33mg (41%*)
Potassium	172mg (9%*)	258mg (13%*)
Folic acid	27.2µg (14%*)	40.8µg (20%*)",22 Juicy Oranges squeezed into every bottle,https://www.sainsburys.co.uk/gol-ui/product/innocent-orange-juice-smooth-175l,,2024-08-19T20:15:21.723855-04:00
66-1697-DAI,innocent Revitalise Raspberry Cranberry & Apple Super Smoothie with Vitamins 750ml,innocent,Drinks,Fruit juice & drinks,All fruit juice & smoothies,750ML,£4.50,,£2.50,60p / 100ml,8121756.0,"This Innocent Super Smoothie is a Blend of Crushed Fruit, Vegetables, Pure Juices, Milled Seeds, Baobab Puree and Vitamins.",,https://assets.sainsburys-groceries.co.uk/gol/8121756/1/640x640.jpg,"Nutrient	100ml	150ml		100ml	150ml
Energy	197kJ (47kcal)	296kJ (70kcal)
Fat	<0.5g	<0.5g
(of which saturates)	<0.1g	<0.1g
Carbohydrate	11g	16g
(of which sugars)	9.1g	14g
Fibre	1.3g	2g
Protein	<0.5g	0.6g
Salt	<0.01g	<0.01g
Thiamin (Vitamin B1)	0.32mg (29%*)	0.48mg (44%*)
Riboflavin (Vitamin B2)	0.38mg (27%*	0.57mg (41%*)
Niacin (Vitamin B3)	4mg (25%*)	6mg (38%*)
Vitamin B6	0.36mg (26%*)	0.54mg (39%*)
Vitamin C	15mg (19%*)	23mg (29%*)
Vitamin E	3.4mg (28%*)	5.1mg (43%*)","2 ½ Pressed Apples (45%), 2 Crushed Pears, A Splash of Pressed Beetroot, ⅓ of a Pressed Pomegranate (6.4%), 15 Crushed Raspberries (4.6%), 36 Crushed Blackcurrants, 8 Crushed Cranberries (1.5%), Some Milled Flax Seeds, Some Crushed Baobab and Some Vitamins (B1, B2, B3, B6, C & E)",https://www.sainsburys.co.uk/gol-ui/product/innocent-revitalise-super-smoothie-750ml,,2024-08-19T20:18:47.036530-04:00
66-1698-DAI,Vita Coco Coconut Water 4x330ml,Vita,Drinks,Fruit juice & drinks,Coconut water,330ML,£4.80,4 for £4.80,£4.00,36p / 100ml,7701656.0,Coconut Water,,https://assets.sainsburys-groceries.co.uk/gol/7701656/1/640x640.jpg,"Nutrient	per 100ml:		per 100ml:
Energy	77kJ (18kcal)
Fat	0g
(of which saturates	0g)
Carbohydrate	4.5g
(of which sugars	4g)
Protein	0g
Salt	0.04g
Potassium	188mg (9% RI*)
Vitamin C	18mg (23% RI*)","Coconut Water (99%), Fructose (<1%), Vitamin C",https://www.sainsburys.co.uk/gol-ui/product/vita-coco-coconut-water-4x330ml,4x330ml,2024-08-19T20:16:50.368493-04:00
66-1699-DAI,Copella Apple & Mango Fruit Juice 900ml,Copella,Drinks,Fruit juice & drinks,All fruit juice & smoothies,900ML,£2.50,,£2.00,28p / 100ml,7744929.0,Apple & Mango Juice,,https://assets.sainsburys-groceries.co.uk/gol/7744929/1/640x640.jpg,,"Apple Juice (85%), Mango Puree (15%), Antioxidant: Ascorbic Acid (Vitamin C)",https://www.sainsburys.co.uk/gol-ui/product/copella-apple---mango-900ml,,2024-08-19T20:15:43.551794-04:00
66-1700-DAI,Tropicana Pure Smooth Orange Fruit Juice 300ml,Tropicana,Drinks,Fruit juice & drinks,Orange juice,300ML,£1.90,,,63p / 100ml,7736185.0,I'm 1 of Your 5 a Day!,,https://assets.sainsburys-groceries.co.uk/gol/7736185/1/640x640.jpg,,100% Orange Juice,https://www.sainsburys.co.uk/gol-ui/product/tropicana-smooth-orange-300ml,,2024-08-19T20:18:25.845687-04:00
66-1701-DAI,Sainsbury's Cranberry Juice Drink 1L,Sainsbury's,Drinks,Fruit juice & drinks,All fruit juice & smoothies,1L,£2.00,,,20p / 100ml,1291599.0,cranberry juice drink from concentrate with sugar and sweetener,,https://assets.sainsburys-groceries.co.uk/gol/1291599/1/640x640.jpg,,,https://www.sainsburys.co.uk/gol-ui/product/sainsburys-cranberry-juice-drink-1l-1291599-p-44,,2024-08-19T20:17:38.327307-04:00
66-1702-DAI,innocent Plus Inner Winner Dragon Fruit & Lychee Juice with Vitamins 750ml,innocent,Drinks,Fruit juice & drinks,All fruit juice & smoothies,750ML,£3.80,,,51p / 100ml,8093733.0,"A Blend of Fruit Juices, Crushed Fruit, Apple Water, Chicory Root Extract, Baobab Puree + Added Vitamins",,https://assets.sainsburys-groceries.co.uk/gol/8093733/1/640x640.jpg,"Nutrient	per 100ml	per 150ml		per 100ml	per 150ml
Energy	175kJ (41kcal)	263kJ (62kcal)
Fat	<0.5g	<0.5g
(of which saturates)	<0.1g	<0.1g
Carbohydrate	9.6g	14g
(of which sugars)	8.4g	13g
Fibre	1.5g	2.2g
Protein	<0.5g	<0.5g
Salt	<0.01g	0.02g
Niacin (vitamin B3)	2.5 mg (16%*)	3.8 mg (24%*)
Pantothenic acid (vitamin B5)	1.9 mg (32%*)	2.9 mg (48%*)
Vitamin B6	0.34 mg (24%*)	0.51 mg (36%*)
Biotin (vitamin B7)	12 µg (24%*)	18 µg (36%*)
Folic acid (vitamin B9)	49.6 µg (25%*)	74.4 µg (37%*)
Vitamin B12	0.49 µg (20%*)	0.74 µg (30%*)
Vitamin C	22 mg (28%*)	33 mg (41%*)","4 1/2 Pressed Apples (70%), 3/4 of A Crushed Pear, Some Coconut Water, Some Apple Water (5%), 2 Pressed Lychees (4.5%), 1/5 of A Crushed Dragon Fruit (3.2%), Some Chicory Root Extract, A Squeeze of Lime, Some Crushed Baobab (0.41%), Some Vitamins (B3, B5, B6, B7, B9, B12 & C)",https://www.sainsburys.co.uk/gol-ui/product/innocent-plus-inner-winner-mix-fruit-juice-750ml,,2024-08-19T20:18:39.356686-04:00
66-1703-DAI,innocent Plus Wonder Green Apple & Pear Juice with Vitamins 750ml,innocent,Drinks,Fruit juice & drinks,All fruit juice & smoothies,750ML,£3.80,,,51p / 100ml,7964096.0,A Blend of Fruit & Vegetable Juices with Extracts & Infusions + Added Vitamins,,https://assets.sainsburys-groceries.co.uk/gol/7964096/1/640x640.jpg,"Nutrient	per 100ml	per 150ml		per 100ml	per 150ml
Energy	171kJ (40kcal)	257kJ (60kcal)
Fat	0g	0g
(of which saturates)	0g	0g
Carbohydrate	10g	15g
(of which sugars)	9.0g	14g
Protein	0g	0g
Salt	0g	0g
Thiamin (Vitamin B1)	0.33 mg (30%*)	0.49 mg (45%*)
Riboflavin (Vitamin B2)	0.39 mg (28%*)	0.59 mg (42%*)
Niacin (Vitamin B3)	3.9 mg (24%*)	5.8 mg (36%*)
Vitamin B6	0.40 mg (29%*)	0.60 mg (43%*)
Vitamin C	36 mg (44%*)	53 mg (67%*)
Vitamin E	4.0 mg (34%*)	6.1 mg (51%*)","5 Pressed Apples (80%), 3/4 of a Pressed Pear (13%), 1/3 of a Crushed Cucumber (6%), A squeeze of Lime, A dash of Spirulina Extract, A dash of Matcha Infusion (0.2%), A dash of Safflower Extract, A dash of Liquorice Infusion, A dash of Ginger Infusion, Vitamins (B1, B2, B3, B6 & E)",https://www.sainsburys.co.uk/gol-ui/product/innocent-wonder-green-750ml,,2024-08-19T20:17:51.843703-04:00
66-1704-DAI,innocent Blue Spark Guava & Pineapple Super Smoothie with Vitamins 750ml,innocent,Drinks,Fruit juice & drinks,All fruit juice & smoothies,750ML,£4.50,,£2.50,60p / 100ml,8015424.0,"This Innocent Super Smoothie is a Blend of Crushed Fruit, Vegetables, Pure Juices, Coconut Water, Spirulina Extract and Vitamins.",,https://assets.sainsburys-groceries.co.uk/gol/8015424/1/640x640.jpg,"Nutrient	100ml	150ml		100ml	150ml
Energy	229kJ (54kcal)	344kJ (81kcal)
Fat	0g	0g
(of which saturates)	0g	0g
Carbohydrate	12g	17g
(of which sugars)	9.8g	15g
Fibre	1.0g	1.5g
Protein	0.3g	0.5g
Salt	0g	0g
Biotin	7.9µg (16%*)	12µg (24%*)
Folic acid	39µg (20%*)	59µg (29%*)
Niacin (Vitamin B3)	2.6mg (16%*)	3.9mg (24%*)
Pantothenic acid (Vitamin B5)	1.9mg (32%*)	2.9mg (48%*)
Vitamin B6	0.23mg (16%*)	0.34mg (16%*)
Vitamin B12	0.5µg (20%*)	0.75µg (30%*)
Vitamin C	32mg (41%*)	49mg (61%*)","3 1/2 Pressed Apples (53%), 1 1/2 Mashed Bananas, A Splash of Pineapple Juice (9.3%), 1 Crushed Guava (8.7%), A Splash of Coconut Water, 1/2 a Pressed White Carrot, 1/2 a Crushed Passion Fruit, A Dash of Spirulina Extract (0.81%), A Squeeze of Lime, Some Vitamins (C, B3, B5, B6, Biotin, Folic Acid & B12)",https://www.sainsburys.co.uk/gol-ui/product/innocent-super-smoothie-blue-spark-750ml,,2024-08-19T20:19:21.240025-04:00
66-1705-DAI,One Living Raspberry Kombucha with Pomegranate 4x250ml,One,Drinks,Fruit juice & drinks,All fruit juice & smoothies,250ML,£5.25,4 for £5.25,,53p / 100ml,8006994.0,"Unpasteurised Sparkling Kombucha with Natural Flavours, Added Sweetener and B Vitamins",,https://assets.sainsburys-groceries.co.uk/gol/8006994/1/640x640.jpg,"Nutrient	Per 100ml	% RI		Per 100ml	% RI
Energy (kJ/kcal)	10/ 2	-
Fat	0.0g	-
Of Which Saturates	0.0g	-
Carbohydrate	0.2g	-
Of Which Sugars*	0.0g	-
Protein	0.0g	-
Salt	0.00g	-
B6 50% RI Per Can	0.28mg	20% RI
B12 50% RI Per Can	0.50µg	20% RI
Niacin 50% RI Per Can	3.20mg	20% RI
Biotin 50% RI Per Can	10.00µg	20% RI","Kombucha (Filtered Water, Sencha Green Tea, Raw Cane Sugar*, Live Kombucha Cultures), Natural Flavouring, Raspberry Natural Flavouring, Raspberry Extract, Sweetener: Steviol Glycosides from Stevia, Concentrate of Carrot and Blueberry, B Vitamins (Niacin, B6, Biotin, B12), *During our fermentation process, the live cultures consume the Sugar, enabling us to create our Sugar Free Kombucha",https://www.sainsburys.co.uk/gol-ui/product/no-1-living-sugar-free-kombucha-raspberry-with-pomegranate-4x250ml,4x250ml,2024-08-19T19:26:10.241629-04:00
66-1706-DAI,One Living Ginger Kombucha with Turmeric 275ml,One,Drinks,Fruit juice & drinks,All fruit juice & smoothies,275ML,£1.95,,£1.60,71p / 100ml,7910966.0,Lightly Sparkling Organic Kombucha with Ginger and Tumeric,,https://assets.sainsburys-groceries.co.uk/gol/7910966/1/640x640.jpg,"Nutrient	Per 100ML	Per Bottle
Energy (kJ/kcal)	70/ 17	193/ 47
Fat	0.0g	0.0g
Of which Saturates	0.0g	0.0g
Carbohydrate	4.1g	11.3g
Of which Sugars	4.1g	11.3g
Protein	0.0g	0.0g
Salt	0.03g	0.07g","Kombucha (Filtered Water, Golden Cane Sugar*, Sencha Green Tea*, Live Kombucha Cultures*), Ginger Juice* (1.5%), Ginger* (0.14%), Turmeric* (0.14%), *Organic ingredients",https://www.sainsburys.co.uk/gol-ui/product/no1-kombucha-ginger-turmeric-275ml,,2024-08-19T04:30:45.831915-04:00
66-1707-DAI,"Sainsbury's Apple Juice, SO Organic 1L",Sainsbury's,Drinks,Fruit juice & drinks,All fruit juice & smoothies,1L,£3.30,,,33p / 100ml,1305654.0,Organic apple juicenot from concentrate,,https://assets.sainsburys-groceries.co.uk/gol/1305654/1/640x640.jpg,,,https://www.sainsburys.co.uk/gol-ui/product/sainsburys-apple-juice--so-organic-1l,,2024-08-19T20:22:59.555916-04:00
66-1708-DAI,Innocent Coconut Water 1L,Innocent,Drinks,,,1L,£4.30,,£2.50,43p / 100ml,7743448.0,Coconut Water,,https://assets.sainsburys-groceries.co.uk/gol/7743448/1/640x640.jpg,"Nutrient	100ml	250ml		100ml	250ml
Energy	60kJ (14kcal)	149kJ (35kcal)
Fat	0g	0g
(of which saturates)	0g	0g
Carbohydrate	3,5g	8,8g
(of which sugars)	2,2g	5,5g
Protein	0g	0g
Salt	0,07g	0,18g
Potassium	196mg (9,8%*)	490mg (25%*)","100% Pure Coconut Water from 3 Fair Trade** Coconuts, **Fair Trade Certified™ by Fair Trade USA",https://www.sainsburys.co.uk/gol-ui/product/innocent-coconut-water-1l,,2024-08-19T20:19:47.453228-04:00
66-1709-DAI,innocent Pure Apple Juice 1.75L,innocent,Drinks,Fruit juice & drinks,All fruit juice & smoothies,1.75L,£4.60,,£3.50,26p / 100ml,8121746.0,Apple juice,,https://assets.sainsburys-groceries.co.uk/gol/8121746/1/640x640.jpg,"Nutrient	100ml	150ml		100ml	150ml
Energy	180kJ (42kcal)	270kJ (64kcal)
Fat	<0.5g	<0.5g
(of which saturates)	<0.1g	0.2g
Carbohydrate	11g	16g
(of which sugars)	9.5g	14g
Fibre	<0.5g	0.7g
Protein	<0.5g	<0.5g
Salt	<0.01g	0.02g
Vitamin C	26mg (33%*)	39mg (49%*)","15 1/2 Pressed Apples and a dash of Antioxidant: Ascorbic Acid (Vitamin C)** squashed into every bottle, **It stops the Apples going brown. No one likes Brown Apples",https://www.sainsburys.co.uk/gol-ui/product/innocent-apple-juice-175l,,2024-08-19T20:19:55.542456-04:00
66-1710-DAI,Mockingbird Raw Press Greens Virgin Smoothie 750ml,Mockingbird,Drinks,Fruit juice & drinks,All fruit juice & smoothies,750ML,£4.50,,£3.00,60p / 100ml,8053911.0,"Cold-Pressed Blend of Fruit and Vegetable Purées, Juice, Spirulina and Added Vitamin C.",,https://assets.sainsburys-groceries.co.uk/gol/8053911/1/640x640.jpg,"Nutrient	Per 100ml	Per 150ml		Per 100ml	Per 150ml
Energy	188kJ/ 44kcal	282kJ/ 66kcal
Fat	0.1g	0.15g
Of Which Saturates	0g	0g
Carbohydrate	9.8g	14.7g
Of Which Sugars†	8.0g	12g
Fibre	0.7g	1.05g
Protein	0.7g	1.05g
Salt	0.06g	0.09g
Vitamin C	12mg (15%*)	18mg (22.5%*)","4 Pressed Apples (51%), Crushed Spinach (15%), 1/2 Pressed Pear (14%), Mashed Banana, Crushed Broccoli (4%), Crushed Kale (4%), Squeeze of Lemon, 1/3 Crushed Kiwi (3%), Sprinkle of Spirulina, Dash of Safflower, Vitamin C (Ascorbic Acid)",https://www.sainsburys.co.uk/gol-ui/product/mockingbird-raw-press-greens-virgin-smoothie-750ml,,2024-08-19T20:21:36.492081-04:00
66-1711-DAI,innocent Energise Strawberry & Cherry Super Smoothie with Vitamins 750ml,innocent,Drinks,Fruit juice & drinks,All fruit juice & smoothies,750ML,£4.50,,,60p / 100ml,8015382.0,"This Innocent Super Smoothie is a Blend of Crushed Fruit, Vegetables, Pure Juices, Milled Seeds, Botanicals and Vitamins.",,https://assets.sainsburys-groceries.co.uk/gol/8015382/1/640x640.jpg,"Nutrient	100ml	150ml		100ml	150ml
Energy	221kJ (52kcal)	331kJ (78kcal)
Fat	0g	0g
(of which saturates)	0g	0g
Carbohydrate	12g	18g
(of which sugars)	10g	15g
Fibre	0.8g	1.2g
Protein	0.6g	0.9g
Salt	0g	0g
Thiamin (Vitamin B1)	0.33mg (30%*)	0.50mg (45%*)
Riboflavin (Vitamin B2)	0.38mg (27%*)	0.58mg (41%*)
Niacin (Vitamin B3)	2.5mg (16%*)	3.7mg (23%*)
Vitamin B6	0.41mg (29%*)	0.62mg (44%*)
Vitamin C	17mg (22%*)	26mg (32%*)
Vitamin E	4.1mg (34%*)	6.1mg (51%*)","3 1/2 Pressed Apples (50%), 33 Pressed Red and White Grapes, 1 1/2 Mashed Bananas, 7 Crushed Strawberries (10%), 34 Crushed Blackcurrants, 7 Crushed Cherries (3.3%), A Splash of Pressed Beetroot, Some Milled Flax Seeds (0.56%), A Dash of Guarana Infusion (0.01%), And Some Vitamins (B1, B2, B3, B6, C & E)",https://www.sainsburys.co.uk/gol-ui/product/innocent-super-smoothie-energise-750ml,,2024-08-19T20:20:35.172733-04:00
66-1712-DAI,Copella Cloudy Apple Fruit Juice 300ml,Copella,Drinks,Fruit juice & drinks,Apple juice,300ML,£1.85,,,62p / 100ml,7736199.0,Apple Juice,,https://assets.sainsburys-groceries.co.uk/gol/7736199/1/640x640.jpg,,"Apple Juice, Antioxidant: Ascorbic Acid (Vitamin C)",https://www.sainsburys.co.uk/gol-ui/product/copella-apple-300ml,,2024-08-19T20:21:27.600386-04:00
66-1713-DAI,Innocent Pineapples Bananas & Coconuts Smoothie 750ml,Innocent,Drinks,Fruit juice & drinks,All fruit juice & smoothies,750ML,£3.50,,,47p / 100ml,8113592.0,This innocent smoothie is a blend of crushed fruit and pure juices.,,https://assets.sainsburys-groceries.co.uk/gol/8113592/1/640x640.jpg,"Nutrient	100ml	150ml		100ml	150ml
Energy	216kJ (51kcal)	324kJ (76kcal)
Fat	<0.5g	<0.5g
(of which saturates)	<0.1g	0.2g
Carbohydrate	12g	18g
(of which sugars)	11g	17g
Fibre	1.4g	2.1g
Protein	0.5g	0.7g
Salt	<0.01g	0.02g
Vitamin C	23mg (29%*)	34mg (43%*)
Folic Acid	31.2µg (16%*)	46.8µg (23%*)
Potassium	168mg (8.4%*)	252mg (13%*)","A Slice of Pressed Pineapple (39%), 1 Mashed Banana (37%), 1 Pressed Apple, A Slice of a Squeezed Orange, A Dash of Creamy Coconut Milk (3%) and a Squeeze of Lemon",https://www.sainsburys.co.uk/gol-ui/product/innocent-pineapples-bananas-coconuts-smoothie-750ml,,2024-08-19T20:19:00.143918-04:00
66-1714-DAI,Sainsbury's Breakfast Juice 1L,Sainsbury's,Drinks,Fruit juice & drinks,All fruit juice & smoothies,1L,£2.00,,,20p / 100ml,7486860.0,"Clementine, orange and grapefruit juices not from concentrate",,https://assets.sainsburys-groceries.co.uk/gol/7486860/1/640x640.jpg,,,https://www.sainsburys.co.uk/gol-ui/product/sainsburys-ruby-breakfast-juice--not-from-concentrate-1l,,2024-08-19T20:18:12.776495-04:00
66-1715-DAI,Naked Rainbow Machine Mixed Fruit Smoothie 750ml,Naked,Drinks,Fruit juice & drinks,All fruit juice & smoothies,750ML,£4.00,,,53p / 100ml,8063073.0,"Apple, Banana, Kiwi, Blackberry, Mango & Blueberry Fruit & Veg Juice Drink Partially from Concentrate with Added Vitamins",,https://assets.sainsburys-groceries.co.uk/gol/8063073/1/640x640.jpg,"Nutrient	100ml		100ml
Energy	164kJ / (39 kcal)
Fat	0g
of which saturates	0g
Carbohydrate	9.2g
of which sugars**	8.6g
Fibre	0.5g
Protein	0.2g
Salt	0g
Vitamin C	26mg (33%*)
Vitamin B1 (Thiamine)	0.28mg (26%*)
Vitamin B2 (Riboflavin)	0.40mg (29%*)
Vitamin B6	0.37mg (26%*)
Vitamin E	4.9mg (41%*)","Apple Juice from Concentrate (55%), Water, Banana Puree (8%), Kiwi Puree (7%), Blackberry Puree (7%), Mango Puree (5%), Beetroot Juice from Concentrate, Blueberry Puree (3%), Elderberry Juice, Natural Flavourings, Vitamins C, E, B6, Thiamine, Riboflavin",https://www.sainsburys.co.uk/gol-ui/product/naked-rainbow-machine-750ml,,2024-08-19T20:23:47.386104-04:00
66-1716-DAI,innocent Plus Bolt from the Blue Guava & Lime Juice with Vitamins 750ml,innocent,Drinks,Fruit juice & drinks,All fruit juice & smoothies,750ML,£3.80,,,51p / 100ml,7964101.0,"A Blend of Fruit Juices, Coconut Water with Spirulina Extract + Added Vitamins",,https://assets.sainsburys-groceries.co.uk/gol/7964101/1/640x640.jpg,"Nutrient	per 100ml	per 150ml		per 100ml	per 150ml
Energy	172kJ (41kcal)	258kJ (62kcal)
Fat	0g	0g
(of which saturates)	0g	0g
Carbohydrate	10g	15g
(of which sugars)	9.3g	14g
Protein	0g	0g
Salt	0g	0g
Thiamin (Vitamin B1)	0.30mg (27%*)	0.45mg (41%*)
Riboflavin (Vitamin B2)	0.37mg (26%*)	0.55mg (39%*)
Niacin (Vitamin B3)	3.5mg (22%*)	5.3mg (33%*)
Vitamin B6	0.40mg (28%*)	0.59mg (42%*)
Vitamin C	26mg (33%*)	39mg (49%*)
Vitamin E	3.8mg (32%*)	5.8mg (48%*)","4 1/2 Pressed Apples (66%), Coconut Water (18%), 15 Pressed Grapes, Some Crushed White Guava (5%), A Dash of Pressed Passion Fruit, A Dash of Spirulina Extract (0.8%), A Squeeze of Lime (0.7%), And some Vitamins (B1, B2, B3, B6 & E)",https://www.sainsburys.co.uk/gol-ui/product/innocent-plus-bolt-from-the-blue-750ml,,2024-08-19T20:21:49.616586-04:00
66-1717-DAI,"innocent Guavas, Pineapples & Apples Smoothie 750ml",innocent,Drinks,Fruit juice & drinks,All fruit juice & smoothies,750ML,£3.50,,,47p / 100ml,8061779.0,"This innocent smoothie is a blend of crushed fruit, pure juices and spirulina extract.",,https://assets.sainsburys-groceries.co.uk/gol/8061779/1/640x640.jpg,"Nutrient	100ml	150ml		100ml	150ml
Energy	238kJ (56kcal)	358kJ (84kcal)
Fat	<0.5g	<0.5g
(of which saturates)	<0.1g	<0.1g
Carbohydrate	13g	19g
(of which sugars)	11g	16g
Fibre	1.1g	1.7g
Protein	1g	1.5g
Salt	<0.01g	<0.01g
Vitamin C	36mg (45%*)	53mg (67%*)
Manganese	0.47mg (23%*)	0.7mg (35%*)
Potassium	151mg (7.6%*)	227mg (11%*)","3 Pressed Apples (46%), 2 Mashed Bananas, 1/2 a Pressed Pineapple (19%), 1 Crushed White Guava (11%), 1/4 of A Squeezed Lemon, 1/2 a Crushed Passion Fruit and a dash of Spirulina Extract",https://www.sainsburys.co.uk/gol-ui/product/innocent-smoothie-guavas-pineapples-apples-750ml,,2024-08-19T20:23:12.868345-04:00
66-1718-DAI,"innocent Mangoes, Passion Fruits & Apples Smoothie 250ml",innocent,Drinks,Fruit juice & drinks,All fruit juice & smoothies,250ML,£2.00,,,80p / 100ml,3547823.0,This innocent smoothie is a blend of crushed fruit and pure juices.,,https://assets.sainsburys-groceries.co.uk/gol/3547823/1/640x640.jpg,"Nutrient	100ml		100ml
Energy	216kJ (51kcal)
Carbohydrate	12g
(of which sugars)	11g
Fibre	1.4g
Protein	<0.5g
Vitamin C	23mg (29%*)
Folic Acid	31.2µg (16%*)
Potassium	168mg (8.4%*)","1 Pressed Apple (51%), 1/3 of a Crushed Mango (16%), 1/2 a Mashed Banana, 1/3 of a Squeezed Orange, 1/4 of a Pressed Passion Fruit (3%), A Piece of Crushed Peach and a Squeeze of Lime",https://www.sainsburys.co.uk/gol-ui/product/innocent-smoothie--mango---passion-fruit-250ml,,2024-08-19T20:22:24.535377-04:00
66-1719-DAI,Innocent Summer Fruits Juice 1.35L,Innocent,Drinks,Fruit juice & drinks,All fruit juice & smoothies,1.35L,£4.10,,,30p / 100ml,7743451.0,"Innocent summer fruits juice is a blend of apple juice, white grape juice, crushed strawberries & crushed blackcurrants.",,https://assets.sainsburys-groceries.co.uk/gol/7743451/1/640x640.jpg,"Nutrient	per 100ml	per 150ml†		per 100ml	per 150ml†
Energy	189kJ (45kcal)	284kJ (67kcal)
Fat	0g	0g
(of which saturates)	0g	0g
Carbohydrate	10g	15g
(of which sugars)	9.6g	14g
Protein	0.4g	0.6g
Salt	0g	0g
Vitamin C (RI*)	24mg (30%)	36mg (45%)","8 Pressed Apples (69%), 52 Pressed White Grapes, 15 Crushed Strawberries (12%), 77 Crushed Blackcurrants (4%) squashed into every bottle",https://www.sainsburys.co.uk/gol-ui/product/innocent-apple---berries-juice-135l,,2024-08-19T20:24:37.553657-04:00
66-1720-DAI,"Sainsbury's Pomegranate Juice Drink, No Added Sugar 1L",Sainsbury's,Drinks,Fruit juice & drinks,Berries & grape juice,1L,£2.00,,,20p / 100ml,7887813.0,No added sugar pomegranate juice drink from concentrate with sweetener,,https://assets.sainsburys-groceries.co.uk/gol/7887813/1/640x640.jpg,,,https://www.sainsburys.co.uk/gol-ui/product/sainsburys-pomegranate-juice--no-added-sugar-1l,,2024-08-19T20:25:59.576225-04:00
66-1721-DAI,Tropicana Pressed Apple Fruit Juice 1.5L,Tropicana,Drinks,Fruit juice & drinks,All fruit juice & smoothies,1.5L,£4.00,,£3.00,27p / 100ml,7688929.0,Apple Juice,,https://assets.sainsburys-groceries.co.uk/gol/7688929/1/640x640.jpg,"Nutrient	Per 100ml	Per 150ml	%**		Per 100ml	Per 150ml	%**
Energy	195kJ/ 46kcal	293kJ/ 69kcal	3%
Fat	0g	0g	0%
of which saturates	0g	0g	0%
Carbohydrate	11g	17g	-
of which sugars†	10g	15g	17%
Fibre	0.6g	0.9g	-
Protein	0.2g	0.3g	-
Salt	0g	0g	0%
Vitamin C	20mg (38%**)	45mg	56%","Apple Juice, Antioxidant: Ascorbic Acid (Vitamin C)",https://www.sainsburys.co.uk/gol-ui/product/tropicana-pressed-apple-juice-16l,,2024-08-19T20:26:34.400169-04:00
66-1722-DAI,Coco Cabana Coconut Water 1L,Coco,Drinks,Fruit juice & drinks,All fruit juice & smoothies,1L,£2.50,,£2.00,25p / 100ml,8041419.0,Coconut water from concentrate.,,https://assets.sainsburys-groceries.co.uk/gol/8041419/1/640x640.jpg,"Nutrient	per 100ml:		per 100ml:
Energy	77kJ (18kcal)
Fat	0g
(of which saturates	0g)
Carbohydrate	4.5g
(of which sugars	4g)
Protein	0g
Salt	0.11g
Vitamin C	18mg (23% RI*)
Potassium	196mg (10% RI*)","Coconut Water from Concentrate (Water, Coconut Water Concentrate), Fructose (<1%), Vitamin C",https://www.sainsburys.co.uk/gol-ui/product/coco-cabana-coconut-water-1l,,2024-08-19T20:27:18.314873-04:00
66-1723-DAI,innocent Strawberries & Bananas Smoothie 250ml,innocent,Drinks,Fruit juice & drinks,All fruit juice & smoothies,250ML,£2.00,,,80p / 100ml,3547762.0,This innocent smoothie is a blend of crushed fruit and pure juices.,,https://assets.sainsburys-groceries.co.uk/gol/3547762/1/640x640.jpg,"Nutrient	100ml		100ml
Energy	216kJ (51kcal)
Carbohydrate	12g
(of which sugars)	10g
Fibre	1.2g
Protein	<0.5g
Vitamin C	7.8mg (9.7%*)
Folic Acid	17.8µg (8.9%*)
Manganese	0.23mg (11%*)
Potassium	159mg (8%*)","7 Crushed Strawberries (31%), 1/2 a Pressed Apple, 3/4 of a Mashed Banana (22%), 10 Pressed White Grapes, A slice of squeezed Orange and 6 crushed Blackcurrants",https://www.sainsburys.co.uk/gol-ui/product/innocent-smoothie--strawberry---banana-250ml,,2024-08-19T20:26:12.919694-04:00
66-1724-DAI,Copella Apple & Blackberry Fruit Juice 1.35L,Copella,Drinks,Fruit juice & drinks,All fruit juice & smoothies,1.35L,£3.50,,,26p / 100ml,7800950.0,Apple & Blackberry Juice.,,https://assets.sainsburys-groceries.co.uk/gol/7800950/1/640x640.jpg,,"Apple Juice (90%), Blackberry Puree (10%), Antioxidant: Vitamin C (Ascorbic Acid)",https://www.sainsburys.co.uk/gol-ui/product/copella-apple---blackberry-15l,,2024-08-19T20:20:48.382545-04:00
66-1725-DAI,One Living Raspberry Kombucha with Pomegranate 275ml,One,Drinks,Fruit juice & drinks,All fruit juice & smoothies,275ML,£1.95,,£1.60,71p / 100ml,7910994.0,"Lightly Sparkling Organic Kombucha with Raspberry, Pomegranate and Hibiscus.",,https://assets.sainsburys-groceries.co.uk/gol/7910994/1/640x640.jpg,"Nutrient	Per 100ml	Per Bottle
Energy (kJ/kcal)	64/ 15	176/ 41
Fat	0.0g	0.0g
Of which Saturates	0.0g	0.0g
Carbohydrate	3.8g	10.4g
Of which Sugars	3.6g	10.0g
Protein	0.0g	0.0g
Salt	0.03g	0.07g","Kombucha (Filtered Water, Golden Cane Sugar*, Sencha Green Tea*, Live Kombucha Cultures*), Raspberry Puree* (3%), Pomegranate* (0.1%), Hibiscus* (0.1%), Natural Raspberry Flavouring, *Organic Ingredients",https://www.sainsburys.co.uk/gol-ui/product/no1-kombucha-raspberry-pomegranate-hibiscus-275ml,,2024-08-19T04:33:51.395956-04:00
66-1726-DAI,Ribena Blackcurrant Juice Drink 4x500ml,Ribena,Drinks,Fruit juice & drinks,All fruit juice & smoothies,500ML,£3.50,4 for £3.50,,18p / 100ml,7970547.0,Blackcurrant juice drink with sugar and sweeteners,,https://assets.sainsburys-groceries.co.uk/gol/7970547/1/640x640.jpg,"Nutrient	per 100ml	%RI*	per 250ml	%RI*		per 100ml	%RI*	per 250ml	%RI*
Energy, kJ/kcal	89/ 21	-	223/ 52	-
Carbohydrate, g	4.8	-	11.9	-
of which sugars, g	4.6	-	11.6	-
Salt, g	0.06	-	0.14	-
Vitamin C, mg	32	40	80	100","Water, Blackcurrant Juice from Concentrate (6%), Sugar, Vitamin C, Thickener (Polydextrose), Acid (Citric Acid), Acidity Regulator (Sodium Gluconate), Extracts of (Carrot and Hibiscus), Flavourings, Sweeteners (Acesulfame K, Sucralose)",https://www.sainsburys.co.uk/gol-ui/product/ribena-blackcurrant-4-x-500ml-7970547-p,4x500ml,2024-08-19T20:26:48.735419-04:00
66-1727-DAI,innocent Plus Power to the Purple Pomegranate & Raspberry Juice with Vitamins 750ml,innocent,Drinks,Fruit juice & drinks,All fruit juice & smoothies,750ML,£3.80,,,51p / 100ml,8015301.0,"A blend of fruit & vegetable juices, coconut water, rose water and spirulina extract + added vitamins",,https://assets.sainsburys-groceries.co.uk/gol/8015301/1/640x640.jpg,"Nutrient	100ml	150ml		100ml	150ml
Energy	174kJ (41kcal)	261kJ (61kcal)
Fat	0g	0g
(of which saturates)	0g	0g
Carbohydrate	10g	15g
(of which sugars)	9.6g	14g
Protein	0.2g	0.3g
Salt	0g	0g
Niacin (Vitamin B3)	2.6mg (16%*)	3.9mg (24%*)
Pantothenic acid (Vit B5)	1.9mg (32%*)	2.9mg (48%*)
Vitamin B6	0.23mg (16%*)	0.34mg (24%*)
Biotin (Vitamin B7)	7.9µg (16%)	12µg (24%)
Folic acid (Vitamin B9)	39µg (20%*)	59µg (29%*)
Vitamin B12	0.50µg (20%*)	0.75µg (30%*)","6 Pressed Apples (83%), 1/2 Pressed Pomegranate (8.6%), 11 Crushed Raspberries (3.3%), Coconut Water (3.3%), A Squeeze of Beetroot, A Squeeze of Lime, Some Rose Water (0.35%), A Dash of Spirulina Extract (0.20%), Some Vitamins (B3, B5, B6, B7, B9, B12)",https://www.sainsburys.co.uk/gol-ui/product/innocent-power-to-the-purple-juice-750ml,,2024-08-19T20:27:45.459123-04:00
66-1728-DAI,The Turmeric Co. Raw Turmeric & Ginger Self Shot 420ml,The,Drinks,Fruit juice & drinks,All fruit juice & smoothies,420ML,£5.95,,£1.50,£1.42 / 100ml,8173227.0,Recovery support,,https://assets.sainsburys-groceries.co.uk/gol/8173227/1/640x640.jpg,"Nutrient	per 100mL	per 60mL
Energy (kJ)	116kJ	70kJ
Energy (kcal)	27kcal	16kcal
Fat	0.5g	0.3g
saturates	0.1g	0.06g
Carbohydrates	5.6g	3.4g
sugars	4.4g	2.6g
Protein	0.8g	0.5g
Salt	0.04g	<0.02g","Watermelon, Organic Turmeric Root (30%), Organic Ginger Root (10%), Pineapple, Pomegranate, Lemon, Vitamin C, BioMax Uptake Blend® (Black Pepper Mix)",https://www.sainsburys.co.uk/gol-ui/product/the-turmeric-co-raw-turmeric-ginger-family-size-420ml,,2024-08-19T09:00:23.028642-04:00
66-1729-DAI,Innocent Blueberry Focus Strawberry & Apple Super Smoothie with Vitamins 750ml,Innocent,Drinks,Fruit juice & drinks,All fruit juice & smoothies,750ML,£4.50,,£2.50,60p / 100ml,8189061.0,"This Innocent Super Smoothie is a Blend of Crushed Fruit, Pure Juices, Vegetable Extracts, Apple Water, Spirulina Extract and Vitamins.",,https://assets.sainsburys-groceries.co.uk/gol/8189061/1/640x640.jpg,"Nutrient	100ml	150ml		100ml	150ml
Energy	205kJ (48kcal)	307kJ (72kcal)
Fat	0g	0g
of which saturates	0g	0g
Carbohydrate	10g	16g
of which sugars	10g	15g
Fibre	0.8g	1.2g
Protein	1.3g	1.9g
Salt	0g	0g
Niacin	3.8mg (24%*)	5.7mg (36%*)
Pantothenic acid	2.1mg (35%*)	3.1mg (52%*)
Vitamin B6	0.36mg (26%*)	0.53mg (38%*)
Vitamin B12	0.63µg (25%*)	0.94µg (38%*)
Biotin	12µg (24%*)	17µg (34%*)
Folic Acid	61µg (31%*)	91µg (46%*)
Vitamin C	36mg (45%*)	54mg (68%*)","4 1/2 Pressed Apples (69%), 1 1/2 Mashed Bananas, Some Pressed Apple Water, 182 Crushed Blueberries (6%), 3/4 of a Crushed Strawberry (1.5%), 1/5 of a Pressed Rhubarb Stalk, A Dash of Beetroot and Carrot Extract, A Dash of Spirulina Extract (0.44%), Some Vitamins (B6, B12, C, Niacin, Pantothenic Acid, Biotin, Folic Acid)",https://www.sainsburys.co.uk/gol-ui/product/innocent-blueberry-focus-strawberry-apple-super-smoothie-with-vitamins-750ml,,2024-08-19T20:31:39.956036-04:00
66-1730-DAI,Sainsbury's Cherry Juice Drink 1L,Sainsbury's,Drinks,Fruit juice & drinks,All fruit juice & smoothies,1L,£2.00,,,20p / 100ml,7570908.0,"Juice drink made with cherry andapple juice not from concentrate,cherry purée and sweetener",,https://assets.sainsburys-groceries.co.uk/gol/7570908/1/640x640.jpg,,,https://www.sainsburys.co.uk/gol-ui/product/sainsburys-cherry-juice-drink-1l,,2024-08-19T20:28:06.654874-04:00
66-1731-DAI,"innocent Invigorate Kiwi, Cucumber, Apple & Matcha Super Smoothie with Vitamins 750ml",innocent,Drinks,Fruit juice & drinks,All fruit juice & smoothies,750ML,£4.50,,,60p / 100ml,8015306.0,"This innocent Super Smoothie is a Blend of Crushed Fruit, Vegetables, Pure Juices, Milled Seeds, Botanicals and Vitamins.",,https://assets.sainsburys-groceries.co.uk/gol/8015306/1/640x640.jpg,"Nutrient	100ml	150ml		100ml	150ml
Energy	230kJ (54kcal)	345kJ (81kcal)
Fat	<0.5g	0.6g
(of which saturates)	<0.1g	0.2g
Carbohydrate	13g	20g
(of which sugars)	11g	17g
Fibre	1.1g	1.7g
Protein	<0.5g	0.8g
Salt	<0.01g	<0.01g
Thiamin (Vitamin B1)	0.33mg (30%*)	0.49mg (45%*)
Riboflavin (Vitamin B2)	0.41mg (30%*)	0.62mg (44%*)
Niacin (Vitamin B3)	2.6mg (16%*)	3.8mg (24%*)
Vitamin B6	0.45mg (32%*)	0.67mg (48%*)
Vitamin C	18mg (22%*)	27mg (34%*)
Vitamin E	4.8mg (40%*)	7.2mg (60%*)","4 Pressed Apples (62%), 21 Pressed White Grapes, 1 Mashed Banana, 1/2 Crushed Mango, 1/2 Crushed Kiwi (7%), A Piece of Crushed Cucumber (1.5%), Some Milled Flax Seeds (0.6%), A Dash of Spirulina Extract, A Squeeze of Lime (0.1%), A Dash of Safflower Extract, A Dash of Matcha Infusion (0.05%), Some Vitamins (B1, B2, B3, B6, C & E)",https://www.sainsburys.co.uk/gol-ui/product/innocent-super-smoothie-invigorate-750ml,,2024-08-19T20:29:10.656883-04:00
66-1732-DAI,"innocent Recharge Mandarin, Carrot & Ginger Super Smoothie with Vitamins 750ml",innocent,Drinks,Fruit juice & drinks,All fruit juice & smoothies,750ML,£4.50,,£2.50,60p / 100ml,8015328.0,"This Innocent Super Smoothie is a Blend of Crushed Fruit, Vegetables, Pure Juices, Milled Seeds, Botanicals and Vitamins.",,https://assets.sainsburys-groceries.co.uk/gol/8015328/1/640x640.jpg,"Nutrient	100ml	150ml		100ml	150ml
Energy	189kJ (45kcal)	284kJ (67kcal)
Fat	0g	0g
(of which saturates)	0g	0g
Carbohydrate	11g	16g
(of which sugars)	9.9g	15g
Fibre	0.5g	0.8g
Protein	0g	0g
Salt	0g	0g
Thiamin (Vitamin B1)	0.33mg (30%*)	0.50mg (45%*)
Riboflavin (Vitamin B2)	0.38mg (27%*)	0.57mg (41%*)
Niacin (Vitamin B3)	2.5mg (16%*)	3.8mg (23%*)
Vitamin B6	0.40mg (29%*)	0.60mg (43%*)
Vitamin C	25mg (31%*)	37mg (46%*)
Vitamin E	2.2mg (18%*)	3.3mg (28%*)","4 1/2 Pressed Apples (69%), 3 1/2 Squeezed Mandarins (15%), 1/2 a Mashed Banana, 1/3 of a Pressed Carrot (4.5%), A Splash of Crushed Peach, A Squeeze of Lemon, A Dash of Ginger Infusion (0.37%), A Dash of Safflower Extract, Some Milled Flax Seeds (0.07%), Vitamins (B1, B2, B3, B6, C and E)",https://www.sainsburys.co.uk/gol-ui/product/innocent-recharge-mandarin-carrot-ginger-super-smoothie-with-vitamins-750ml,,2024-08-19T20:32:22.042522-04:00
66-1733-DAI,Tropicana Pure Orange & Mango Fruit Juice 1.5L,Tropicana,Drinks,Fruit juice & drinks,All fruit juice & smoothies,1.5L,£4.00,,£3.00,27p / 100ml,7874480.0,Orange and Mango Juice,,https://assets.sainsburys-groceries.co.uk/gol/7874480/1/640x640.jpg,"Nutrient	Per 100ml	Per 150ml	%**		Per 100ml	Per 150ml	%**
Energy	192kJ/ 45kcal	288kJ/ 68kcal	3%
Fat	0g	0.1g	0%
of which saturates	0g	0g	0%
Carbohydrate	10g	15g	-
of which sugars†	10g	15g	17%
Fibre	0.8g	1.2g	-
Protein	0.8g	1.2g	-
Salt	0g	0g	0%
Vitamin C	18mg (22%**)	26mg	33%","Orange Juice (85%), Mango Puree (15%)",https://www.sainsburys.co.uk/gol-ui/product/tropicana-orange-mango-juice-16l,,2024-08-19T20:30:49.173830-04:00
66-1734-DAI,"Sainsbury's Cucumber, Kiwi & Lime Smoothie 750ml",Sainsbury's,Drinks,Fruit juice & drinks,Smoothies,750ML,£1.80,,,24p / 100ml,8022778.0,"Smoothie made with apple, white grape and lime juices, blended with banana, apple, mango, kiwi fruit and cucumber puréeswith green tea extract",,https://assets.sainsburys-groceries.co.uk/gol/8022778/1/640x640.jpg,,,https://www.sainsburys.co.uk/gol-ui/product/sainsburys-cucumber-kiwi-lime-smoothie-750ml,,2024-08-19T20:30:14.758092-04:00
66-1735-DAI,"Sainsbury's Mojito Mocktail Summer Edition, Taste the Difference 750ml",Sainsbury's,Drinks,Fruit juice & drinks,All fruit juice & smoothies,750ML,£2.50,,,33p / 100ml,8146849.0,Pasteurised Lemon and Lime juice drink with added sugar and flavouring,,https://assets.sainsburys-groceries.co.uk/gol/8146849/1/640x640.jpg,,,https://www.sainsburys.co.uk/gol-ui/product/sainsburys-mojito-mocktail-summer-edition-taste-the-difference-750ml,,2024-08-19T20:31:10.566821-04:00
66-1736-DAI,Tropicana Sensations Multivitamin Boost Fruit Juice 850ml,Tropicana,Drinks,Fruit juice & drinks,All fruit juice & smoothies,850ML,£3.50,,£2.50,41p / 100ml,7736696.0,"Juice of 12 Fruits Partially From Concentrate with Added Vitamins C, B1, B2, B6, E and A",,https://assets.sainsburys-groceries.co.uk/gol/7736696/1/640x640.jpg,"Nutrient	Per 100ml	Per 150ml	%*		Per 100ml	Per 150ml	%*
Energy	204kJ/ 48kcal	306kJ/ 72kcal	4%
Fat	0g	0g	0%
of which saturates	0g	0g	0%
Carbohydrates	12g	17g	-
of which sugars†	11g	16g	8%
Fibre	0g	0g	-
Protein	0g	0g	-
Salt	0g	0g	0%
Vitamin A	153mg (19%*)	230µg	29%
Vitamin E	5mg (42%*)	7.5mg	63%
Vitamin C	72mg (90%*)	108mg	135%
Vitamin B1 (Thiamin)	0.33mg (30%*)	0.50mg	45%
Vitamin B2 (Riboflavin)	0.44mg (31%*)	0.66mg	47%
Vitamin B6	0.39mg (28%*)	0.59mg	42%","Apple Juice from Concentrate (37%), Orange Juice from Concentrate (14%), Grape Juice (11%), Pineapple Juice (8%), Apricot Puree, Peach Puree, Mandarin Juice (5%), Kaki Juice, Passion Fruit Puree (4%), Mango Puree (2%), Banana Puree (2%), Lemon Juice, Vitamin C, B1, B2, B6, E, A",https://www.sainsburys.co.uk/gol-ui/product/tropicana-multivitamins-juice-juice-850ml,,2024-08-19T20:31:31.916323-04:00
66-1737-DAI,Mockingbird Raw Press Boost Virgin Smoothie 750ml,Mockingbird,Drinks,Fruit juice & drinks,All fruit juice & smoothies,750ML,£4.50,,£3.00,60p / 100ml,8053920.0,"Cold-Pressed Blend of Fruit and Vegetable Purées, Juice and Added Vitamins.",,https://assets.sainsburys-groceries.co.uk/gol/8053920/1/640x640.jpg,"Nutrient	Per 100ml	Per 150ml		Per 100ml	Per 150ml
Energy	180kJ/ 42kcal	270kJ/ 63kcal
Fat	0.2g	0.3g
Of Which Saturates	0g	0g
Carbohydrate	9.3g	13.95g
Of Which Sugars†	8.3g	12.45g
Fibre	0.7g	1.05g
Protein	0.5g	0.75g
Salt	0.01g	0.015g
Vitamin C	12mg (15%*)	18mg (23%*)
Vitamin B6	0.2mg (15%*)	0.3mg (23%*)","4 3/4 Pressed Apples, 1/2 Orange, 29 Crushed Blackcurrants (8%), 5 Crushed Strawberries (8%), 12 1/2 Blueberries, Squeeze of Beetroot (2%), Crushed Acai Berries (2%), Crushed Spinach (1%), Crushed Kale (1%), Vitamin C (Ascorbic Acid), Vitamin B6",https://www.sainsburys.co.uk/gol-ui/product/mockingbird-raw-press-boost-virgin-smoothie-750ml,,2024-08-19T20:32:13.680808-04:00
66-1738-DAI,MOJU Turmeric Vitality Dosing Bottle 7x Shots 420ml,MOJU,Drinks,Fruit juice & drinks,Juice shots,420ML,£5.95,7 for £5.95,£1.60,£1.42 / 100ml,8071071.0,"Juice from cold-pressed fruit and turmeric root, with black pepper & acerola cherry powder",,https://assets.sainsburys-groceries.co.uk/gol/8071071/1/640x640.jpg,"Nutrient	(per 100ml):		(per 100ml):
Energy	169kJ/ 40kcal
Fat	1.6g
(of which saturates	0.6g)
Carbohydrate	8.7g
(of which sugars	8.6g)
Protein	1.7g
Salt	0.02g
Vitamin C	30mg (38% RI)","Apple, Turmeric Root (18%), Lemon, Black Pepper Powder, Acerola Cherry Powder, Antioxidant: Ascorbic Acid",https://www.sainsburys.co.uk/gol-ui/product/moju-turmeric-shots-dosing-bottle-420ml,,2024-08-19T09:00:31.806685-04:00
66-1739-DAI,Innocent Apple & Mango Juice 1.35L,Innocent,Drinks,Fruit juice & drinks,All fruit juice & smoothies,1.35L,£4.10,,,30p / 100ml,7619634.0,Apple & Mango Juice,,https://assets.sainsburys-groceries.co.uk/gol/7619634/1/640x640.jpg,"Nutrient	per 100ml	per 150ml†		per 100ml	per 150ml†
Energy	197kJ (46kcal)	295kJ (70kcal)
Fat	0g	0g
(of which saturates)	0g	0g
Carbohydrate	11g	16g
(of which sugars)	9.6g	14g
Protein	0.4g	0.6g
Salt	0.01g	0.02g
Vitamin C (NRV*)	33mg (41%)	50mg (62%)","11 Pressed Apples (93%), 3/4 Crushed Mango (7%) and a Dash of Antioxidant: Ascorbic Acid (Vitamin C)** Squashed into every bottle, **It stops the Apples going brown. No one likes brown Apples",https://www.sainsburys.co.uk/gol-ui/product/innocent-apple-mango-juice-135l,,2024-08-19T20:30:28.581796-04:00
66-1740-DAI,innocent Plus Bolt from the Blue Guava & Lime Juice with Vitamins 330ml,innocent,Drinks,Fruit juice & drinks,All fruit juice & smoothies,330ML,£2.15,,,65p / 100ml,7999321.0,"A blend of fruit juices, coconut water & spirulina extract + added vitamins.",,https://assets.sainsburys-groceries.co.uk/gol/7999321/1/640x640.jpg,"Nutrient	per 100ml	per 150ml		per 100ml	per 150ml
Energy	172kJ (41kcal)	258kJ (62kcal)
Carbohydrate	10g	15g
(of which sugars)	9.3g	14g
Protein	0g	0g
Thiamin (Vitamin B1)	0.30 mg (27%*)	0.45 mg (41%*)
Riboflavin (Vitamin B2)	0.37 mg (26%*)	0.55 mg (39%*)
Niacin (Vitamin B3)	3.5 mg (22%*)	5.3 mg (33%*)
Vitamin B6	0.40 mg (28%*)	0.59 mg (42%*)
Vitamin C	26 mg (33%*)	39 mg (49%*)
Vitamin E	3.8 mg (32%*)	5.8 mg (48%*)","Apple Juice (66%), Coconut Water (18%), White Grape Juice, White Guava Puree (5%), Passion Fruit Juice, Spirulina Extract (0.8%), Lime Juice (0.7%), Vitamins (B1, B2, B3, B6 & E)",https://www.sainsburys.co.uk/gol-ui/product/innocent-bolt-from-the-blue-330ml,,2024-08-19T20:33:57.172923-04:00
66-1741-DAI,Copella Smooth Orange Fruit Juice 900ml,Copella,Drinks,Fruit juice & drinks,All fruit juice & smoothies,900ML,£2.50,,£2.00,28p / 100ml,7744935.0,100% Orange Juice.,,https://assets.sainsburys-groceries.co.uk/gol/7744935/1/640x640.jpg,,Orange Juice,https://www.sainsburys.co.uk/gol-ui/product/copella-smooth-orange-900ml-7744935-p-44,,2024-08-19T20:33:44.166816-04:00
66-1742-DAI,"Sainsbury's Freshly Squeezed Lemonade, Taste the Difference 1L (Sugar levy applied)",Sainsbury's,Drinks,Fruit juice & drinks,All fruit juice & smoothies,1L,£3.00,,,30p / 100ml,6615948.0,Freshly squeezed pasteurised lemonade juice drink,,https://assets.sainsburys-groceries.co.uk/gol/6615948/1/640x640.jpg,,,https://www.sainsburys.co.uk/gol-ui/product/sainsburys-lemonade--taste-the-difference-1l,,2024-08-19T20:34:39.498848-04:00
66-1743-DAI,"innocent Exotic Energise Lychee, Apple & Dragon Fruit Super Smoothie with Vitamins 750ml",innocent,Drinks,Fruit juice & drinks,All fruit juice & smoothies,750ML,£4.50,,£2.50,60p / 100ml,8152521.0,"This Innocent Super Smoothie is a Blend of Crushed Fruit, Pure Juices, Vegetable Extracts, Apple Water and Added Vitamins.",,https://assets.sainsburys-groceries.co.uk/gol/8152521/1/640x640.jpg,"Nutrient	100ml	150ml		100ml	150ml
Energy	198kJ (47kcal)	297kJ (70kcal)
Fat	0.01g	0.01g
(of which saturates)	0g	0g
Carbohydrate	11g	16g
(of which sugars)	9.9g	15g
Fibre	0.88g	1.3g
Protein	0.28g	0.41g
Salt	0g	0g
Niacin (Vitamin B₃)	3.8mg (24%*)	5.7mg (36%*)
Pantothenic acid (Vitamin B₅)	2.1mg (35%*)	3.1mg (52%*)
Vitamin B6	0.36mg (26%*)	0.53mg (38%*)
Biotin (Vitamin B₇)	12µg (24%*)	17µg (34%*)
Folic acid (Vitamin B₉)	61µg (31%*)	91µg (46%*)
Vitamin B12	0.63µg (25%*)	0.94µg (38%*)
Vitamin C	6.3mg (8%*)	9.5mg (12%*)","4 Pressed Apples (67%), 1 Mashed Banana**, Some Pressed Apple Water, 4 Pressed Lychees (6.6%), 1/5 of a crushed Dragonfruit (3.2%), 1/4 of a squeezed Lime, A squeezed of Lemon, A dash of Beetroot and Carrot Extract and some Vitamins (B₃, B₅, B₆, B₇, B₉, B₁₂ & C), **Rainforest Alliance Certified",https://www.sainsburys.co.uk/gol-ui/product/innocent-super-smoothie-lychee-apple-dragon-fruit-with-vitamins-750ml,,2024-08-19T20:34:18.433969-04:00
66-1744-DAI,Naked Gold Machine Super Smoothie Passionfruit Mango & Guava 750ml,Naked,Drinks,Fruit juice & drinks,All fruit juice & smoothies,750ML,£4.00,,,53p / 100ml,8142989.0,"Apple, Mango, Orange, Guava, Banana, and Passionfruit Fruit Juice Drink Partially from Concentrate with Added Vitamins",,https://assets.sainsburys-groceries.co.uk/gol/8142989/1/640x640.jpg,"Nutrient	100ml		100ml
Energy	201kJ / 47kcal
Fat	0g
of which saturates	0g
Carbohydrate	12g
of which sugars**	11g
Fibre	0.5g
Protein	0.3g
Salt	0g
Vitamin C	16mg (20%*)
Vitamin B1	0.15mg (14%*)
Vitamin B2	0.25mg (18%*)
Vitamin B6	0.24mg (17%*)
Vitamin E	3.3mg (28%*)","Apple Juice from Concentrate (62%), Apple Puree, Mango Puree (6%), Orange Juice from Concentrate, Guava Puree (4%), Banana Puree, Passionfruit (3%), Extracts (Carrot, Pumpkin), Vitamins C, E, B6, Thiamin, Riboflavin",https://www.sainsburys.co.uk/gol-ui/product/naked-gold-machine-super-smoothie-passionfruit-mango-guava-750ml,,2024-08-19T20:32:35.159590-04:00
66-1745-DAI,Sainsbury's Lemonade Juice Drink 1L (Sugar levy applied),Sainsbury's,Drinks,Fruit juice & drinks,All fruit juice & smoothies,1L,£2.00,,,20p / 100ml,7635600.0,Lemonade juice drink not from concentrate,,https://assets.sainsburys-groceries.co.uk/gol/7635600/1/640x640.jpg,,,https://www.sainsburys.co.uk/gol-ui/product/sainsburys-lemonade-juice-drink-1l,,2024-08-19T20:33:09.966837-04:00
66-1746-DAI,Rebel Kitchen Org Coconut Water 750ml,Rebel,Drinks,Fruit juice & drinks,All fruit juice & smoothies,750ML,£4.95,,,66p / 100ml,8121752.0,Organic Raw Coconut Water,,https://assets.sainsburys-groceries.co.uk/gol/8121752/1/640x640.jpg,"Nutrient	per 100ml:		per 100ml:
Energy	110kJ/ 26kcal
Fat	<0.1g
of which saturates	<0.1g
Carbohydrate	6g
of which sugars	6g
Fibre	<0.1g
Protein	0.4g
Salt	0.02g
Potassium	182mg (9% Reference Intake)",100% Organic Coconut Water from Young Green Coconuts,https://www.sainsburys.co.uk/gol-ui/product/rebel-kitchen-org-coconut-water-750ml,,2024-08-19T20:34:10.382956-04:00
66-1747-DAI,Tropicana Pure Orange Fruit Juice with Bits 300ml,Tropicana,Drinks,Fruit juice & drinks,Orange juice,300ML,£1.90,,,63p / 100ml,7736188.0,I'm 1 of Your 5 A Day!,,https://assets.sainsburys-groceries.co.uk/gol/7736188/1/640x640.jpg,,100% Orange Juice,https://www.sainsburys.co.uk/gol-ui/product/tropicana-original-300ml,,2024-08-19T20:36:55.143157-04:00
66-1748-DAI,"Sainsbury's Pina Colada Mocktail Summer Edition, Taste the Difference 750ml",Sainsbury's,Drinks,Fruit juice & drinks,All fruit juice & smoothies,750ML,£2.50,,,33p / 100ml,8146851.0,"Pasteurised white grape, apple, pineapple and lemon juices, pineapple purée and coconut milk with natural flavouring.",,https://assets.sainsburys-groceries.co.uk/gol/8146851/1/640x640.jpg,,,https://www.sainsburys.co.uk/gol-ui/product/sainsburys-pina-colada-mocktail-summer-edition-taste-the-difference-750ml,,2024-08-19T20:37:43.593063-04:00
66-1749-DAI,Sainsbury's Flourish Apple Pear Cucumber Kale & Lemon Energy Smoothie 750ml,Sainsbury's,Drinks,Fruit juice & drinks,All fruit juice & smoothies,750ML,£2.40,,,32p / 100ml,8135845.0,"Pasteurised Apple, Cucumber and Lemon juices blended with Apple, Pear and Kale purées, with added Spirulina, Safflower and Guarana extracts and fortified with Vitamins C, B1, B2, B3 and B6.",,https://assets.sainsburys-groceries.co.uk/gol/8135845/1/640x640.jpg,,,https://www.sainsburys.co.uk/gol-ui/product/sainsburys-flourish-apple-pear-cucumber-kale-lemon-energy-smoothie-750ml,,2024-08-19T20:38:57.478147-04:00
66-1750-DAI,The Turmeric Co. Raw Turmeric Vitamin C & D3 Self Shot 420ml,The,Drinks,Fruit juice & drinks,All fruit juice & smoothies,420ML,£5.95,,£1.50,£1.42 / 100ml,8173219.0,7x Self shot bottle,,https://assets.sainsburys-groceries.co.uk/gol/8173219/1/640x640.jpg,"Nutrient	per 100mL	per 60mL		per 100mL	per 60mL
Energy (kJ)	219kJ	131kJ
Energy (kcal)	52kcal	31kcal
Fat	0.66g	0.4g
of which saturates	0.14g	0.08g
Carbohydrates	10.67g	6.4g
Sugars	8.3g	4.98g
Protein	0.8g	0.48g
Salt	0.06g	<0.04g
Vitamin C	1250% RI	-
Vitamin D	1500% RI	-
Vitamin E	58% RI	-","Watermelon, Pineapple, Organic Turmeric Root (15%), Organic Ginger Root, Pomegranate, Lemon, (Lipoturm© Proprietary Blend Vitamin C (1000mg), Vitamin D3 (75ug), Vitamin E (7mg), Sunflower Lecithin), BioMax Uptake Blend® (Black Pepper & Cinnamon Mix), Coconut Nectar",https://www.sainsburys.co.uk/gol-ui/product/the-turmeric-co-raw-turmeric-vitamin-c-d3-family-size-420ml,,2024-08-19T09:00:42.811761-04:00
66-1751-DAI,One Living Passion Fruit Kombucha with Goji 275ml,One,Drinks,Fruit juice & drinks,All fruit juice & smoothies,275ML,£1.95,,£2.50,71p / 100ml,7910981.0,Lightly Sparkling Organic Kombucha with Passion Fruit and Goji.,,https://assets.sainsburys-groceries.co.uk/gol/7910981/1/640x640.jpg,"Nutrient	Per 100ML	Per Bottle
Energy (kJ/kcal)	68/ 16	187/ 44
Fat	0.0g	0.0g
Of which Saturates	0.0g	0.0g
Carbohydrate	4.0g	11.0g
Of which Sugars	4.0g	11.0g
Protein	0.0g	0.0g
Salt	0.03g	0.07g","Kombucha (Filtered Water, Golden Cane Sugar*, Sencha Green Tea*, Live Kombucha Cultures*), Passion Fruit Juice*(3%), Goji Berries* (0.1%), Natural Fruit Flavouring, *Organic ingredients",https://www.sainsburys.co.uk/gol-ui/product/no1-kombucha-passion-fruit-goji-275ml,,2024-08-19T04:41:49.092150-04:00
66-1752-DAI,innocent Plus Tropical Shield Pineapple & Passion Fruit Juice with Vitamins 750ml,innocent,Drinks,Fruit juice & drinks,All fruit juice & smoothies,750ML,£3.80,,,51p / 100ml,8188967.0,"A Blend of Fruit Juices, Ginger Infusion & Turmeric Extract + Vitamin D & Iron",,https://assets.sainsburys-groceries.co.uk/gol/8188967/1/640x640.jpg,"Nutrient	100ml	150ml		100ml	150ml
Energy	160kJ (39kcal)	239kJ (58kcal)
Fat	0.11g	0.16g
of which saturates	0.11g	0.16g
Carbohydrate	8.9g	13g
of which sugars	7.7g	11g
Fibre	0.74g	1.1g
Protein	0.11g	0.16g
Salt	0g	0g
Vitamin C	39mg (49%*)	59mg (74%*)
Vitamin D	0.88 µg (18%*)	1.3µg (26%*)
Iron	2mg (14%*)	3.1mg (22%*)","5 1/2 Pressed Apples (81%), 3/4 % of a Crushed White Guava a Splash of Pressed Pineapple (4%), 1/5 of a Squeezed Orange, 1/5 of a Pressed Passion Fruit (1.7%), A Splash of Crushed Pear, A Dash of Crushed Mango (1.7%), 2 Crushed Acerola Cherries (1.5%), A Splash of Squeezed Lime, A Dash of Ginger Infusion (0.42%), Dash of Turmeric Extract (0.11%), Some Vitamin D and Iron",https://www.sainsburys.co.uk/gol-ui/product/innocent-tropical-shield-750ml,,2024-08-19T20:37:22.279681-04:00
66-1753-DAI,Sainsbury's Flourish Orange Carrot Passionfruit & Ginger Immune Smoothie 750ml,Sainsbury's,Drinks,Fruit juice & drinks,All fruit juice & smoothies,750ML,£2.40,,,32p / 100ml,8135847.0,"Pasteurised Apple, Orange, Carrot, Passion fruit, Ginger and Turmeric juices blended with Apple, Banana and Mango purées, with added Cayenne and fortified with Vitamins C, B1, B2, B3, B6, B12 and D.",,https://assets.sainsburys-groceries.co.uk/gol/8135847/1/640x640.jpg,,,https://www.sainsburys.co.uk/gol-ui/product/sainsburys-flourish-orange-carrot-passionfruit-ginger-immune-smoothie-750ml,,2024-08-19T20:39:58.729156-04:00
66-1754-DAI,One Living Ginger Kombucha with Turmeric 750ml,One,Drinks,Fruit juice & drinks,All fruit juice & smoothies,750ML,£3.50,,,47p / 100ml,8052440.0,"Unpasteurised Sparkling Kombucha with Natural Flavours, Added Sweetener and B Vitamins",250 ml,https://assets.sainsburys-groceries.co.uk/gol/8052440/1/640x640.jpg,"Nutrient	Per 100ml	Per 250ml Serving		Per 100ml	Per 250ml Serving
Energy (kJ/kcal)	14/ 3	35/ 8
Fat	0.0g	0.0g
Of Which Saturates	0.0g	0.0g
Carbohydrate	0.2g	0.5g
Of Which Sugars*	0.0g	0.0g
Protein	0.0g	0.0g
Salt	0.00g	0.00g
B6	0.28mg | 20% RI	0.70mg | 50% RI
B12	0.50µg | 20% RI	1.25µg | 50% RI
Niacin	3.20mg | 20% RI	8.00mg | 50% RI
Biotin	10.00µg | 20% RI	25.00µg | 50% RI","Kombucha (Filtered Water, Sencha Green Tea, Raw Cane Sugar*, Live Kombucha Cultures), Botanical Extracts (Ginger Root, Pepper, Turmeric), Natural Flavouring, Sweetener: Steviol Glycosides From Stevia, B Vitamins (Niacin, B6, Biotin, B12), *During the fermentation process, the live cultures consume the sugar, enabling us to create sugar free kombucha",https://www.sainsburys.co.uk/gol-ui/product/no1-living-s-free-ginger-kombucha-750ml,,2024-08-19T20:40:25.150449-04:00
66-1755-DAI,Tropicana Kids Pineapple & Mango Smoothie 4x150ml,Tropicana,Drinks,Fruit juice & drinks,All fruit juice & smoothies,150ML,£3.50,4 for £3.50,,58p / 100ml,8166470.0,"Apple, Pineapple, Mandarin, Banana and Mango Juice Partially from Concentrate with added Vitamin C.",,https://assets.sainsburys-groceries.co.uk/gol/8166470/1/640x640.jpg,"Nutrient	per 100ml	per 150ml (%†)		per 100ml	per 150ml (%†)
Energy	200 kJ / 47 kcal	300 kJ / 71 kcal (4%)
Fat	0g	0g (0%)
of which saturates	0g	0g (0%)
Carbohydrates	12g	17g
of which sugars*	10g	15g (17%)
Fibre	0g	0g
Protein	0g	0g
Salt	0g	0g (0%)
Vitamin C	18mg (23%†)	26mg (33%)","Apple Juice and Puree From Concentrate (71%), Pineapple Juice From Concentrate (10%), Mandarin Juice (9%), Banana Puree, Mango Puree (5%), Vitamin C",https://www.sainsburys.co.uk/gol-ui/product/tropicana-kids-pineapple-mango-smoothie-4x150ml,4x150ml,2024-08-19T20:40:12.050049-04:00
66-1756-DAI,Mockingbird Raw Press Defence Virgin Smoothie 750ml,Mockingbird,Drinks,Fruit juice & drinks,All fruit juice & smoothies,750ML,£4.50,,£3.00,60p / 100ml,8053918.0,"Cold-Pressed Blend of Fruit and Vegetable Purées, Juice and Added Vitamins.",,https://assets.sainsburys-groceries.co.uk/gol/8053918/1/640x640.jpg,"Nutrient	Per 100ml	Per 150ml		Per 100ml	Per 150ml
Energy	205kJ/ 48kcal	308kJ/ 72kcal
Fat	0.1g	0.15g
Of Which Saturates	0g	0g
Carbohydrate	11g	16.5g
Of Which Sugars†	9.7g	14.55g
Fibre	0.7g	1.05g
Protein	0.5g	0.75g
Salt	0.04g	0.06g
Vitamin A	120µg (15%*)	180µg (23%*)
Vitamin C	12mg (15%*)	18mg (23%*)","3 1/5 Pressed Apples, 1 Crushed Mango (27%), 1/2 Orange (12%), 3/4 Pressed Carrot (5.5%), 1 Passion Fruit (5.5%), 2 1/3 Crushed Acerola Cherries (3%), 1/4 Crushed Celery (2%), Squeeze of Lemon, Vitamin C (Ascorbic Acid), Vitamin A",https://www.sainsburys.co.uk/gol-ui/product/mockingbird-raw-press-defence-virgin-smoothie-750ml,,2024-08-19T20:41:39.090505-04:00
66-1757-DAI,innocent Energise Strawberry & Cherry Super Smoothie with Vitamins 300ml,innocent,Drinks,Fruit juice & drinks,All fruit juice & smoothies,300ML,£2.50,,,83p / 100ml,8017482.0,"A blend of Crushed Fruit, Vegetables, Pure Juices, Milled Seeds, Botanicals and Vitamins.",,https://assets.sainsburys-groceries.co.uk/gol/8017482/1/640x640.jpg,"Nutrient	100ml	150ml		100ml	150ml
Energy	221kJ (52kcal)	331kJ (78kcal)
Fat	0g	0g
(of which saturates)	0g	0g
Carbohydrate	12g	18g
(of which sugars)	10g	15g
Fibre	0.8g	1.2g
Protein	0.6g	0.9g
Salt	0g	0g
Thiamin (Vitamin B1)	0.33mg (30%*)	0.50mg (45%*)
Riboflavin (Vitamin B2)	0.38mg (27%*)	0.58mg (41%*)
Niacin (Vitamin B3)	2.5mg (16%*)	3.7mg (23%*)
Vitamin B6	0.41mg (29%*)	0.62mg (44%*)
Vitamin C	17mg (22%*)	26mg (32%*)
Vitamin E	4.1mg (34%*)	6.1mg (51%*)","1 Pressed Apple (50%), 13 Pressed Red and White Grapes, 1/2 of a Mashed Banana, 3 Crushed Strawberries (10%), 14 Crushed Blackcurrants, 2 1/2 Crushed Cherries (3.3%), A Dash of Beetroot Juice, Some Milled Flax Seeds (0.56%), A Dash of Guarana Infusion (0.01%), Some Vitamins (B1, B2, B3, B6, C & E)",https://www.sainsburys.co.uk/gol-ui/product/innocent-energise-super-smoothie-300ml,,2024-08-19T20:44:39.510510-04:00
66-1758-DAI,Naked Blue Machine Super Smoothie 300ml,Naked,Drinks,Fruit juice & drinks,All fruit juice & smoothies,300ML,£2.60,,,87p / 100ml,8093710.0,"Apple, Blueberry & Goji Berry Fruit Juice Drink Partially from Concentrate with Added Vitamins",,https://assets.sainsburys-groceries.co.uk/gol/8093710/1/640x640.jpg,"Nutrient	100ml		100ml
Energy	211kJ / (50 kcal)
Fat	0g
of which saturates	0g
Carbohydrate	12g
of which sugars**	10g
Fibre	0.5g
Protein	0.1g
Salt	0g
Vitamin C	11mg (13%*)
Vitamin B1 (Thiamine)	0.11mg (10%*)
Vitamin B2 (Riboflavin)	0.14mg (10%*)
Vitamin B6	0.14mg (10%*)
Vitamin E	1.2mg (10%*)","Apple Juice From Concentrate (71%), Apple Puree (12%), Banana Puree, Blueberry Puree (7%), Blackcurrant Puree (1.6%), Elderberry Juice, Goji Berry Extract (0.1%), Natural Flavourings, Vitamins C, E, B6, Thiamine, Riboflavin",https://www.sainsburys.co.uk/gol-ui/product/naked-blue-machine-blueberry-smoothie-300ml,,2024-08-19T20:41:04.684996-04:00
66-1759-DAI,"innocent Strawberries, Pineapples & Apples Smoothie 750ml",innocent,Drinks,Fruit juice & drinks,All fruit juice & smoothies,750ML,£3.50,,,47p / 100ml,8061782.0,"This innocent smoothie is a blend of crushed fruit, pure juices and sweet potato extract.",,https://assets.sainsburys-groceries.co.uk/gol/8061782/1/640x640.jpg,"Nutrient	100ml	150ml		100ml	150ml
Energy	222kJ (52kcal)	334kJ (79kcal)
Fat	<0.5g	<0.5g
(of which saturates)	<0.1g	<0.1g
Carbohydrate	12g	18g
(of which sugars)	11g	16g
Fibre	1g	1.5g
Protein	0.6g	0.9g
Salt	<0.01g	<0.01g
Vitamin C	11mg (14%*)	16mg (20%*)
Manganese	0.19mg (9.4%*)	0.28mg (14%*)","3 1/2 Pressed Apples (55%), 1 1/2 Mashed Bananas**, 6 Crushed Strawberries (8.8%), 1/5 of a Pressed Pineapple (7.5%), 3/4 of a Pressed White Carrot, 1 Crushed Passion Fruit, A squeeze of Orange, A splash of pressed Beetroot and a dash of Sweet Potato Extract",https://www.sainsburys.co.uk/gol-ui/product/innocent-smoothie-strawberries-pineapples-apples-750ml,,2024-08-19T20:36:28.929732-04:00
66-1760-DAI,"Sainsbury's Strawberry Daiquiri Mocktail Summer Edition, Taste the Difference 750ml",Sainsbury's,"Dairy, eggs & chilled",Fruit juice & drinks,All fruit juice & smoothies,750ML,£2.50,,,33p / 100ml,8182756.0,"Pasteurised juice drink of strawberry puree, lemon and orange juices with sugar, natural flavourings and hibiscus extract.",,https://assets.sainsburys-groceries.co.uk/gol/8182756/1/640x640.jpg,,,https://www.sainsburys.co.uk/gol-ui/product/sainsburys-strawberry-daiquiri-mocktail-summer-edition-taste-the-difference-750ml,,2024-08-20T19:44:22.669223-04:00
66-1761-DAI,Tropicana Multivitamin Boost Fruit Juice 300ml,Tropicana,Drinks,Fruit juice & drinks,All fruit juice & smoothies,300ML,£1.90,,,63p / 100ml,7736206.0,"Juice of 12 Fruits Partially From Concentrate With Added Vitamins C, B1, B2, B6, E and A",,https://assets.sainsburys-groceries.co.uk/gol/7736206/1/640x640.jpg,"Nutrient	Per 100ml	Per 150ml	(%*)		Per 100ml	Per 150ml	(%*)
Energy	204kJ/ 48kcal	306kJ/ 72kcal	4%
Fat	0g	0g (0%)	0%
of which saturates	0g	0g (0%)	0%
Carbohydrate	12g	17g	-
of which sugars†	11g	16g	18%
Fibre	0g	0g	-
Protein	0g	0g	-
Salt	0g	0g (0%)	0%
Vitamin A	153mg (19%*)	230mg (29%)	29%
Vitamin E	5mg (42%*)	7.5mg (63%)	63%
Vitamin C	72mg (90%*)	108mg (135%)	135%
Vitamin B1 (Thiamin)	0.33mg (30%*)	0.50mg (45%)	45%
Vitamin B2 (Riboflavin)	0.44mg (31%*)	0.66mg (47%)	-
Vitamin B6	0.39mg (28%*)	0.59mg (42%)	-","Apple Juice from Concentrate (37%), Orange Juice from Concentrate (14%), Grape Juice (11%), Pineapple Juice (8%), Apricot Puree, Peach Puree, Mandarin Juice (5%), Kaki Juice, Passion Fruit Puree (4%), Mango Puree (2%), Banana Puree, Lemon Juice, Vitamin C, B1, B2, B6, E, A",https://www.sainsburys.co.uk/gol-ui/product/tropicana-multivitamins-300ml,,2024-08-19T20:45:44.228047-04:00
66-1762-DAI,Welch's Purple Grape Juice 1L,Welch's,Drinks,Fruit juice & drinks,All fruit juice & smoothies,1L,£2.80,,,28p / 100ml,7763465.0,Purple Grape Juice from concentrate,,https://assets.sainsburys-groceries.co.uk/gol/7763465/1/640x640.jpg,,"American Concord Grape Juice from Concentrate (65%), Grape Juice from Concentrate (35%)",https://www.sainsburys.co.uk/gol-ui/product/welchs-purple-grape-juice-1l-7763465-p-44,,2024-08-19T20:43:24.245709-04:00
66-1763-DAI,The Turmeric Co. Raw Turmeric & Ginger 60ml,The,Drinks,Fruit juice & drinks,All fruit juice & smoothies,60ML,£1.95,,£1.50,£3.25 / 100ml,8173231.0,Cold Pressed,,https://assets.sainsburys-groceries.co.uk/gol/8173231/1/640x640.jpg,"Nutrient	per 100ml	per 60ml
Energy (kJ)	163kJ	98kJ
Energy (kca)	38kcal	23kcal
Fat	0.4g	0.24g
Saturates	0.06g	0.04g
Carbohydrates	8.0g	4.8g
Sugars	7.4g	4.5g
Protein	0.68g	0.4g
Salt	<0.01g	<0.01g","Watermelon, Turmeric Root (30%), Ginger Root (10%), Pineapple, Pomegranate, Lemon, Flax Oil, Black Pepper",https://www.sainsburys.co.uk/gol-ui/product/the-turmeric-co-raw-turmeric-ginger-60ml,,2024-08-19T09:00:51.283382-04:00
66-1764-DAI,Tropicana Strawberry & Banana Fruit Juice 850ml,Tropicana,Drinks,Fruit juice & drinks,All fruit juice & smoothies,850ML,£3.00,,,35p / 100ml,8143028.0,"Apple, Strawberry, Banana and Blueberry Juice",,https://assets.sainsburys-groceries.co.uk/gol/8143028/1/640x640.jpg,"Nutrient	Per 100ml	Per 150ml	%*		Per 100ml	Per 150ml	%*
Energy	193kJ/ 45kcal	290kJ/ 68kcal	3%
Fat	0g	0g	0%
of which saturates	0g	0g	0%
Carbohydrate	11g	17g	-
of which sugars†	10g	15g	17%
Fibre	0g	0g	-
Protein	0.2g	0.3g	-
Salt	0g	0g	0%
Vitamin C	15mg (18%*)	22mg	28%","Apple Juice (76%), Strawberry Puree (13%), Banana Puree (8%), Blueberry Puree, Antioxidant: Ascorbic Acid (Vitamin C)",https://www.sainsburys.co.uk/gol-ui/product/tropicana-strawberry-banana-850ml,,2024-08-19T20:45:57.460490-04:00
66-1765-DAI,"Innocent Smoothie Tropical Defence Mango, Coconut Milk & Apple with Vitamins 300ml",Innocent,Drinks,Fruit juice & drinks,All fruit juice & smoothies,300ML,£2.50,,,83p / 100ml,8017455.0,"This Innocent Super Smoothie is a Blend of Crushed Fruit, Pure Juices, Coconut Milk, Ginger Infusion and Vitamins.",,https://assets.sainsburys-groceries.co.uk/gol/8017455/1/640x640.jpg,"Nutrient	100ml	150ml		100ml	150ml
Energy	240kJ (57kcal)	359kJ (85kcal)
Fat	0.7g	1.1g
(of which saturates)	0.5g	0.8g
Carbohydrate	12g	18g
(of which sugars)	10g	15g
Fibre	1.2g	1.8g
Protein	<0.5g	<0.5g
Salt	0.10g	0.15g
Thiamin (Vitamin B₁)	0.30mg (27%*)	0.45mg (41%*)
Riboflavin (Vitamin B₂)	0.40mg (29%*)	0.60mg (43%*)
Niacin (Vitamin B₃)	4.1mg (26%*)	6.2mg (38%*)
Vitamin B₆	0.50mg (36%*)	0.75mg (54%*)
Vitamin C	32mg (40%*)	48mg (59%*)
Vitamin E	5.0mg (42%*)	7.5mg (63%*)","1 1/2 Pressed Apples (68%), 1/2 a Mashed Banana, 1/3 of a Crushed Mango (11%), A Dash of Passion Fruit, A Splash of Coconut Milk (1.6%), 1 Crushed Cherry, A Squeeze of Lime, A Dash of Ginger Infusion (0.26%), Citrus Fibre, Some Vitamins (B₁, B₂, B₃, B₆, C & E)",https://www.sainsburys.co.uk/gol-ui/product/innocent-tropical-defence-mango-coconut-milk-apple-ginger-cultures-with-vitamins-300ml,,2024-08-19T20:45:30.302554-04:00
66-1766-DAI,"innocent Invigorate Kiwi, Cucumber & Matcha Super Smoothie with Vitamins 330ml",innocent,Drinks,Fruit juice & drinks,All fruit juice & smoothies,330ML,£2.50,,,83p / 100ml,8017441.0,"This innocent Super Smoothie is a Blend of Crushed Fruit and Vegetables, Pure Juices, Milled Seeds, Botanicals and Vitamins.",,https://assets.sainsburys-groceries.co.uk/gol/8017441/1/640x640.jpg,"Nutrient	100ml	150ml		100ml	150ml
Energy	230kJ (54kcal)	345kJ (81kcal)
Fat	<0.5g	0.6g
(of which saturates)	<0.1g	0.2g
Carbohydrate	13g	20g
(of which sugars)	11g	17g
Fibre	1.1g	1.7g
Protein	<0.5g	0.8g
Salt	<0.01g	<0.01g
Thiamin (Vitamin B1)	0.33mg (30%*)	0.49mg (45%*)
Riboflavin (Vitamin B2)	0.41mg (30%*)	0.62mg (44%*)
Niacin (Vitamin B3)	2.6mg (16%*)	3.8mg (24%*)
Vitamin B6	0.45mg (32%*)	0.67mg (48%*)
Vitamin C	18mg (22%*)	27mg (34%*)
Vitamin E	4.8mg (40%*)	7.2mg (60%*)","1 1/2 Pressed Apples (62%), 8 Pressed White Grapes, 1/3 Mashed Banana, 1/5 Crushed Mango, 1/5 Crushed Kiwi (7%), A Piece of Crushed Cucumber (1.5%), Some Milled Flax Seeds (0.6%), A Dash of Spirulina Extract, A Squeeze of Lime (0.1%), A Dash of Safflower Extract, A Dash of Matcha Infusion (0.05%), Some Vitamins (B1, B2, B3, B6, C & E)",https://www.sainsburys.co.uk/gol-ui/product/innocent-invigorate-super-smoothie-300ml,,2024-08-19T20:46:32.151204-04:00
66-1767-DAI,Vita Coco The Original Coconut Water 500ml,Vita,"Dairy, eggs & chilled",Fruit juice & drinks,All fruit juice & smoothies,500ML,£2.50,,,50p / 100ml,8062944.0,Coconut Water,,https://assets.sainsburys-groceries.co.uk/gol/8062944/1/640x640.jpg,"Nutrient	per 100ml:		per 100ml:
Energy	77kJ (18kcal)
Fat	0g
(of which saturates	0g)
Carbohydrate	4.5g
(of which sugars	4g)
Protein	0g
Salt	0.04g
Potassium	188mg (9% RI*)
Vitamin C	18mg (23% RI*)","Coconut Water (99%), Fructose (<1%), Vitamin C",https://www.sainsburys.co.uk/gol-ui/product/vita-coco-the-original-coconut-water-500ml,,2024-08-20T19:44:35.716375-04:00
66-1768-DAI,innocent Juicy Water Lemon & Lime 420ml,innocent,Drinks,Fruit juice & drinks,All fruit juice & smoothies,420ML,£1.70,,,40p / 100ml,6577477.0,"Juice drink made with a blend of juices (both from concentrate & not from concentrate), added vitamin C, and natural flavour",,https://assets.sainsburys-groceries.co.uk/gol/6577477/1/640x640.jpg,"Nutrient	100ml		100ml
Energy	118kJ (28kcal)
Carbohydrate	6.5g
of which sugars	6.2g
Vitamin C	10mg (13%*)","Apple Juice from Concentrate (52%), Water, Lemon Juice (5.3%), White Grape Juice, Lime Juice (2.9%), Natural Lime Flavouring, Vitamin C, Natural Flavourings",https://www.sainsburys.co.uk/gol-ui/product/this-water-lemons---limes-420ml,,2024-08-19T20:42:44.823399-04:00
66-1769-DAI,MOJU Raspberry Gut Health Dosing Bottle Shots x7 420ml,MOJU,Drinks,,,420ML,£5.95,,£4.25,£1.42 / 100ml,8173170.0,"Juice from cold-pressed fruit and ginger root, with apple cider vinegar, moju prebiotic blend and acerola cherry powder",,https://assets.sainsburys-groceries.co.uk/gol/8173170/1/640x640.jpg,"Nutrient	(per 100ml):
Energy	307kJ/ 73kcal
Fat	0g
(of which saturates	0g)
Carbohydrate	18g
(of which sugars	7.3g)
Fibre	6.9g
Protein	0g
Salt	0.01g","Apple, Moju Prebiotic* Blend (Chicory Root Inulin* 4%, Green Banana Powder, Baobab Fruit Pulp Powder & Acacia Fibre 2%, Jerusalem Artichoke Powder), Lemon (8%), Raspberry (5%), Ginger Root, Apple Cider Vinegar, Acerola Cherry Powder, Antioxidant: Ascorbic Acid, *Each Shot Contains 2.4g of Your 12g Per Day Chicory Inulin, which Promotes Normal Digestive Function by Increasing Stool Frequency",https://www.sainsburys.co.uk/gol-ui/product/moju-raspberry-gut-health-dosing-bottle-shots-x7-420ml,,2024-08-19T09:01:18.909757-04:00
66-1770-DAI,Plenish Organic Ginger Immunity 60ml,Plenish,Drinks,,,60ML,£2.00,,£1.60,£3.33 / 100ml,8000300.0,Cold Pressed Ginger and Apple Shot.,,https://assets.sainsburys-groceries.co.uk/gol/8000300/1/640x640.jpg,,"Apple* 58%, Ginger* 24%, Lemon Juice, Apple Cider Vinegar, Acerola Cherry Powder, *Cold-Pressed",https://www.sainsburys.co.uk/gol-ui/product/plenish-organic-ginger-ninja-ginger-apple-cider-vinegar-60ml,,2024-08-19T09:01:05.292719-04:00
66-1771-DAI,Naked Green Machine Super Smoothie 300ml,Naked,Drinks,Fruit juice & drinks,All fruit juice & smoothies,300ML,£2.60,,,87p / 100ml,8093714.0,"Apple, Kiwi, Pineapple & Spirulina Fruit Juice Drink Partially from Concentrate with Added Vitamins",,https://assets.sainsburys-groceries.co.uk/gol/8093714/1/640x640.jpg,"Nutrient	100ml		100ml
Energy	175kJ / (41kcal)
Fat	0g
of which saturates	0g
Carbohydrate	9.6g
of which sugars**	8.4g
Fibre	0.5g
Protein	0.5g
Salt	0g
Vitamin C	19mg (24%*)
Vitamin B1 (Thiamine)	0.26mg (23%*)
Vitamin B2 (Riboflavin)	0.30mg (22%*)
Vitamin B6	0.35mg (25%*)
Vitamin E	3.9mg (33%*)","Apple Juice from Concentrate (50%), Water, Banana Puree, Kiwi Puree (7%), Peach Puree (5%), Apple Puree from Concentrate (5%), Fineapple Juice from Concentrate (5%), Mango Puree, Chlorella Powder, Spirulina Powder (0.2%), Spinach Powder, Natural Flavourings, Vitamins C, E, B6, Thiamine, Riboflavin",https://www.sainsburys.co.uk/gol-ui/product/naked-green-machine-apple-kiwi-smoothie-300ml,,2024-08-19T20:46:58.580701-04:00
66-1772-DAI,innocent Plus Wonder Green Apple & Pear Juice with Vitamins 330ml,innocent,Drinks,Fruit juice & drinks,All fruit juice & smoothies,330ML,£2.15,,,65p / 100ml,7964122.0,A blend of fruit & vegetable juices with extracts & infusions + added vitamins,,https://assets.sainsburys-groceries.co.uk/gol/7964122/1/640x640.jpg,"Nutrient	per 100ml	per 150ml		per 100ml	per 150ml
Energy	171kJ (40kcal)	257kJ (60kcal)
Carbohydrate	10g	15g
(of which sugars)	9.0g	14g
Protein	0g	0g
Thiamin (Vitamin B1)	0.33 mg (30%*)	0.49 mg (45%*)
Riboflavin (Vitamin B2)	0.39 mg (28%*)	0.59 mg (42%*)
Niacin (Vitamin B3)	3.9 mg (24%*)	5.8 mg (36%*)
Vitamin B6	0.40 mg (29%*)	0.60 mg (43%*)
Vitamin C	36 mg (44%*)	53 mg (67%*)
Vitamin E	4.0 mg (34%*)	6.1 mg (51%*)","Apple Juice (80%), Pear Juice (13%), Cucumber Puree (6%), Lime Juice, Spirulina Extract, Matcha Infusion (0.2%), Safflower Extract, Liquorice Infusion, Ginger Infusion, Vitamins (B1, B2, B3, B6 & E)",https://www.sainsburys.co.uk/gol-ui/product/innocent-wonder-green-juice-330ml,,2024-08-19T20:47:38.404095-04:00
66-1773-DAI,Innocent Kids Pure Fruit Juice Apple 4x150ml,Innocent,Drinks,Fruit juice & drinks,All fruit juice & smoothies,150ML,£2.80,4 for £2.80,,47p / 100ml,8012685.0,This innocent apple juice is made from pure pressed apples.,,https://assets.sainsburys-groceries.co.uk/gol/8012685/1/640x640.jpg,,1 1/2 Pressed Apples Antioxidant: Ascorbic Acid (Vitamin C),https://www.sainsburys.co.uk/gol-ui/product/innocent-kids-pure-fruit-juice-apple-4x150ml,4x150ml,2024-08-19T20:48:42.550215-04:00
66-1774-DAI,Naked Strawberry & Banana Smoothie 750ml,Naked,Drinks,Fruit juice & drinks,All fruit juice & smoothies,750ML,£3.00,,£2.00,40p / 100ml,8143017.0,"Apple, Strawberry, Banana and Sour Cherry Fruit Juice Drink Partially from Concentrate with Vitamin C",,https://assets.sainsburys-groceries.co.uk/gol/8143017/1/640x640.jpg,"Nutrient	100ml		100ml
Energy	190kJ / (45kcal)
Fat	0g
of which saturates	0g
Carbohydrate	11g
of which sugars**	9.3g
Fibre	0.5g
Protein	0.1g
Salt	0g
Vitamin C	15mg (19%*)","Apple Juice from Concentrate (45%), Apple Puree, Strawberry Puree (15%), Banana Puree (9%), Sour Cherry Puree, Extracts (Sweet Potato, Apple, Radish, Cherry), Natural Flavourings, Vitamin C",https://www.sainsburys.co.uk/gol-ui/product/naked-strawberry-banana-smoothie-750ml,,2024-08-19T20:48:51.645619-04:00
66-1775-DAI,Lo Bros Kombucha Raspberry & Blackcurrant 330ml,Lo,Drinks,Fruit juice & drinks,All fruit juice & smoothies,330ML,£2.00,,£1.60,61p / 100ml,8173129.0,"Sparkling Fermented Tea Drink with Natural Flavours, Sweetener & Cultures.",100 mL,https://assets.sainsburys-groceries.co.uk/gol/8173129/1/640x640.jpg,"Nutrient	Per 100 mL	Per serving
Energy kJ	12 kJ	39 kJ
Energy kcal	3 kcal	9 kcal
Fat, total	<0.5 g	<0.5 g
-of which saturates	<0.1 g	<0.1 g
Carbohydrate	<0.5 g	<0.5 g
-of which sugars	<0.5 g	<0.5 g
Protein	<0.5 g	<0.5 g
Salt	<0.01 g	<0.01 g","Kombucha (Filtered Water, Kombucha Culture, Black Tea, Green Tea, Raw Sugar), Flavour Enhancer (Naturally Fermented Glucose [Erythritol]), Apple Cider Vinegar, Acacia Fibre, Natural Flavour (Raspberry, Blackcurrant), Natural Sweetener (Steviol Glycosides *), Black Carrot Concentrate, Living Cultures, *Stevia is a Natural Sweetener derived from the plant Stevia Rebaudiana",https://www.sainsburys.co.uk/gol-ui/product/lo-bros-kombucha-raspberry-blackcurrant-330ml,,2024-08-19T09:01:27.945620-04:00
66-1776-DAI,Naked Ruby Machine Raspberry Pomegranate & Strawberry Super Smoothie 300ml,Naked,Drinks,Fruit juice & drinks,All fruit juice & smoothies,300ML,£2.60,,,87p / 100ml,8143537.0,"Apple, Banana, Strawberry, Pomegranate, Raspberry and Sour Cherry Fruit Juice Drink Partially from Concentrate with Added Vitamins",,https://assets.sainsburys-groceries.co.uk/gol/8143537/1/640x640.jpg,"Nutrient	100ml		100ml
Energy	200kJ / (47 kcal)
Fat	0g
of which saturates	0g
Carbohydrate	12g
of which sugars**	11g
Fibre	0.5g
Protein	0.2g
Salt	0g
Vitamin C	17mg (21%*)
Vitamin B1 (Thiamin)	0.08mg (8%*)
Vitamin B2 (Riboflavin)	0.27mg (19%*)
Vitamin B6	0.29mg (20%*)
Vitamin E	3.4mg (28%*)","Apple Juice from Concentrate (58%), Apple Puree, Banana Puree, Strawberry Puree (5%), Pomegranate (3%), Raspberry Puree (1.6%), Sour Cherry (1.6%), Extracts (Carrot, Safflower, Apple), Natural Flavourings, Vitamins C, E, B6, Thiamine, Riboflavin",https://www.sainsburys.co.uk/gol-ui/product/naked-ruby-machine-raspberry-pomegranate-strawberry-super-smoothie-300ml,,2024-08-19T20:49:31.153724-04:00
66-1777-DAI,Tropicana Sensations Pink Grapefruit Fruit Juice 850ml,Tropicana,Drinks,Fruit juice & drinks,All fruit juice & smoothies,850ML,£3.00,,,35p / 100ml,8201507.0,Pink Grapefruit Juice,,https://assets.sainsburys-groceries.co.uk/gol/8201507/1/640x640.jpg,"Nutrient	Per 100ml	Per 150ml	%*		Per 100ml	Per 150ml	%*
Energy	156kJ/ 37kcal	235kJ/ 55kcal	3%
Fat	0g	0g	0%
of which saturates	0g	0g	0%
Carbohydrate	8.1g	12g	-
of which sugars†	8.1g	12g	13%
Fibre	0.7g	1.1g	-
Protein	0.6g	1g	-
Salt	0g	0g	0%
Vitamin C	22mg (28%*)	34mg	42%",Pink Grapefruit Juice,https://www.sainsburys.co.uk/gol-ui/product/tropicana-sensations-pink-grapefruit-fruit-juice-850ml,,2024-08-19T20:47:25.091179-04:00
66-1778-DAI,Tropicana Multivitamin Boost Mixed Berries Fruit Juice 850ml,Tropicana,Drinks,Fruit juice & drinks,All fruit juice & smoothies,850ML,£3.50,,£2.50,41p / 100ml,8201503.0,"Juice of 7 Fruits Partially from Concentrate with Added Vitamin C, B1, B2, B6, and E",,https://assets.sainsburys-groceries.co.uk/gol/8201503/1/640x640.jpg,"Nutrient	Per 100ml	Per 150ml	%*		Per 100ml	Per 150ml	%*
Energy	180kJ/ 42kcal	270kJ/ 63kcal	3%
Fat	0g	0g	0%
of which saturates	0g	0g	0%
Carbohydrates	10g	15g	-
of which sugars†	10g	15g	17%
Fibre	0.3g	0.5g	-
Protein	0g	0g	-
Salt	0g	0g	0%
Vitamin C	74mg (92%*)	110mg	138%
Vitamin B1	0.30mg (28%*)	0.46mg	41%
Vitamin B2	0.44mg (31%*)	0.66mg	47%
Vitamin B6	0.39mg (28%*)	0.59mg	42%
Vitamin E	5.00mg (42%*)	7.5mg	63%","Apple Juice from Concentrate (69%), Grape Juice, Blueberry Puree (7%), Raspberry Puree (5%), Acerola Puree, Blackberry Puree (2%), Red Currant Juice, Vitamin C, B1, B2, B6, and E",https://www.sainsburys.co.uk/gol-ui/product/tropicana-multivitamin-boost-mixed-berries-fruit-juice-850ml,,2024-08-19T20:50:52.525444-04:00
66-1779-DAI,Foco Coconut Water 1L,Foco,Drinks,Fruit juice & drinks,Coconut water,1L,£3.00,,,30p / 100ml,7778480.0,UHT Coconut Water,,,,100% Natural Coconut Water,https://www.sainsburys.co.uk/gol-ui/product/foco-coconut-water-1l,,2024-08-19T20:53:23.003184-04:00
66-1780-DAI,Naked Gold Machine Passionfruit Mango & Guava Super Smoothie 300ml,Naked,Drinks,Fruit juice & drinks,All fruit juice & smoothies,300ML,£2.60,,,87p / 100ml,8143545.0,"Apple, Mango, Orange, Guava, Banana, and Passionfruit Fruit Juice Drink Partially from Concentrate with Added Vitamins",,https://assets.sainsburys-groceries.co.uk/gol/8143545/1/640x640.jpg,"Nutrient	100ml		100ml
Energy	201kJ / (47 kcal)
Fat	0g
of which saturates	0g
Carbohydrate	12g
of which sugars**	11g
Fibre	0.5g
Protein	0.3g
Salt	0g
Vitamin C	16mg (20%*)
Vitamin B1 (Thiamin)	0.15mg (14%*)
Vitamin B2 (Riboflavin)	0.25mg (18%*)
Vitamin B6	0.24mg (17%*)
Vitamin E	3.3mg (28%*)","Apple Juice from Concentrate (62%), Apple Puree, Mango Puree (6%), Orange Juice from Concentrate, Guava Puree (4%), Banana Puree, Passionfruit (3%), Extracts (Carrot, Pumpkin), Vitamins C, E, B6, Thiamin, Riboflavin",https://www.sainsburys.co.uk/gol-ui/product/naked-gold-machine-passion-fruit-mango-guava-super-smoothie-300ml,,2024-08-19T20:48:29.298884-04:00
66-1781-DAI,"One Living Blueberry, Elderberry & Acai Kombucha Shot 60ml",One,Drinks,Fruit juice & drinks,All fruit juice & smoothies,60ML,£2.00,,£1.60,£3.33 / 100ml,8034667.0,"Kombucha Based Shot with Added Chicory Inulin, Fruit Juices, Vitamin B12, Iodine, with Added Natural Flavours and Lactic Acid Bacillus.",,https://assets.sainsburys-groceries.co.uk/gol/8034667/1/640x640.jpg,"Nutrient	Per 100ML	%RI		Per 100ML	%RI
Energy (KJ/KCAL)	206/ 48	-
Fat	<0.5g	-
of which saturates	>0.1g	-
Carbohydrate	12.1g	-
of which sugars	7.8g	-
Fibre	6.5g	-
Protein	<0.1g	-
Salt	<0.025g	-
Vitamin B12	4.17µg	167%
Iodine	250µg	167%","Kombucha (Filtered Water, Sencha Green Tea, Golden Cane Sugar, Kombucha Cultures), Chicory Inulin (13%), Fruit Juices From Concentrate (Elderberry, Blueberry, Acai) (6%), Natural Flavours, Iodine, Vitamin B12, Live Cultures (Lactic Acid Bacillus)",https://www.sainsburys.co.uk/gol-ui/product/no1-living-gut-brain-health-shot-60ml,,2024-08-19T09:01:36.570134-04:00
66-1782-DAI,"One Living Gut & Immune Ginger, Grapefruit & Lime Kombucha Shot 300ml",One,Drinks,,,300ML,£5.95,,£4.25,£1.98 / 100ml,8172642.0,"Kombucha Based Shot with Added Chicory Inulin, Fruit Juices, Containing Naturally Sourced Vitamin C and Vitamin D3, with Added Natural Flavours and Lactic Acid Bacillus",,https://assets.sainsburys-groceries.co.uk/gol/8172642/1/640x640.jpg,"Nutrient	Per 100ml	Per 60ml		Per 100ml	Per 60ml
Energy (KJ/KCAL)	231/ 54	138/ 32
Fat	<0.5g	0.0g
Of which Saturates	<0.1g	0.0g
Carbohydrate	13.6g	8.0g
Of which Sugars	2.2g	1.3g
Fibre	6.5g	3.9g
Protein	<0.1g	0.0g
Salt	<0.025g	<0.0g
Vitamin C	167% RI | 133mg	100% RI | 79mg
Vitamin D3	833% RI | 41.6µg	500% RI | 24.9µg","Kombucha (Filtered Water, Sencha Green Tea, Golden Cane Sugar, Kombucha Cultures), Acerola Juice, Chicory Inulin (13%), Lime from Concentrate (2%), Natural Flavours, Ginger Root Extract, Live Cultures (Lactic Acid Bacillus), Vitamin D3 (from Algae)",https://www.sainsburys.co.uk/gol-ui/product/no-1-living-gut-immune-ginger-grapefruit-lime-kombucha-health-shots-300ml,,2024-08-19T09:02:03.769975-04:00
66-1783-DAI,Naked Ruby Machine Super Smoothie Raspberry Pomegranate & Strawberry 750ml,Naked,Drinks,Fruit juice & drinks,All fruit juice & smoothies,750ML,£4.00,,,53p / 100ml,8142991.0,"Apple, Banana, Strawberry, Pomegranate, Raspberry and Sour Cherry Fruit Juice Drink Partially from Concentrate with Added Vitamins",,https://assets.sainsburys-groceries.co.uk/gol/8142991/1/640x640.jpg,"Nutrient	100ml		100ml
Energy	200kJ / (47kcal)
Fat	0g
of which saturates	0g
Carbohydrate	12g
of which sugars**	11g
Fibre	0.5g
Protein	0.2g
Salt	0g
Vitamin C	17mg (21%*)
Vitamin B1	0.08mg (8%*)
Vitamin B2	0.27mg (19%*)
Vitamin B6	0.29mg (20%*)
Vitamin E	3.4mg (28%*)","Apple Juice from Concentrate (58%), Apple Puree, Banana Puree, Strawberry Puree (5%), Pomegranate (3%), Raspberry Puree (1.6%), Sour Cherry (1.6%), Extracts (Carrot, Safflower, Apple), Natural Flavourings, Vitamins C, E, B6, Thiamine, Riboflavin",https://www.sainsburys.co.uk/gol-ui/product/naked-ruby-machine-super-smoothie-raspberry-pomegranate-strawberry-750ml,,2024-08-19T20:50:31.467795-04:00
66-1784-DAI,James White Organic Ginger Zinger Intense Pick-Up 70ml,James,Drinks,Fruit juice & drinks,All fruit juice & smoothies,70ML,£1.50,,,£2.14 / 100ml,7834879.0,Organic Apple and Pressed Ginger,,https://assets.sainsburys-groceries.co.uk/gol/7834879/1/640x640.jpg,"Nutrient	per 100ml
Energy	166KJ / 39kcal
Fat	0g
- of which saturates	0g
Carbohydrate	9.7g
- of which sugars	9.2g
Protein	0g
Salt	0g","Organic Apple 73%, Organic Ginger 27%, Antioxidant: Ascorbic Acid",https://www.sainsburys.co.uk/gol-ui/product/ginger-zinger--organic-70ml,,2024-08-19T20:51:31.774781-04:00
66-1785-DAI,"Lo Bros Kombucha Fruit Crush, Limited Edition 330ml",Lo,Drinks,,,330ML,£2.00,,£1.60,61p / 100ml,8173123.0,"Sparkling Fermented Tea Drink with Natural Flavours, Sweetener & Cultures.",100 ml,https://assets.sainsburys-groceries.co.uk/gol/8173123/1/640x640.jpg,"Nutrient	Per 100 ml	Per serving
Energy kJ	12 kJ	39 kJ
Energy kcal	3 kcal	9 kcal
Fat, total	<0.5 g	<0.5 g
-of which saturates	<0.1 g	<0.1 g
Carbohydrate	<0.5 g	<0.5 g
-of which sugars	<0.5 g	<0.5 g
Protein	<0.5 g	<0.5 g
Salt	<0.01 g	<0.01 g","Kombucha (Filtered Water, Kombucha Culture, Black Tea, Green Tea, Raw Sugar), Flavour Enhancer (Naturally Fermented Glucose [Erythritol]), Apple Cider Vinegar, Acacia Fibre, Natural Flavour (Blood Orange, Pineapple, Passion Fruit, Apple), Natural Sweetener (Steviol Glycosides*), Living Cultures, *Stevia is a Natural Sweetener Derived from the Plant Stevia Rebaudiana",https://www.sainsburys.co.uk/gol-ui/product/lo-bros-kombucha-fruit-crush-limited-edition-330ml,,2024-08-19T09:01:49.816993-04:00
66-1786-DAI,Tropicana Pure Orange & Mango Fruit Juice 300ml,Tropicana,Drinks,Fruit juice & drinks,Orange juice,300ML,£1.90,,,63p / 100ml,7736197.0,Orange & Mango Juice,,https://assets.sainsburys-groceries.co.uk/gol/7736197/1/640x640.jpg,,"Orange Juice (85%), Mango Puree (15%)",https://www.sainsburys.co.uk/gol-ui/product/tropicana-orange-mango-juice-300ml,,2024-08-19T20:54:16.534847-04:00
66-1787-DAI,Brite Focus Pineapple Mango Drink 330ml,Brite,Drinks,Fruit juice & drinks,All fruit juice & smoothies,330ML,£2.00,,£1.60,61p / 100ml,8039773.0,Plant-Based Pineapple and Mango Functional Drink.,,https://assets.sainsburys-groceries.co.uk/gol/8039773/1/640x640.jpg,"Nutrient	Per 100ml
Energy	89kJ/ 21kcal
Fat	0g
Of Which Saturates	0g
Carbohydrates	4.7g
Of Which Sugars	4.5g
Protein	0g
Salt	0.1g","Sparkling Water, Fruit Juice Concentrates (42%) (Apple, Pineapple, Mango, Lemon), Extracts (Guarana, Green Tea), Matcha Tea, Natural Flavourings, Natural Caffeine (0.03%)",https://www.sainsburys.co.uk/gol-ui/product/brite-focus-pineapple-mango-330ml,,2024-08-19T20:53:05.084148-04:00
66-1788-DAI,Naked Pineapple & Passionfruit Smoothie 750ml,Naked,Drinks,Fruit juice & drinks,All fruit juice & smoothies,750ML,£3.00,,£2.00,40p / 100ml,8143024.0,"Apple, Banana, Pineapple, and Passionfruit Fruit Juice Drink Partially from Concentrate with Vitamin C",,https://assets.sainsburys-groceries.co.uk/gol/8143024/1/640x640.jpg,"Nutrient	100ml		100ml
Energy	211kJ / (50kcal)
Fat	0g
of which saturates	0g
Carbohydrate	12g
of which sugars**	11g
Fibre	0.5g
Protein	0.1g
Salt	0g
Vitamin C	17mg (21%*)","Apple Juice from Concentrate (54%), Apple Puree, Banana Puree, Pineapple Juice (7%), Passionfruit (1.5%), Extracts (Carrot, Pumpkin), Natural Flavourings, Vitamin C",https://www.sainsburys.co.uk/gol-ui/product/naked-pineapple-passionfruit-smoothie-750ml,,2024-08-19T20:52:09.927513-04:00
66-1789-DAI,innocent Juicy Water Raspberry & Blackcurrant 420ml,innocent,Drinks,,,420ML,£1.70,,,40p / 100ml,7267599.0,"Juice drink made with a blend of juices (both from concentrate & not from concentrate), added vitamin C, and natural flavour",,https://assets.sainsburys-groceries.co.uk/gol/7267599/1/640x640.jpg,"Nutrient	100ml		100ml
Energy	158kJ (37kcal)
Carbohydrate	8.8g
of which sugars	8.2g
Protein	0.49g
Vitamin C	10mg (13%*)","Apple Juice from Concentrate, Water, Apple Juice (8.5%), White Grape Juice, Blackcurrant Juice (11%), Raspberry Juice (1%), Beetroot and Carrot Extract, Natural Flavourings, Vitamin C",https://www.sainsburys.co.uk/gol-ui/product/this-water-raspberry---apples-420ml,,2024-08-19T20:53:54.620100-04:00
66-1790-DAI,Tropicana Multivitamin Boost Smooth Orange Fruit Juice 850ml,Tropicana,Drinks,Fruit juice & drinks,All fruit juice & smoothies,850ML,£3.50,,£2.50,41p / 100ml,8201505.0,"Orange Juice with Added Vitamin C, B1, B2, B6, E, and A",,https://assets.sainsburys-groceries.co.uk/gol/8201505/1/640x640.jpg,"Nutrient	Per 100ml	Per 150ml	(%)		Per 100ml	Per 150ml	(%)
Energy	165kJ/ 39kcal	248kJ/ 59kcal	3%
Fat	0g	0g	0%
of which saturates	0g	0g	0%
Carbohydrate	8.1g	12g	-
of which sugars†	8.1g	12g	14%
Fibre	0.2g	0.3g	-
Protein	0.9g	1.4g	-
Salt	0g	0g	0%
Vitamin C	79mg (99%*)	119mg	148%
Vitamin B1	0.36mg (32%*)	0.53mg	48%
Vitamin B2	0.44mg (31%*)	0.66mg	47%
Vitamin B6	0.39mg (28%*)	0.59mg	42%
Vitamin E	5.0mg (42%*)	7.5mg	63%
Vitamin A	111µg (14%*)	166µg	21%","Orange Juice, Vitamin C, B1, B2, B6, E, and A",https://www.sainsburys.co.uk/gol-ui/product/tropicana-multivitamin-boost-smooth-orange-fruit-juice-850ml,,2024-08-19T20:54:02.993115-04:00
66-1791-DAI,innocent Plus Berry Set Go Raspberry & Cherry Juice with Vitamins 330ml,innocent,Drinks,Fruit juice & drinks,All fruit juice & smoothies,330ML,£2.15,,,65p / 100ml,7964116.0,A blend of fruit & vegetable juices with guarana infusion + added vitamins.,,https://assets.sainsburys-groceries.co.uk/gol/7964116/1/640x640.jpg,"Nutrient	per 100ml	per 150ml		per 100ml	per 150ml
Energy	180 kJ (42kcal)	269kJ (63 kcal)
Carbohydrate	11g	16g
(of which sugars)	10g	15g
Protein	0g	0g
Thiamin (Vitamin B1)	0.34 mg (31%*)	0.51 mg (46%*)
Riboflavin (Vitamin B2)	0.39 mg (28%*)	0.58 mg (42%*)
Niacin (Vitamin B3)	4.1 mg (26%*)	6.1 mg (38%*)
Vitamin B6	0.41 mg (29%*)	0.61 mg (44%*)
Vitamin C	40 mg (49%*)	59 mg (74%*)
Vitamin E	4.0 mg (33%*)	5.9 mg (50%*)","Apple Juice (82%), White Grape Juice, Raspberry Juice (3%), Sour Cherry Puree (3%), Goji Berry Juice (2%), Passion Fruit Juice, Beetroot Juice, Lime Juice, Vitamins (B1, B2, B3, B6 & E), Guarana Infusion (0.02%)",https://www.sainsburys.co.uk/gol-ui/product/innocent-berry-set-go-juice-330ml,,2024-08-19T20:53:36.393993-04:00
66-1792-DAI,The Turmeric Co. Vitamin C + D3 60ml,The,Drinks,Fruit juice & drinks,All fruit juice & smoothies,60ML,£1.95,,£1.50,£3.25 / 100ml,8173229.0,Cold Pressed,,https://assets.sainsburys-groceries.co.uk/gol/8173229/1/640x640.jpg,"Nutrient	per 100ml / 60ml		per 100ml / 60ml
Energy (kJ)	216kJ / 130kJ
Energy (kcal)	51kcal / 31kcal
Fat	1.7g / 1.0g
of which saturates	0.39g / 0.23g
Carbohydrates	8.5g / 5.1g
Sugars	6.6g / 4.0g
Protein	0.82g / 0.49g
Salt	<0.01g / <0.01g
Vitamin C	1250% RI
Vitamin D	1500% RI
Vitamin E	58% RI","Watermelon, Pineapple, Turmeric Root (15%), Ginger Root, Pomegranate, Lemon, Lipoturm© Proprietary Blend Vitamin C (1000mg), Vitamin D3 (75ug), Vitamin E (7mg), Sunflower Lecithin, Black Pepper, Cinnamon Mix, Olive Oil, Coconut Nectar",https://www.sainsburys.co.uk/gol-ui/product/the-turmeric-co-vitamin-c-d3-60ml,,2024-08-19T09:02:49.532711-04:00
66-1793-DAI,"One Living Ginger, Grapefruit & Lime Kombucha Shot 60ml",One,Drinks,Fruit juice & drinks,All fruit juice & smoothies,60ML,£2.00,,£1.60,£3.33 / 100ml,8034694.0,"Kombucha Based Shot with Added Chicory Inulin and Fruit Juice, Containing Naturally Sourced Vitamin C and Vitamin D3, with Added Natural Flavours and Lactic Acid Bacillus.",,https://assets.sainsburys-groceries.co.uk/gol/8034694/1/640x640.jpg,"Nutrient	Per 100ML		Per 100ML
Energy (kJ/kcal)	231/ 54
Fat	<0.5g
Of Which Saturates	<0.1g
Carbohydrate	13.6g
Of Which Sugars	2.2g
Fibre	6.5g
Protein	0.1g
Salt	<0.025g
Vitamin C	167% RI | 113mg
Vitamin D3	833% RI | 41.6µg","Kombucha (Filtered Water, Sencha Green Tea, Golden Cane Sugar, Kombucha Cultures), Acerola Juice, Chicory Inulin (13%), Lime from Concentrate (2%), Natural Flavours, Ginger Root Extract, Live Cultures (Lactic Acid Bacillus), Vitamin D3 (from Algae)",https://www.sainsburys.co.uk/gol-ui/product/no1-living-gut-immune-health-shot-60ml,,2024-08-19T09:02:58.107935-04:00
66-1794-DAI,Mockingbird Raw Press Vitalise Virgin Smoothie 750ml,Mockingbird,Drinks,Fruit juice & drinks,All fruit juice & smoothies,750ML,£4.50,,£3.00,60p / 100ml,8173025.0,"Cold-Pressed Blend of Fruit and Vegetable Juices, Purées and Added Vitamins.",,https://assets.sainsburys-groceries.co.uk/gol/8173025/1/640x640.jpg,"Nutrient	Per 100ml	Per 150ml		Per 100ml	Per 150ml
Energy	203kJ / 48kcal	305kJ/ 72kcal
Fat	0.2 g	0.3g
Of which Saturates	0 g	0g
Carbohydrate	11 g	16.5g
Of which Sugars†	9.5 g	14g
Fibre	0.5 g	0.8g
Protein	0.4 g	0.6g
Salt	0 g	0g
Vitamin C	12mg (15%*)	18mg (23%*)
Vitamin D3	0.75µg (15%*)	1.1µg (23%*)","5 Pressed Apples, 12 1/2 Crushed Strawberries (20%), 4 Pressed Sour Cherries, 4 Crushed Raspberries (2%), A Splash of Dragon Fruit (2%), Pressed Carrot (1%), Vitamin C (Ascorbic Acid), Vitamin D3 (Cholecalciferol)",https://www.sainsburys.co.uk/gol-ui/product/mockingbird-raw-press-vitalise-virgin-smoothie-750ml,,2024-08-19T20:54:38.320811-04:00
66-1795-DAI,Lo Bros Low Sugar Cola Kombucha 330ml,Lo,Drinks,Fruit juice & drinks,All fruit juice & smoothies,330ML,£2.00,,,61p / 100ml,7937017.0,"Sparkling Fermented Tea Drink with Natural Flavours, Sweetener & Cultures.",100 mL,https://assets.sainsburys-groceries.co.uk/gol/7937017/1/640x640.jpg,"Nutrient	Per 100 mL	Per serving
Energy kJ	11 kJ	35 kJ
Energy kcal	3 kcal	8 kcal
Fat, total	<0.5 g	<0.5 g
-of which saturates	<0.1 g	<0.1 g
Carbohydrate	<0.5 g	<0.5 g
-of which sugars	<0.5 g	<0.5 g
Protein	<0.5 g	<0.5 g
Salt	<0.01 g	<0.01 g","Kombucha (Filtered Water, Kombucha Culture, Black Tea, Green Tea, Raw Sugar), Flavour Enhancer [Naturally Fermented Glucose (Erythritol)], Apple Cider Vinegar, Burnt Sugar, Natural Flavours (Cassia, Lemon, Orange, Nutmeg, Ginger, Lime), Natural Sweetener (Steviol Glycosides*), Living Cultures, *Stevia is a Natural Sweetener derived from the plant Stevia Rebaudiana",https://www.sainsburys.co.uk/gol-ui/product/lo-bros-organic-kombucha-cola-330ml,,2024-08-19T19:38:29.668874-04:00
66-1796-DAI,Tropicana Kids Strawberry & Banana Smoothie 4x150ml,Tropicana,Drinks,Fruit juice & drinks,All fruit juice & smoothies,150ML,£3.50,4 for £3.50,,58p / 100ml,8166466.0,"Apple, Banana, Strawberry, Sour Cherry Juice Partially from Concentrate with added Vitamin C.",,https://assets.sainsburys-groceries.co.uk/gol/8166466/1/640x640.jpg,"Nutrient	per 100ml	per 150ml (%†)		per 100ml	per 150ml (%†)
Energy	192 kJ / 45 kcal	288 kJ / 68 kcal (3%)
Fat	0g	0g (0%)
of which saturates	0g	0g (0%)
Carbohydrates	11g	17g
of which sugars*	10g	15g (17%)
Fibre	0g	0g
Protein	0g	0g
Salt	0g	0g (0%)
Vitamin C	12mg (15%†)	18mg (23%)","Apple Juice and Puree from Concentrate (79%), Banana Puree (10%), Strawberry Puree (7%), Sour Cherry Puree, Vitamin C",https://www.sainsburys.co.uk/gol-ui/product/tropicana-kids-strawberry-banana-smoothie-4x150ml,4x150ml,2024-08-19T20:56:31.608410-04:00
66-1797-DAI,Simplee CBD Hibiscus Peach 250ml,Simplee,Drinks,Fruit juice & drinks,All fruit juice & smoothies,250ML,£2.30,,,92p / 100ml,8034581.0,Hemp infused sparkling food supplement with fruit juice.,,https://assets.sainsburys-groceries.co.uk/gol/8034581/1/640x640.jpg,"Nutrient	per 100ml
Energy	63kj/ 15kcal
Fat	0g
of which saturates	0g
Carbohydrate	3.9g
of which sugars	3.9g
Protein	0g
Salt	0g
CBD (Cannabidiol)	8.8mg","Water, Peach Juice Concentrate (6.5%), Apple Juice Concentrate, Hibiscus Flavouring, L-Theanine (160mg), Natural Hemp Extract",https://www.sainsburys.co.uk/gol-ui/product/wow-cbd-250ml,,2024-08-19T20:56:58.223019-04:00
66-1798-DAI,James White Turmeric Juice Zinger Intense & Golden 70ml,James,Drinks,Fruit juice & drinks,All fruit juice & smoothies,70ML,£1.50,,,£2.14 / 100ml,7834873.0,Organic Apple & Turmeric with a Hint of Chilli & Pepper,,https://assets.sainsburys-groceries.co.uk/gol/7834873/1/640x640.jpg,"Nutrient	per 100ml
Energy	182KJ / 42kcal
Fat	0g
- of which saturates	0g
Carbohydrate	10g
- of which sugars	9.5g
Protein	0g
Salt	0g","Organic Pressed Apple 81.9%, Organic Pressed Turmeric 18%, Natural Chilli Flavouring, Organic Black Pepper Extract, Antioxidant: Ascorbic Acid",https://www.sainsburys.co.uk/gol-ui/product/turmeric-juice-zinger-70ml,,2024-08-19T20:55:38.964992-04:00
66-1799-DAI,MOJU Defence Hot Mango Immunity Shots Daily Shots x7 420ml,MOJU,Drinks,,,420ML,£5.95,,£4.25,£1.42 / 100ml,8173166.0,"Daily Hit of vit C, D & zinc",,https://assets.sainsburys-groceries.co.uk/gol/8173166/1/640x640.jpg,"Nutrient	(per 100ml):		(per 100ml):
Energy	205kJ/ 49kcal
Fat	0.5g
(of which saturates	0.1g)
Carbohydrate	10.5g
(of which sugars	9.9g)
Protein	0.8g
Salt	0.01g
Vitamin C	133mg (166% RI)
Vitamin D	33µg (660% RI)
Zinc	17mg (167% RI)","Apple, Orange, Mango (7.5%), Lemon, Ginger Root (4.5%), Turmeric Root (1.5%), Acerola Cherry Powder, Cayenne Pepper Powder, Zinc Lactate, Vitamin D3 from Seaweed, Antioxidant: Ascorbic Acid",https://www.sainsburys.co.uk/gol-ui/product/moju-hot-mango-immunity-dosing-bottle-shots-x7-420ml,,2024-08-19T09:03:25.319937-04:00
66-1800-DAI,Lo Bros Low Sugar Blueberry Lemonade Kombucha 330ml,Lo,Drinks,Fruit juice & drinks,All fruit juice & smoothies,330ML,£2.00,,,61p / 100ml,8121793.0,"Sparkling Fermented Tea Drink with Natural Flavours, Sweetener & Cultures.",100 mL,https://assets.sainsburys-groceries.co.uk/gol/8121793/1/640x640.jpg,"Nutrient	Per 100mL	Per serving
Energy kJ	12 kJ	39 kJ
Energy kcal	3 kcal	9 kcal
Fat, total	<0.5 g	<0.5 g
-of which saturates	<0.1 g	<0.1 g
Carbohydrate	<0.5 g	<0.5 g
-of which sugars	<0.5 g	<0.5 g
Protein	<0.5 g	<0.5 g
Salt	<0.01 g	<0.01 g","Kombucha (Filtered Water, Kombucha Culture, Black Tea, Green Tea, Raw Sugar), Flavour Enhancer (Naturally Fermented Glucose [Erythritol]), Apple Cider Vinegar, Acacia Fibre, Natural Flavour (Blueberry, Lemon), Natural Sweetener (Steviol Glycosides*), Black Carrot Concentrate, Living Cultures, *Stevia is a Natural Sweetener derived from the Plant Stevia Rebaudiana",https://www.sainsburys.co.uk/gol-ui/product/lo-bros-org-blueberry-lemonade-k-330ml,,2024-08-19T19:39:49.233733-04:00
66-1801-DAI,Plenish Turmeric Defence 60ml,Plenish,Drinks,,,60ML,£2.00,,£1.50,£3.33 / 100ml,8000294.0,Cold Pressed Ginger and Turmeric Shot with Orange and Vitamin B12.,,https://assets.sainsburys-groceries.co.uk/gol/8000294/1/640x640.jpg,,"Orange 55%, Pineapple, Ginger* 12%, Lemon Juice, Turmeric* 5%, Cayenne Pepper, Vitamin B12, *Cold-Pressed",https://www.sainsburys.co.uk/gol-ui/product/plenish-organic-b12-blast-turmeric-cayenne-orange-60ml,,2024-08-19T09:03:11.549033-04:00
66-1802-DAI,Drink 420 CBD Infused Wild Berries 250ml,Drink,Drinks,Fruit juice & drinks,All fruit juice & smoothies,250ML,£2.00,,£1.50,80p / 100ml,8034590.0,Hemp infused sparkling food supplement with fruit juice.,,https://assets.sainsburys-groceries.co.uk/gol/8034590/1/640x640.jpg,"Nutrient	per 100ml
Energy	55kJ / 13.2kcal
Fat	0g
Of which saturates	0g
Carbohydrate	3.4g
Of which sugars	3.4g
Protein	0g
Salt	0g
CBD (Cannabidiol)	6mg","Water, Apple Juice Concentrate, Blackberry Juice Concentrate (11%), Blueberry Juice Concentrate (3%), Lemon Juice Concentrate, Natural Hemp Extract",https://www.sainsburys.co.uk/gol-ui/product/drink-420-cbd-wild-berries-250ml,,2024-08-19T05:01:52.512500-04:00
66-1803-DAI,Mr Kipling Deliciously Good Bramley Apple & Blackcurrant Pies x6,Mr,"Dairy, eggs & chilled",Cakes & tarts,New,,£3.00,,,50p / ea,8128056.0,Shortcrust Pastry Cases With a Bramley Apple and Blackcurrant Filling (43%).,,https://assets.sainsburys-groceries.co.uk/gol/8128056/1/640x640.jpg,,"Wheat Flour (with added Calcium, Iron, Niacin, Thiamin), Vegetable Oils (Rapeseed, Palm), Sugar, Diced Bramley Apple (7%), Humectant (Vegetable Glycerine), Concentrated Blackcurrant Purée (4%), Vegetable Fibre, Bramley Apple Purée (3.5%), Blackcurrants (3.5%), Dextrose, Glucose Syrup, Modified Maize Starch, Blackcurrant Purée (1.5%), Wheat Fibre, Maize Starch, Wheat Flour, Salt, Acids (Malic Acid, Citric Acid), Preservatives (Potassium Sorbate, Sodium Metabisulphite (Sulphites), Sulphur Dioxide), Raising Agents (Disodium Diphosphate, Sodium Bicarbonate), Whey Powder (Milk)",https://www.sainsburys.co.uk/gol-ui/product/mr-kipling-deliciously-good-bramley-apple-blackcurrant-pies-x6,,2024-08-20T19:44:48.586514-04:00
66-1804-DAI,"Sainsbury's Peppercorn Sauce, Taste the Difference 200g",Sainsbury's,"Dairy, eggs & chilled",New,,,£2.00,,,£1.00 / 100g,8189537.0,"A sauce made with roast beef stock, double cream, Madeira wine, shallot and peppercorns",,https://assets.sainsburys-groceries.co.uk/gol/8189537/1/640x640.jpg,,,https://www.sainsburys.co.uk/gol-ui/product/sainsburys-peppercorn-sauce-taste-the-difference-200g,,2024-08-20T19:45:09.429133-04:00
66-1805-DAI,Mr Kipling Deliciously Good Bramley Apple Pies x6,Mr,"Dairy, eggs & chilled",Cakes & tarts,New,,£3.00,,,50p / ea,8128059.0,Shortcrust Pastry Cases with a Bramley Apple Filling (43%).,,https://assets.sainsburys-groceries.co.uk/gol/8128059/1/640x640.jpg,,"Wheat Flour (with added Calcium, Iron, Niacin, Thiamin), Diced Bramley Apple (14%), Vegetable Oils (Rapeseed, Palm), Sugar, Bramley Apple Purée (7%), Humectant (Vegetable Glycerine), Vegetable Fibre, Dextrose, Modified Maize Starch, Glucose Syrup, Wheat Fibre, Wheat Flour, Salt, Acid (Malic Acid), Preservatives (Potassium Sorbate, Sodium Metabisulphite (Sulphites), Sulphur Dioxide), Raising Agents (Disodium Diphosphate, Sodium Bicarbonate), Flavouring, Whey Powder (Milk)",https://www.sainsburys.co.uk/gol-ui/product/mr-kipling-deliciously-good-bramley-apple-pies-x6,,2024-08-20T19:45:22.139747-04:00
66-1806-DAI,Mission Original XL Wraps 540g,Mission,"Dairy, eggs & chilled",New,,,£2.00,,£1.50,37p / 100g,8197286.0,6 Wheat Flour Tortilla Wraps,,https://assets.sainsburys-groceries.co.uk/gol/8197286/1/640x640.jpg,,"Fortified Wheat Flour (Wheat Flour, Calcium Carbonate, Iron, Niacin, Thiamin), Water, Vegetable Oil (Rapeseed Oil), Humectant (Glycerol), Acidity Regulator (Malic Acid), Sugar, Preservatives (Potassium Sorbate, Calcium Propionate), Emulsifier (Mono- and Diglycerides of Fatty Acids), Raising Agent (Sodium Bicarbonate), Salt, Flavouring, Wheat Starch",https://www.sainsburys.co.uk/gol-ui/product/mission-original-xl-wraps-540g,,2024-08-20T19:45:29.762626-04:00
66-1807-DAI,"Sainsbury's Diane Sauce, Taste the Difference 200g",Sainsbury's,"Dairy, eggs & chilled",New,,,£2.00,,,£1.00 / 100g,8189541.0,"A sauce made with double cream, chestnut mushrooms, brandy, Dijon mustard and Worcester sauce",,https://assets.sainsburys-groceries.co.uk/gol/8189541/1/640x640.jpg,,,https://www.sainsburys.co.uk/gol-ui/product/sainsburys-diane-sauce-taste-the-difference-200g,,2024-08-20T19:45:50.545166-04:00
66-1808-DAI,"Sainsbury's Bearnaise Sauce, Taste the Difference 200g",Sainsbury's,"Dairy, eggs & chilled",New,,,£2.00,,,£1.00 / 100g,8189539.0,"A sauce made with butter, double cream, dried egg yolk, shallots and tarragon",,https://assets.sainsburys-groceries.co.uk/gol/8189539/1/640x640.jpg,,,https://www.sainsburys.co.uk/gol-ui/product/sainsburys-bearnaise-sauce-taste-the-difference-200g,,2024-08-20T19:46:11.835498-04:00
66-1809-DAI,"Sainsbury's Hollandaise Sauce, Taste the Difference 200g",Sainsbury's,"Dairy, eggs & chilled",New,,,£2.00,,,£1.00 / 100g,8189543.0,"A sauce made with butter, white wine vinegar, double cream and dried egg yolk",,https://assets.sainsburys-groceries.co.uk/gol/8189543/1/640x640.jpg,,,https://www.sainsburys.co.uk/gol-ui/product/sainsburys-hollandaise-sauce-taste-the-difference-200g,,2024-08-20T19:46:32.659675-04:00
66-1810-DAI,Sainsbury's Chicken Tikka Banquet Meal For 1 500g,Sainsbury's,"Dairy, eggs & chilled",New,,,£4.00,,,£8.00 / kg,8193187.0,"Marinated chicken in a creamy spiced tomato, yogurt and cashew nut sauce. Basmati rice cooked with whole spices and turmeric.",,https://assets.sainsburys-groceries.co.uk/gol/8193187/1/640x640.jpg,,,https://www.sainsburys.co.uk/gol-ui/product/sainsburys-chicken-tikka-banquet-meal-for-1-500g,,2024-08-20T19:46:53.738770-04:00
66-1811-DAI,Sainsbury's Red Wine & Shallot Sauce 200g,Sainsbury's,"Dairy, eggs & chilled",New,,,£2.00,,,£1.00 / 100g,8189547.0,"A sauce made with roast beef stock, red wine and shallot",,https://assets.sainsburys-groceries.co.uk/gol/8189547/1/640x640.jpg,,,https://www.sainsburys.co.uk/gol-ui/product/sainsburys-red-wine-shallot-sauce-taste-the-difference-200g,,2024-08-20T19:47:14.811811-04:00
66-1812-DAI,Sainsbury's Chicken Korma Banquet Meal For 1 500g,Sainsbury's,"Dairy, eggs & chilled",New,,,£4.00,,,£8.00 / kg,8193185.0,Marinated chicken in a mild coconut and cashew nut sauce. Basmati rice cooked with whole spices and turmeric. Potato and onion cooked in a spiced tomato sauce with coriander and cumin. Fried onion with spices,,https://assets.sainsburys-groceries.co.uk/gol/8193185/1/640x640.jpg,,,https://www.sainsburys.co.uk/gol-ui/product/sainsburys-chicken-korma-banquet-meal-for-1-500g,,2024-08-20T19:47:35.995706-04:00
66-1813-DAI,"Sainsbury's Singaporean Style Chicken with Sticky Jasmine Rice, Limited Edition 400g",Sainsbury's,"Dairy, eggs & chilled",New,,,£3.30,,,£8.25 / kg,8121981.0,"Cooked marinated chicken thigh in a garlic, soy and sesame sauce with red pepper and red chilli, served with jasmine rice",,https://assets.sainsburys-groceries.co.uk/gol/8121981/1/640x640.jpg,,,https://www.sainsburys.co.uk/gol-ui/product/sainsburys-singaporean-style-chicken-with-sticky-jasmine-rice-limited-edition-400g,,2024-08-20T19:47:56.956434-04:00
66-1814-DAI,Itsu Sesame Chicken Broth For Noodles 1L,Itsu,"Dairy, eggs & chilled",New,,1L,£4.50,,,45p / 100ml,8200664.0,Chicken broth with sesame paste & black pepper flavouring,,https://assets.sainsburys-groceries.co.uk/gol/8200664/1/640x640.jpg,"Nutrient	as sold per: 100ml	as sold per: serving (250ml)
Energy (kJ) / (kcal)	103 / 25	257 / 62
Fat (g)	1.8	4.5
of which saturates (g)	0.3	0.7
Carbohydrate (g)	0.8	2.1
of which sugars (g)	0.8	2.0
Fibre (g)	<0.5	1.3
Protein (g)	1.3	3.3
Salt (g)	0.73	1.8","Water, Chicken Stock (Roast British Chicken (50%), Yeast Extract, Salt, Chicken Fat, Water, Lemon Juice from Concentrate, Sugar, Onion Powder, Leek Powder, Natural Black Pepper Flavouring, Sage Oil), Sesame Seed Paste (3%), Soy Sauce (Water, Soya Beans, Wheat, Salt), Sesame Oil, Sugar, Mirin Rice Wine (Fermented Rice, Water, Maltose, Alcohol), Salt, Garlic, Ginger, Leek Powder, Onion Powder, Colour: Paprika Lextract, Pepper Extract",https://www.sainsburys.co.uk/gol-ui/product/itsu-sesame-chicken-broth-for-noodles-1l,,2024-08-20T19:48:09.653664-04:00
66-1815-DAI,Sainsbury's Sausage Rolls x9 270g,Sainsbury's,"Dairy, eggs & chilled",Discover,Picnic essentials,,£2.10,,,78p / 100g,7878200.0,Puff pastry with a seasoned pork sausage meat filling,,https://assets.sainsburys-groceries.co.uk/gol/7878200/1/640x640.jpg,,,https://www.sainsburys.co.uk/gol-ui/product/sainsburys-sausage-rolls-x9-270g,,2024-08-20T19:48:30.589251-04:00
66-1816-DAI,Sainsbury's Mini Melton Mowbray Pork Pies x6 300g,Sainsbury's,"Dairy, eggs & chilled","Pies, pasties & quiche",Pork pies,,£3.00,,,£1.00 / 100g,393720.0,"Seasoned, uncured pork baked in pastry",,https://assets.sainsburys-groceries.co.uk/gol/393720/1/640x640.jpg,,,https://www.sainsburys.co.uk/gol-ui/product/sainsburys-mini-melton-mowbray-pork-pies-x6-300g,,2024-08-20T19:48:51.726139-04:00
66-1817-DAI,"Sainsbury's Quiche Lorraine, Taste the Difference 400g",Sainsbury's,"Dairy, eggs & chilled",Discover,Simple meals,,£3.95,,,99p / 100g,7653037.0,"A quiche made with mature Cheddar cheese, Applewood smoked British bacon, Cherrywood smoked British bacon, Barbers Cheddar cheese and a creamy free range British egg custard in a buttery shortcrust pastry case.",,https://assets.sainsburys-groceries.co.uk/gol/7653037/1/640x640.jpg,,,https://www.sainsburys.co.uk/gol-ui/product/sainsburys-quiche-lorraine--taste-the-difference-400g,,2024-08-20T19:49:12.376071-04:00
66-1818-DAI,Stamford Street Co. Mini Pork Pies x4 200g,Stamford,"Dairy, eggs & chilled",Discover,Picnic essentials,,91p,,,46p / 100g,7989631.0,Seasoned cured pork baked in pastry,,https://assets.sainsburys-groceries.co.uk/gol/7989631/1/640x640.jpg,,,https://www.sainsburys.co.uk/gol-ui/product/sainsburys-allcroft-4-pork-pies-200g,,2024-08-20T19:49:33.371359-04:00
66-1819-DAI,Pukka Pies Chicken & Mushroom Pie 212g,Pukka,"Dairy, eggs & chilled","Pies, pasties & quiche","All pies, pasties & quiche",,£2.00,,£1.50,94p / 100g,6339639.0,Tender pieces of chicken and sliced mushrooms with a light sauce in a puff pastry case.,,https://assets.sainsburys-groceries.co.uk/gol/6339639/1/640x640.jpg,"Nutrient	Amount per 100g	Amount per Pie
Energy	905kj/ 216kcal	1927kj/ 460kcal
Fat	10.4g	22.1g
of which Saturates	5.2g	11.1g
Carbohydrates	20.9g	44.5g
of which Sugars	1.4g	2.9g
Fibre	1.5g	3.1g
Protein	9.0g	19.1g
Salt	1.0g	2.1g","Water, Wheat Flour (contains: Wheat Flour, Calcium Carbonate, Iron, Niacin, Thiamine), Margarine (contains: Palm & Rapeseed Fats & Oils, Water, Salt), Chicken (18%) (contains: Chicken, Modified Maize Starch, Salt), Mushrooms (5%), Modified Maize Starch, Chicken Stock, Double Cream (contains: Milk), Salt, Flavour Enhancer: Monosodium Glutamate, Onion Powder, White Pepper, Butter (Milk), Wheat Protein",https://www.sainsburys.co.uk/gol-ui/product/pukka-pies-chicken---mushroom-pie-226g,,2024-08-20T19:49:40.734819-04:00
66-1820-DAI,Sainsbury's Crustless Quiche Lorraine 340g,Sainsbury's,"Dairy, eggs & chilled","Pies, pasties & quiche","All pies, pasties & quiche",,£3.00,,£2.50,88p / 100g,7460775.0,"A crustless quiche made with smoked reformed British bacon with added water, blend of cheeses and a creamy free range British egg custard on a shortcrust pastry base",,https://assets.sainsburys-groceries.co.uk/gol/7460775/1/640x640.jpg,,,https://www.sainsburys.co.uk/gol-ui/product/sainsburys-crustless-quiche-lorraine-340g,,2024-08-20T19:49:56.381426-04:00
66-1821-DAI,"Sainsbury's Mini Melton Mowbray Pork Pies, Summer Edition, Taste the Difference x4 200g",Sainsbury's,"Dairy, eggs & chilled","Pies, pasties & quiche",Pork pies,,£2.75,,£1.80,£1.38 / 100g,8171989.0,"4 Melton Mowbray pork pies, made with seasoned, uncured British outdoor bred pork, encased in hot-water crust pastry",,https://assets.sainsburys-groceries.co.uk/gol/8171989/1/640x640.jpg,,,https://www.sainsburys.co.uk/gol-ui/product/sainsburys-mini-melton-mowbray-pork-pies-summer-edition-taste-the-difference-x4-200g,,2024-08-20T19:50:12.344420-04:00
66-1822-DAI,"Sainsbury's Salmon, Broccoli & Cheddar Quiche, Taste the Difference 400g",Sainsbury's,"Dairy, eggs & chilled","Pies, pasties & quiche","All pies, pasties & quiche",,£3.95,,,99p / 100g,7855063.0,"A quiche made with poached salmon, broccoli, Taw Valley Cheddar cheese and a creamy free range British egg custard in a buttery shortcrust pastry case.",,https://assets.sainsburys-groceries.co.uk/gol/7855063/1/640x640.jpg,,,https://www.sainsburys.co.uk/gol-ui/product/sainsburys-salmon---watercress-quiche--taste-the-difference-400g,,2024-08-20T19:50:33.260319-04:00
66-1823-DAI,"Higgidy Spinach, Red Pepper & Feta Quiche 400g",Higgidy,"Dairy, eggs & chilled","Pies, pasties & quiche","All pies, pasties & quiche",,£4.60,,£3.50,£1.15 / 100g,6783222.0,"Spinach, Greek Feta & Roasted Red Pepper Quiche",,https://assets.sainsburys-groceries.co.uk/gol/6783222/1/640x640.jpg,"Nutrient	Per 100g	Per 1/4 Quiche
Energy	961kJ/ 230kcal	961kJ/ 230kcal
Fat	13.0g	13.0g
of which saturates	5.7g	5.7g
Carbohydrate	21.0g	21.0g
of which sugars	2.6g	2.6g
Fibre	2.2g	2.2g
Protein	7.3g	7.3g
Salt	0.65g	0.65g","Water, Wheat Flour (contains Calcium Carbonate, Iron, Niacin, Thiamin), Onions, Spinach (12%), Mature Cheddar Cheese (Milk) (9%), Free-Range Whole Egg, Red Peppers (6%), Vegetable Oils (Sustainable Palm Oil*, Rapeseed Oil), Medium Fat Soft Cheese (Milk), Feta Cheese (Milk) (3.5%), Wholemeal Spelt Flour (Wheat), Dried Skimmed Milk, Cannellini Beans, Rapeseed Oil, Whipping Cream (Milk), Butternut Squash Purée, Cornflour, Butter (Milk), Golden Linseeds, Brown Linseeds, Salt, Poppy Seeds, Nutmeg, Black Pepper, Cayenne Pepper, Paprika, *www.higgidy.co.uk/palmoil",https://www.sainsburys.co.uk/gol-ui/product/higgidy-spinach--feta---roasted-pepper-quiche-400g,,2024-08-20T19:50:41.421050-04:00
66-1824-DAI,Dickinson & Morris Melton Mowbray Pork Pie 145g,Dickinson,"Dairy, eggs & chilled","Pies, pasties & quiche","All pies, pasties & quiche",,£2.00,,£1.50,£1.38 / 100g,2848969.0,Seasoned uncured pork encased in a pastry case.,,https://assets.sainsburys-groceries.co.uk/gol/2848969/1/640x640.jpg,"Nutrient	Per 100g:	Per serving (145g):
Energy	1442kJ/ 346kcal	2091kJ/ 502kcal
Fat	22.7g	32.9g
of which saturates	8.1g	11.8g
Carbohydrate	23.2g	33.7g
of which sugars	1.7g	2.4g
Fibre	1.0g	1.5g
Protein	11.8g	17.1g
Salt	1.22g	1.77g","Pork (40%), Wheat Flour (Wheat Flour, Calcium Carbonate, Iron, Niacin, Thiamin), Pork Lard, Water, Palm Oil, Rapeseed Oil, Potato Starch, Salt, Pork Extract, Pasteurised Egg, White Pepper, Pork Gelatine, Nutmeg",https://www.sainsburys.co.uk/gol-ui/product/dickinson---morris-melton-mowbray-pork-pie-140g,,2024-08-20T19:50:49.018129-04:00
66-1825-DAI,Sainsbury's Individual Melton Mowbray Pork Pie 140g,Sainsbury's,"Dairy, eggs & chilled","Pies, pasties & quiche","All pies, pasties & quiche",,£1.80,,,£1.29 / 100g,565783.0,"Seasoned, uncured pork, baked in hot-water crust pastry",,https://assets.sainsburys-groceries.co.uk/gol/565783/1/640x640.jpg,,,https://www.sainsburys.co.uk/gol-ui/product/sainsburys-individual-melton-mowbray-pork-pie-140g,,2024-08-20T19:51:09.950163-04:00
66-1826-DAI,"Sainsbury's Cheddar & Onion Quiche, Taste the Difference 400g",Sainsbury's,"Dairy, eggs & chilled",Discover,Simple meals,,£3.95,,,99p / 100g,7855051.0,"A quiche made with caramelised onions, extra mature Cheddar cheese, Red Leicester cheese, Barbers Cheddar cheese and a creamy free range British egg custard in a buttery shortcrust pastry case, topped with caramelised onions.",,https://assets.sainsburys-groceries.co.uk/gol/7855051/1/640x640.jpg,,,https://www.sainsburys.co.uk/gol-ui/product/sainsburys-welsh-cave-aged-cheddar-quiche--taste-the-difference-400g,,2024-08-20T19:51:31.013805-04:00
66-1827-DAI,Higgidy Beechwood Smoked Bacon & Mature Cheddar Quiche,Higgidy,"Dairy, eggs & chilled","Pies, pasties & quiche","All pies, pasties & quiche",,£4.60,,£3.50,£1.15 / 100g,6783229.0,Beechwood Smoked Bacon & Mature Cheddar Quiche,,https://assets.sainsburys-groceries.co.uk/gol/6783229/1/640x640.jpg,"Nutrient	Per 100g	Per 1/4 Quiche
Energy	1036kJ/ 248kcal	1036kJ/ 248kcal
Fat	14.1g	14.1g
of which saturates	5.8g	5.8g
Carbohydrate	21.7g	21.7g
of which sugars	2.7g	2.7g
Fibre	1.6g	1.6g
Protein	8.9g	8.9g
Salt	0.69g	0.69g","Water, Wheat Flour (contains Calcium Carbonate, Niacin, Iron, Thiamin), Bacon Lardons (12%) (Pork, Water, Salt, Antioxidant: Sodium Ascorbate, Preservative: Sodium Nitrite), Free-Range Whole Egg, Onions, Mature Cheddar Cheese (Milk) (8%), Vegetable Oils (Sustainable Palm Oil*, Rapeseed Oil), Dried Skimmed Milk, Medium Fat Soft Cheese (Milk), Wholemeal Spelt Flour (Wheat), Cannellini Beans, Whipping Cream (Milk), Rapeseed Oil, Cornflour, Butter (Milk), Butternut Squash Purée, Golden Linseeds, Brown Linseeds, Poppy Seeds, Parsley, Dijon Mustard, Salt, Cayenne Pepper, Paprika, *www.higgidy.co.uk/palmoil",https://www.sainsburys.co.uk/gol-ui/product/higgidy-smoked-english-bacon---mature-cheddar-quiche-400g,,2024-08-20T19:51:38.561519-04:00
66-1828-DAI,Sainsbury's Steak & Ale Puff Pastry Pie 200g,Sainsbury's,"Dairy, eggs & chilled",Discover,Simple meals,,£2.00,,,£1.00 / 100g,7986865.0,British beef and dark ale gravy in shortcrust pastry base topped with a puff pastry lid,,https://assets.sainsburys-groceries.co.uk/gol/7986865/1/640x640.jpg,,,https://www.sainsburys.co.uk/gol-ui/product/sainsburys-steak-ale-puff-pastry-pie-200g,,2024-08-20T19:51:59.060571-04:00
66-1829-DAI,Pukka Pies Steak & Kidney Pie 219g,Pukka,"Dairy, eggs & chilled","Pies, pasties & quiche","All pies, pasties & quiche",,£2.00,,£1.50,91p / 100g,6342282.0,"Tender pieces of steak, minced beef kidney and rich gravy, in a light puff pastry case.",,https://assets.sainsburys-groceries.co.uk/gol/6342282/1/640x640.jpg,"Nutrient	Amount per 100g	Amount per Pie
Energy	942kj/ 225kcal	2015kj/ 481kcal
Fat	12.4g	26.6g
of which Saturates	6.5g	13.9g
Carbohydrates	19.4g	41.5g
of which Sugars	1.2g	2.5g
Fibre	1.1g	2.3g
Protein	6.4g	13.6g
Salt	0.92g	1.9g","Water, Wheat Flour (contains: Wheat Flour, Calcium Carbonate, Iron, Niacin, Thiamine), Beef (23%), Margarine (contains: Palm & Rapeseed Fats & Oils, Water, Salt), Beef Kidney (Minced) (4.5%), Onions, Modified Maize Starch, Salt, Flavour Enhancer: Monosodium Glutamate, Colour: Ammonia Caramel, Pepper, Butter (contains: Milk), Wheat Protein, Beef from EU approved suppliers (UK & abroad)",https://www.sainsburys.co.uk/gol-ui/product/pukka-pies-steak---kidney-pie-238g,,2024-08-20T19:52:06.583406-04:00
66-1830-DAI,"Sainsbury's Feta, Tomato & Oregano Quiche Summer Edition, Taste the Difference 400g",Sainsbury's,"Dairy, eggs & chilled","Pies, pasties & quiche","All pies, pasties & quiche",,£3.95,,,99p / 100g,8181967.0,"A quiche made with tomato, Feta cheese, Barbers Cheddar cheese and a creamy free range British egg custard in a buttery shortcrust pastry case, topped with Feta cheese.",,https://assets.sainsburys-groceries.co.uk/gol/8181967/1/640x640.jpg,,,https://www.sainsburys.co.uk/gol-ui/product/sainsburys-feta-tomato-oregano-quiche-summer-edition-taste-the-difference-400g,,2024-08-20T19:52:28.067432-04:00
66-1831-DAI,Sainsbury's Snack Pork Pies x4 260g,Sainsbury's,"Dairy, eggs & chilled","Pies, pasties & quiche",Pork pies,,£2.50,,,96p / 100g,170369.0,"Seasoned, cured pork baked in pastry",,https://assets.sainsburys-groceries.co.uk/gol/170369/1/640x640.jpg,,,https://www.sainsburys.co.uk/gol-ui/product/sainsburys-snack-pork-pies-x4-260g,,2024-08-20T19:52:49.160551-04:00
66-1832-DAI,Sainsbury's Mediterranean Style Vegetable Quiche 400g,Sainsbury's,"Dairy, eggs & chilled","Pies, pasties & quiche","All pies, pasties & quiche",,£3.00,,£2.50,75p / 100g,1218565.0,"A quiche made with red pepper, yellow pepper, courgette, cherry tomatoes, spinach and a creamy free range British egg custard in a shortcrust pastry case",,https://assets.sainsburys-groceries.co.uk/gol/1218565/1/640x640.jpg,,,https://www.sainsburys.co.uk/gol-ui/product/sainsburys-mediterranean-style-vegetable-quiche-400g,,2024-08-20T19:53:04.648347-04:00
66-1833-DAI,Sainsbury's Crustless Quiche Lorraine 150g,Sainsbury's,"Dairy, eggs & chilled","Pies, pasties & quiche","All pies, pasties & quiche",,£2.00,,,£1.33 / 100g,7621307.0,"A crustless quiche made with smoked reformed British bacon with added water, blend of cheeses and a creamy free range British egg custard on a shortcrust pastry base",,https://assets.sainsburys-groceries.co.uk/gol/7621307/1/640x640.jpg,,,https://www.sainsburys.co.uk/gol-ui/product/sainsburys-crustless-quiche-lorraine-150g,,2024-08-20T19:53:25.391713-04:00
66-1834-DAI,Pukka Pies Veggie Leek & Potato Pie 213g,Pukka,"Dairy, eggs & chilled","Pies, pasties & quiche",Pies,,£2.00,,£1.50,94p / 100g,7987067.0,"Sliced leeks and diced potatoes in a creamy mature cheddar sauce encased in a light, puff pastry case.",,https://assets.sainsburys-groceries.co.uk/gol/7987067/1/640x640.jpg,"Nutrient	Amount per 100g	Amount per Pie
Energy	1087kj/ 260kcal	2315kj/ 553kcal
Fat	15.3g	32.5g
of which Saturates	8.1g	17.3g
Carbohydrates	22.9g	48.8g
of which Sugars	1.4g	3.0g
Fibre	1.4g	3.0g
Protein	7.1g	15.1g
Salt	1.0g	2.2g","Wheat Flour (contains: Wheat Flour, Calcium Carbonate, Iron, Niacin, Thiamine), Water, Margarine (contains: Palm & Rapeseed Fats & Oils, Water, Salt), Potato (10%), Whole Milk, Cheese Blend (8.5%) (contains: Extra Mature Cheddar & Medium Fat Hard Cheese (Milk)), Sliced Leeks (4%), Onion, Chopped Spinach (2%), Double Cream (contains: Milk), Modified Maize Starch, Rapeseed Oil, Salt, Yeast Extract, Flavour Enhancer: Monosodium Glutamate, Garlic Puree, White Pepper, Thyme, Butter (contains: Milk), Wheat Protein",https://www.sainsburys.co.uk/gol-ui/product/pukka-veggie-potato-leek-213g,,2024-08-20T19:53:32.891983-04:00
66-1835-DAI,Ginsters Large Sausage Roll 130g,Ginsters,"Dairy, eggs & chilled","Pies, pasties & quiche","All pies, pasties & quiche",,£1.50,,£1.00,£1.15 / 100g,7638326.0,"British pork sausagemeat seasoned with herbs and spices, encased in light puff pastry.",,https://assets.sainsburys-groceries.co.uk/gol/7638326/1/640x640.jpg,"Nutrient	Per 100g
Energy	1534kJ/ 369kcal
Fat	26.8g
Saturates	11.5g
Carbohydrate	21.8g
Sugars	0.9g
Fibre	1.6g
Protein	9.3g
Salt	1.09g","Wheat Flour (Calcium Carbonate, Iron, Niacin, Thiamin), British Pork (27%), Pork Fat, Vegetable Oil (Palm, Rapeseed), Water, Egg, Salt, Potato Starch, Milk, Spices, Herbs, Mustard",https://www.sainsburys.co.uk/gol-ui/product/ginsters-large-sausage-roll-130g,,2024-08-20T19:53:40.333743-04:00
66-1836-DAI,Sainsbury's Sausage Rolls x2 120g,Sainsbury's,"Dairy, eggs & chilled","Pies, pasties & quiche","All pies, pasties & quiche",,95p,,,79p / 100g,7624442.0,Seasoned British pork sausagemeat wrapped in puff pastry,,https://assets.sainsburys-groceries.co.uk/gol/7624442/1/640x640.jpg,,,https://www.sainsburys.co.uk/gol-ui/product/sainsburys-2-sausage-rolls-120g,,2024-08-20T19:54:01.301674-04:00
66-1837-DAI,Ginsters Peppered Steak Slice 170g,Ginsters,"Dairy, eggs & chilled","Pies, pasties & quiche","All pies, pasties & quiche",,£1.95,,£1.25,£1.15 / 100g,7638070.0,"British steak with potato and onion, cooked in a distinct creamy pepper sauce with a hint of mustard, encased in light puff pastry.",,https://assets.sainsburys-groceries.co.uk/gol/7638070/1/640x640.jpg,"Nutrient	Per 100g
Energy	1173kJ/ 281kcal
Fat	17.5g
Saturates	8.0g
Carbohydrate	21.5g
Sugars	1.2g
Fibre	1.3g
Protein	8.9g
Salt	0.76g","British Beef (24%), Wheat Flour (Calcium Carbonate, Iron, Niacin, Thiamin), Water, Vegetable Oil (Palm, Rapeseed), Potatoes, Onions, Single Cream (Milk), Cornflour, Salt, Egg, Milk, Yeast Extract, Tapioca Starch, Pepper, Beef Stock, Garlic Purée, Mustard, Spirit Vinegar, Lemon Juice Concentrate, Beef Fat",https://www.sainsburys.co.uk/gol-ui/product/ginsters-peppered-steak-slice-170g,,2024-08-20T19:54:08.778635-04:00
66-1838-DAI,Sainsbury's Cheese & Onion Quiche 170g,Sainsbury's,"Dairy, eggs & chilled","Pies, pasties & quiche","All pies, pasties & quiche",,£2.00,,,£1.18 / 100g,6018733.0,"A quiche made with a blend of cheeses, onion and a creamy egg custard in a shortcrust pastry case",,https://assets.sainsburys-groceries.co.uk/gol/6018733/1/640x640.jpg,,,https://www.sainsburys.co.uk/gol-ui/product/sainsburys-three-cheese---onion-quiche-170g,,2024-08-20T19:54:29.109180-04:00
66-1839-DAI,Sainsbury's Cheese & Bacon Snack Rolls x9 270g,Sainsbury's,"Dairy, eggs & chilled","Pies, pasties & quiche","All pies, pasties & quiche",,£2.10,,,78p / 100g,7878154.0,Puff pastry rolls with a cheese and smoked bacon filling,,https://assets.sainsburys-groceries.co.uk/gol/7878154/1/640x640.jpg,,,https://www.sainsburys.co.uk/gol-ui/product/sainsburys-cheese-bacon-snack-rolls-x9-270g,,2024-08-20T19:54:50.308987-04:00
66-1840-DAI,Pukka Minced Beef & Onion Pie 215g,Pukka,"Dairy, eggs & chilled","Pies, pasties & quiche","All pies, pasties & quiche",,£2.00,,£1.50,93p / 100g,6339641.0,"Minced Beef, chopped onions and rich gravy, in a light puff pastry case.",,https://assets.sainsburys-groceries.co.uk/gol/6339641/1/640x640.jpg,"Nutrient	Amount per 100g	Amount per Pie
Energy	1123kj/ 275kcal	2403kj/ 589kcal
Fat	17.6g	37.6g
of which Saturates	8.7g	18.6g
Carbohydrates	21.9g	46.8g
of which Sugars	1.5g	3.1g
Fibre	1.1g	2.4g
Protein	6.6g	14.1g
Salt	0.90g	2.0g","Wheat Flour (contains: Wheat Flour, Calcium Carbonate, Iron, Niacin, Thiamine), Beef (21%), Water, Margarine (contains: Palm & Rapeseed Fats & Oils, Water, Salt), Onions (9.5%), Modified Maize Starch, Kibbled Onion, Salt, Caramelised Sugar Powder, Onion Powder, Flavour Enhancer: Monosodium Glutamate, Pepper, Butter (contains: Milk), Wheat Protein, Beef from EU approved suppliers (UK & abroad)",https://www.sainsburys.co.uk/gol-ui/product/pukka-pies-beef---onion-pie-231g,,2024-08-20T19:54:57.745181-04:00
66-1841-DAI,Sainsbury's Pork Cocktail Sausages 200g,Sainsbury's,"Dairy, eggs & chilled","Pies, pasties & quiche","All pies, pasties & quiche",,£2.00,,,£1.00 / 100g,7174680.0,Cooked British pork cocktail sausages coated in alginate casing,,https://assets.sainsburys-groceries.co.uk/gol/7174680/1/640x640.jpg,,,https://www.sainsburys.co.uk/gol-ui/product/sainsburys-pork-cocktail-sausages-200g,,2024-08-20T19:55:18.860931-04:00
66-1842-DAI,"Sainsbury's Scotch Egg, Taste the Difference 130g",Sainsbury's,"Dairy, eggs & chilled",Discover,Picnic essentials,,£1.75,,,£1.35 / 100g,7464642.0,Outdoor bred British pork sausagemeat filled with a free range whole boiled egg and coated in a wholegrain breadcrumb,,https://assets.sainsburys-groceries.co.uk/gol/7464642/1/640x640.jpg,,,https://www.sainsburys.co.uk/gol-ui/product/sainsburys-scotch-egg--taste-the-difference,,2024-08-20T19:55:39.466367-04:00
66-1843-DAI,Sainsbury's Chicken & Gravy Shortcrust Pastry Pie 500g,Sainsbury's,"Dairy, eggs & chilled",Discover,Simple meals,,£4.00,,,80p / 100g,7986956.0,"British chicken, cooked in onion and gravy encased in shortcrust pastry",,https://assets.sainsburys-groceries.co.uk/gol/7986956/1/640x640.jpg,,,https://www.sainsburys.co.uk/gol-ui/product/sainsburys-chicken-gravy-shortcrust-pastry-pie-550g,,2024-08-20T19:56:00.657252-04:00
66-1844-DAI,Sainsbury's Cheese & Onion Rolls x6 360g,Sainsbury's,"Dairy, eggs & chilled","Pies, pasties & quiche","All pies, pasties & quiche",,£2.00,,,56p / 100g,1226102.0,"Onion, soft cheese, potato and mature Cheddar cheese wrapped in puff pastry",,https://assets.sainsburys-groceries.co.uk/gol/1226102/1/640x640.jpg,,,https://www.sainsburys.co.uk/gol-ui/product/sainsburys-cheese-onion-rolls-x6-360g,,2024-08-20T19:56:21.484340-04:00
66-1845-DAI,Pukka Pork Sausage Roll 130g,Pukka,"Dairy, eggs & chilled","Pies, pasties & quiche",Pork pies,,£1.30,,,£1.00 / 100g,8087900.0,"Seasoned pork sausage meat, wrapped in puff pastry.",,https://assets.sainsburys-groceries.co.uk/gol/8087900/1/640x640.jpg,"Nutrient	Amount per 100g	Amount per Roll
Energy	1359kj/ 326kcal	1767kj/ 424kcal
Fat	19.7g	25.6g
of which Saturates	8.1g	10.6g
Carbohydrates	26.7g	34.7g
of which Sugars	1.9g	2.5g
Fibre	1.8g	2.4g
Protein	9.4g	12.2g
Salt	1.64g	2.13g","Wheat Flour (contains: Wheat Flour, Calcium Carbonate, Iron, Niacin, Thiamine), Pork (27%), Water, Palm Oil, Seasoning, Potato Starch, Pork Fat, Rapeseed Oil, Salt (0.5%), Wheat Protein, Herb & Spice Extract (0.1%) (contains: Black Pepper, Mace, Nutmeg, Ginger, Cayenne, Sage, Marjoram), Dextrose, Flavour Enhancer: Monosodium Glutamate, Dried Skimmed Milk Powder",https://www.sainsburys.co.uk/gol-ui/product/pukka-pork-sausage-roll-130g,,2024-08-20T19:56:34.218915-04:00
66-1846-DAI,Sainsbury's Cornish Pasties x4 520g,Sainsbury's,"Dairy, eggs & chilled","Pies, pasties & quiche","All pies, pasties & quiche",,£3.00,,,58p / 100g,1373325.0,"Potato, minced beef, swede and onion in puff pastry",,https://assets.sainsburys-groceries.co.uk/gol/1373325/1/640x640.jpg,,,https://www.sainsburys.co.uk/gol-ui/product/sainsburys-cornish-pasties-x4-600g,,2024-08-20T19:56:55.107790-04:00
66-1847-DAI,Dickinson & Morris Melton Mowbray Pork Pie 440g,Dickinson,"Dairy, eggs & chilled","Pies, pasties & quiche","All pies, pasties & quiche",,£4.25,,,97p / 100g,2848914.0,"Butchers, Bakers, History Makers.",,https://assets.sainsburys-groceries.co.uk/gol/2848914/1/640x640.jpg,,,https://www.sainsburys.co.uk/gol-ui/product/dickinson---morris-melton-mowbray-pork-pie-454g,,2024-08-20T19:57:26.921311-04:00
66-1848-DAI,Stamford Street Co. Cheese & Onion Quiche 400g,Stamford,"Dairy, eggs & chilled","Pies, pasties & quiche","All pies, pasties & quiche",,£1.99,,,50p / 100g,8057753.0,"A quiche made with a mature Cheddar cheese, medium fat soft cheese, red Leicester cheese, onion and a creamy free range British egg custard in a shortcrust pastry case",,https://assets.sainsburys-groceries.co.uk/gol/8057753/1/640x640.jpg,,,https://www.sainsburys.co.uk/gol-ui/product/allcrofts-cheese-onion-quiche-400g,,2024-08-20T19:57:48.311048-04:00
66-1849-DAI,Sainsbury's Pork & Egg Gala Slices x2 250g,Sainsbury's,"Dairy, eggs & chilled","Pies, pasties & quiche","All pies, pasties & quiche",,£2.75,,,£1.10 / 100g,7990229.0,2 Slices of hard boiled egg wrapped in seasoned cured pork surrounded by pastry,,https://assets.sainsburys-groceries.co.uk/gol/7990229/1/640x640.jpg,,,https://www.sainsburys.co.uk/gol-ui/product/sainsburys-2pk-gala-slice-250g,,2024-08-20T19:58:09.795369-04:00
66-1850-DAI,Ginsters Cornish Cheddar & Onion Pasty 180g,Ginsters,"Dairy, eggs & chilled","Pies, pasties & quiche",Pies,,£1.95,,,£1.08 / 100g,8024282.0,"A blend of Cornish mature cheddar made with West Country milk, caramelised onion, potato, spring onion, wholegrain mustard and a hint of apple purée encased in light puff pastry.",,https://assets.sainsburys-groceries.co.uk/gol/8024282/1/640x640.jpg,"Nutrient	Per 100g
Energy	1192kJ/ 286kcal
Fat	18.0g
Saturates	9.3g
Carbohydrate	22.2g
Sugars	1.8g
Fibre	1.7g
Protein	7.9g
Salt	0.90g","Wheat Flour (Calcium Carbonate, Iron, Niacin, Thiamin), Potato, Cornish Cheddar (made with West Country Milk) (17%), Vegetable Oil (Palm, Rapeseed), Onion (19%), Caramelised Onion (Onion, Sugar, Rapeseed Oil) (8%), Spring Onion, Egg, Cornflour, Bramley Apple Purée, Salt, Milk, Mustard Seeds, Black Pepper, White Wine Vinegar, Honey, Mustard Flour, Garlic Powder, Mustard Bran, Spices",https://www.sainsburys.co.uk/gol-ui/product/ginsters-cornish-cheddar-onion-pasty,,2024-08-20T19:58:22.477840-04:00
66-1851-DAI,Quorn Vegetarian Sausage Rolls x3 210g,Quorn,"Dairy, eggs & chilled","Pies, pasties & quiche","All pies, pasties & quiche",,£3.10,,,£14.76 / kg,7084467.0,"Meat free savoury flavour filling, made with mycoprotein and onion, wrapped in puff pastry",,https://assets.sainsburys-groceries.co.uk/gol/7084467/1/640x640.jpg,"Nutrient	(typical values as sold) Per 100g	(typical values as sold) Per Sausage Roll
Energy	1151kJ/ 276kcal	805kJ/ 192kcal
Fat	15g	11g
of which saturates	6.7g	4.7g
Carbohydrate	21g	15g
of which sugars	2.9g	2.0g
Fibre	3.3g	2.3g
Protein	12g	8.1g
Salt	1.0g	0.70g","Wheat Flour (Wheat Flour, Calcium Carbonate, Iron, Niacin, Thiamine), Mycoprotein (26%), Water, Palm Oil, Onion (5%), Textured Vegetable Protein, Rapeseed Oil, Rehydrated Free Range Egg, Whey Powder (Milk), Free Range Egg, Salt, Yeast Extract, Dextrose, Gelling Agent: Pectin, Onion Powder, Barley Malt Extract, Thyme, Sage, Dried Onion, Black Pepper Extract, Colour: Iron Oxide",https://www.sainsburys.co.uk/gol-ui/product/quorn-mini-sausage-rolls-210g,,2024-08-20T19:58:35.781884-04:00
66-1852-DAI,Sainsbury's Mini Pork & Pickle Pies x6 300g,Sainsbury's,"Dairy, eggs & chilled","Pies, pasties & quiche",Pork pies,,£2.95,,,98p / 100g,7268273.0,Seasoned uncured pork with pickle baked in pastry,,https://assets.sainsburys-groceries.co.uk/gol/7268273/1/640x640.jpg,,,https://www.sainsburys.co.uk/gol-ui/product/sainsburys-mini-pork-pickle-pies-x6-300g,,2024-08-20T19:58:56.969188-04:00
66-1853-DAI,Sainsbury's Pork Cocktail Sausages x50 500g,Sainsbury's,"Dairy, eggs & chilled","Pies, pasties & quiche","All pies, pasties & quiche",,£3.50,,£2.75,70p / 100g,8057934.0,Cooked British pork cocktail sausages coated in alginate casing,,https://assets.sainsburys-groceries.co.uk/gol/8057934/1/640x640.jpg,,,https://www.sainsburys.co.uk/gol-ui/product/sainsburys-pork-cocktail-sausages-x50-500g,,2024-08-20T19:59:12.778783-04:00
66-1854-DAI,Sainsbury's Steak & Gravy Puff Pastry Pie 500g,Sainsbury's,"Dairy, eggs & chilled",Discover,Simple meals,,£4.00,,,80p / 100g,7986962.0,"British beef, onion and gravy in shortcrust pastry base topped with a puff pastry lid",,https://assets.sainsburys-groceries.co.uk/gol/7986962/1/640x640.jpg,,,https://www.sainsburys.co.uk/gol-ui/product/sainsburys-steak-gravy-puff-pastry-pie-550g,,2024-08-20T19:59:34.312622-04:00
66-1855-DAI,Sainsbury's Chicken & Gravy Shortcrust Pastry Pie 200g,Sainsbury's,"Dairy, eggs & chilled",Discover,Simple meals,,£2.00,,,£1.00 / 100g,7986862.0,"British chicken, cooked in onion and gravy encased in shortcrust pastry",,https://assets.sainsburys-groceries.co.uk/gol/7986862/1/640x640.jpg,,,https://www.sainsburys.co.uk/gol-ui/product/sainsburys-chicken-gravy-shortcrust-pastry-pie-200g,,2024-08-20T19:59:55.876588-04:00
66-1856-DAI,Higgidy Porcini Mushroom & Spinach Vegan Rolls 160g,Higgidy,"Dairy, eggs & chilled","Pies, pasties & quiche","All pies, pasties & quiche",,£3.40,,,£21.25 / kg,8004050.0,Porcini Mushroom & Spinach Rolls,,https://assets.sainsburys-groceries.co.uk/gol/8004050/1/640x640.jpg,"Nutrient	Per 100g	Per 2 Rolls
Energy	1472kJ/ 352kcal	795kJ/ 190kcal
Fat	21.4g	11.6g
of which saturates	9.8g	5.2g
Carbohydrate	34.1g	18.5g
of which sugars	1.1g	0.6g
Fibre	2.7g	1.5g
Protein	6.9g	3.7g
Salt	1.08g	0.58g","Wheat Flour (contains Calcium Carbonate, Iron, Niacin, Thiamin), Water, Mushrooms (20%) (White Mushrooms, Chestnut Mushrooms, Porcini Mushrooms), Vegetable Oils (Sustainable Palm Oil*, Rapeseed Oil), Food Preparation with Palm Oil (Water, Modified Potato Starch, Sustainable Palm Oil*, Salt, Colour: Beta Carotene), Onions, Butternut Squash Purée, White Quinoa, Spinach (3%), Oat Drink (Water, Oats, Rapeseed Oil, Sea Salt), Cornflour, Brown Linseeds, Golden Linseeds, Salt, Lemon Juice, Garlic Purée, Vegetable Stock Powder, Colour: Plain Caramel, Parsley, Black Pepper, Yeast, *www.higgidy.co.uk/palmoil",https://www.sainsburys.co.uk/gol-ui/product/higgidy-vegan-miso-mushroom-roll-160g,,2024-08-20T20:00:09.168309-04:00
66-1857-DAI,Sainsbury's Chicken & Bacon Puff Pastry Pie 200g,Sainsbury's,"Dairy, eggs & chilled","Pies, pasties & quiche","All pies, pasties & quiche",,£2.00,,,£1.00 / 100g,7987997.0,"British chicken and diced cooked smoked back bacon in shortcrust pastry base, topped with a puff pastry lid",,https://assets.sainsburys-groceries.co.uk/gol/7987997/1/640x640.jpg,,,https://www.sainsburys.co.uk/gol-ui/product/sainsburys-chicken-bacon-puff-pastry-pie-200g,,2024-08-20T20:00:30.740138-04:00
66-1858-DAI,Pukka Steak Slice 170g,Pukka,"Dairy, eggs & chilled","Pies, pasties & quiche","All pies, pasties & quiche",,£1.75,,,£1.03 / 100g,8087886.0,"Diced steak and potatoes in a rich beef gravy, wrapped in puff pastry.",,https://assets.sainsburys-groceries.co.uk/gol/8087886/1/640x640.jpg,"Nutrient	Amount per 100g	Amount per Slice
Energy	1075kj/ 257kcal	1828kj/ 437kcal
Fat	13.3g	22.7g
of which Saturates	6.4g	10.9g
Carbohydrates	24.6g	41.8g
of which Sugars	2.3g	3.9g
Fibre	1.4g	2.3g
Protein	9.0g	15.2g
Salt	0.83g	1.41g","Wheat Flour (contains: Wheat Flour, Calcium Carbonate, Iron, Niacin, Thiamine), Beef (24%), Water, Palm Oil, Potato (4%), Onion (3%), Cornflour, Seasoning (1.5%) (contains: Sugar, Salt, Yeast Extract, Black Pepper, White Pepper, Barley Malt Extract, Lemon Powder, Garlic Powder, Beef Stock), Beef Fat, Rapeseed Oil, Salt, Yeast Extract, Beef Stock (0.3%), Wheat Protein, Flavour Enhancer: Monosodium Glutamate, Dextrose, Dried Skimmed Milk Powder",https://www.sainsburys.co.uk/gol-ui/product/pukka-steak-slice-170g,,2024-08-20T20:00:43.963811-04:00
66-1859-DAI,"Sainsbury's Broccoli, Tomato & Cheese Quiche 170g",Sainsbury's,"Dairy, eggs & chilled","Pies, pasties & quiche","All pies, pasties & quiche",,£2.00,,,£1.18 / 100g,7555403.0,"A quiche made with broccoli florets, tomato, extra mature Cheddar cheese and a creamy free range British egg custard in a shortcrust pastry case",,https://assets.sainsburys-groceries.co.uk/gol/7555403/1/640x640.jpg,,,https://www.sainsburys.co.uk/gol-ui/product/sainsburys-broccoli--cheese---tomato-quiche-170g,,2024-08-20T20:01:05.340595-04:00
66-1860-DAI,Sainsbury's Steak Slices x2 300g,Sainsbury's,"Dairy, eggs & chilled",Discover,Simple meals,,£2.50,,,83p / 100g,6847722.0,British beef and gravy wrapped in puff pastry,,https://assets.sainsburys-groceries.co.uk/gol/6847722/1/640x640.jpg,,,https://www.sainsburys.co.uk/gol-ui/product/sainsburys-steak-slices-x2-330g,,2024-08-20T20:01:26.611939-04:00
66-1861-DAI,Sainsbury's Free From Cheese & Bacon Quiche 170g,Sainsbury's,"Dairy, eggs & chilled","Pies, pasties & quiche","All pies, pasties & quiche",,£2.35,,,£1.38 / 100g,7807299.0,"Smoked reformed bacon with added water and extra mature Cheddar cheese in a rice flour, maize flour and potato starch pastry",,https://assets.sainsburys-groceries.co.uk/gol/7807299/1/640x640.jpg,,,https://www.sainsburys.co.uk/gol-ui/product/sainsburys-deliciously-freefrom-cheese---bacon-quiche-170g,,2024-08-20T20:01:48.201094-04:00
66-1862-DAI,Ginsters Cornish Pasty x4 520g,Ginsters,"Dairy, eggs & chilled","Pies, pasties & quiche","All pies, pasties & quiche",,£3.75,,,72p / 100g,8152223.0,"British minced beef with potato, onion and swede, distinctly seasoned with pepper, encased in light puff pastry.",,https://assets.sainsburys-groceries.co.uk/gol/8152223/1/640x640.jpg,"Nutrient	Per 100g
Energy	1094kJ/ 262kcal
Fat	15.3g
Saturates	7.2g
Carbohydrate	26g
Sugars	1.8g
Fibre	2.5g
Protein	6.5g
Salt	0.92g","Potato, Wheat Flour (Calcium Carbonate, Iron, Niacin, Thiamin), British Beef (15%), Vegetable Oil (Palm, Rapeseed, Sunflower), Onion, Swede, Beef Fat, Salt, Egg, Cornflour, Milk, Pepper, Dried Onion, Sugar, Mustard, Dried Leeks, Coriander, Turmeric",https://www.sainsburys.co.uk/gol-ui/product/ginsters-cornish-pasty-x4-520g,,2024-08-20T20:02:01.547536-04:00
66-1863-DAI,Ginsters Cheese & Onion Slice 170g,Ginsters,"Dairy, eggs & chilled","Pies, pasties & quiche","All pies, pasties & quiche",,£1.95,,£1.25,£1.15 / 100g,7659026.0,"West Country mature cheddar cheese with potato and onion in a creamy sauce and a hint of wholegrain mustard, encased in light puff pastry.",,https://assets.sainsburys-groceries.co.uk/gol/7659026/1/640x640.jpg,"Nutrient	Per 100g
Energy	1227kJ/ 295kcal
Fat	19.7g
Saturates	10.3g
Carbohydrate	22.5g
Sugars	1.7g
Fibre	1.7g
Protein	6.0g
Salt	0.93g","Wheat Flour (Calcium Carbonate, Iron, Niacin, Thiamin), Potato, West Country Mature Cheddar Cheese (Milk) (13%), Vegetable Oil (Palm, Rapeseed), Onion (11%), Water, West Country Single Cream (Milk), Cornflour, Salt, Egg, Milk, Tapioca Starch, Mustard, White Wine Vinegar, Honey, Spices, Mustard Flour, Mustard Bran, Garlic Powder",https://www.sainsburys.co.uk/gol-ui/product/ginsters-cheddar---onion-slice-170g,,2024-08-20T20:02:09.448540-04:00
66-1864-DAI,"Sainsbury's Ham Hock, Petit Pois & Mint Quiche Summer Edition, Taste the Difference 400g",Sainsbury's,"Dairy, eggs & chilled","Pies, pasties & quiche","All pies, pasties & quiche",,£3.95,,,99p / 100g,8181969.0,"A quiche made with petit pois peas, Wiltshire style ham hock and a creamy free range British egg custard in a buttery shortcrust pastry case.",,https://assets.sainsburys-groceries.co.uk/gol/8181969/1/640x640.jpg,,,https://www.sainsburys.co.uk/gol-ui/product/sainsburys-ham-hock-petit-pois-mint-quiche-summer-edition-taste-the-difference-400g,,2024-08-20T20:02:31.040085-04:00
66-1865-DAI,Stamford Street Co. Beef & Vegetable Pasty 200g,Stamford,"Dairy, eggs & chilled","Pies, pasties & quiche","All pies, pasties & quiche",,69p,,,35p / 100g,8143997.0,"British beef with potato, onion, carrot and swede wrapped in puff pastry",,https://assets.sainsburys-groceries.co.uk/gol/8143997/1/640x640.jpg,,,https://www.sainsburys.co.uk/gol-ui/product/allcrofts-beef-vegetable-pasty-200g,,2024-08-20T20:02:52.617292-04:00
66-1866-DAI,Island Delight Lamb Pattie (Halal) 140g,Island,"Dairy, eggs & chilled","Pies, pasties & quiche",Pies,,£1.25,,,89p / 100g,3341483.0,"Lamb Pattie: Minced Lamb simmered with herbs and spices, baked in a Shortcrust pastry.",,https://assets.sainsburys-groceries.co.uk/gol/3341483/1/640x640.jpg,"Nutrient	per 100g
Energy kJ	1300kJ
Energy kcal	336kcal
Fat	17.8g
Of which saturates	8.8g
Carbohydrate	31.0g
Of which sugars	2.1g
Protein	7.0g
Salt	0.9g","Wheat Flour (Wheat Flour, Calcium Carbonate, Iron, Niacin, Thiamin), Water, Minced Lamb (15%), Margarine (Palm Oil, Salt, Water), Vegetable Fat (Palm, Rapeseed), Seasoning Mix (Rusk (Wheat), Wheat Flour (Wheat Flour, Calcium Carbonate, Iron, Niacin, Thiamin), Spices (contains Mustard, Celery), Salt, Modified Starch, Potato Starch, Colour: Ammonia Caramel, Flavour Enhancer: Monosodium Glutamate, Flavouring, Hydrolysed Vegetable Protein (Soya), Garlic Powder, Breadcrumb (Wheat), Herbs), Sugar, Diced Onions, Colours, Annatto, Curcumin, Salt, Garlic Puree, Scotch Bonnet Chilli Puree, Preservatives, Calcium Propionate, Potassium Sorbate",https://www.sainsburys.co.uk/gol-ui/product/island-delight-pattie--lamb-140g,,2024-08-20T20:03:05.779378-04:00
66-1867-DAI,Higgidy Slow Roasted Tomato Broccoli & Spinach Quiche 380g,Higgidy,"Dairy, eggs & chilled","Pies, pasties & quiche","All pies, pasties & quiche",,£4.60,,,£12.11 / kg,8195640.0,"Slow-Roasted Tomato, Broccoli & Spinach Quiche",,https://assets.sainsburys-groceries.co.uk/gol/8195640/1/640x640.jpg,"Nutrient	Per 100g	Per 1/4 Quiche
Energy	864kJ/ 207kcal	821kJ/ 196kcal
Fat	9.6g	9.1g
of which saturates	2.6g	2.5g
Carbohydrate	26.8g	25.4g
of which sugars	3.0g	2.9g
Fibre	3.1g	3.0g
Protein	4.3g	4.1g
Salt	0.79g	0.75g","Wheat Flour (contains Calcium Carbonate, Iron, Niacin, Thiamin), Oat Drink (Water, Oats, Rapeseed Oil, Sea Salt), Broccoli (13%), Water, Onions, Butternut Squash Purée, Marinated Tomato (Tomatoes, Sunflower Oil, Salt, Garlic, Oregano) (8%), Spinach (7%), Vegetable Oils (Sustainable Palm Oil*, Rapeseed Oil), Wholemeal Spelt Flour (Wheat), Rapeseed Oil, Cannellini Beans, Basil, Slow-Roasted Tomatoes, Cornflour, Salt, Golden Linseeds, Brown Linseeds, Poppy Seeds, Lemon Juice, Millet, Black Pepper, Cayenne Pepper, Paprika",https://www.sainsburys.co.uk/gol-ui/product/higgidy-slow-roasted-tomato-broccoli-spinach-quiche-380g,,2024-08-20T20:03:19.327400-04:00
66-1868-DAI,Sainsbury's Steak & Gravy Shortcrust Pastry Pie 200g,Sainsbury's,"Dairy, eggs & chilled",Discover,Simple meals,,£2.00,,,£1.00 / 100g,7986873.0,"British beef, onion and gravy encased in shortcrust pastry",,https://assets.sainsburys-groceries.co.uk/gol/7986873/1/640x640.jpg,,,https://www.sainsburys.co.uk/gol-ui/product/sainsburys-steak-gravy-shortcrust-pastry-pie-200g,,2024-08-20T20:03:40.980333-04:00
66-1869-DAI,Sainsbury's Steak Puff Pastry Pie 150g,Sainsbury's,"Dairy, eggs & chilled","Pies, pasties & quiche","All pies, pasties & quiche",,£1.20,,,80p / 100g,6308233.0,"British beef, onion and gravy in shortcrust pastry base topped with a puff pastry lid",,https://assets.sainsburys-groceries.co.uk/gol/6308233/1/640x640.jpg,,,https://www.sainsburys.co.uk/gol-ui/product/sainsburys-steak-puff-pastry-pie-150g,,2024-08-20T20:04:02.377903-04:00
66-1870-DAI,Higgidy Roasted Tomato & Greek Feta Quiche with Spinach,Higgidy,"Dairy, eggs & chilled","Pies, pasties & quiche","All pies, pasties & quiche",,£3.00,,,£1.94 / 100g,7529410.0,"Seeded spelt shortcrust pastry with spinach and Greek feta, mature Cheddar cheese and a free-range egg filling, hand-topped with roasted cherry tomatoes.",,https://assets.sainsburys-groceries.co.uk/gol/7529410/1/640x640.jpg,"Nutrient	Per 100g	Per Quiche
Energy	1023kJ/ 245kcal	1586kJ/ 380kcal
Fat	13.9g	21.5g
of which saturates	6.2g	9.4g
Carbohydrate	22.8g	35.3g
of which sugars	3.1g	4.9g
Fibre	2.5g	3.9g
Protein	8.9g	13.8g
Salt	0.74g	1.14g","Water, Wheat Flour (Contains Calcium Carbonate, Iron, Niacin, Thiamin), Free-Range Whole Egg, Feta Cheese (Milk) (8%), Spinach (8%), Roasted Tomato (8%) (Cherry Tomatoes, Sunflower Oil, Salt, Garlic, Oregano), Onions, Mature Cheddar Cheese (Milk), Vegetable Oils (Sustainable Palm Oil*, Rapeseed Oil), Wholemeal Spelt Flour (Wheat), Medium Fat Soft Cheese (Milk), Cannellini Beans, Dried Skimmed Milk, Slow-Roasted Tomatoes, Emmental Cheese (Milk), Butternut Squash Purée, Whipping Cream (Milk), Butter (Milk), Slow-Roasted Tomato Paste, Millet, Cornflour, Brown Linseeds, Golden Linseeds, Poppy Seeds, Salt, Nutmeg, Paprika, Cayenne Pepper, *www.higgidy.co.uk/palmoil",https://www.sainsburys.co.uk/gol-ui/product/higgidy-little-spinach---feta-quiche-110g,,2024-08-20T20:04:15.740231-04:00
66-1871-DAI,"Sainsbury's Chicken, Bacon & Leek Pie, Taste the Difference (Serves 1) 400g",Sainsbury's,"Dairy, eggs & chilled",Discover,Meals for tonight,,£4.25,,£3.50,£10.63 / kg,7964634.0,"British chicken, leeks and beechwood smoked British bacon with added water in cheese sauce topped with mashed potato and extra mature Cheddar cheese",,https://assets.sainsburys-groceries.co.uk/gol/7964634/1/640x640.jpg,,,https://www.sainsburys.co.uk/gol-ui/product/sainsburys-taste-the-difference-chicken-bacon-leek-pie-400g,,2024-08-20T20:04:32.178447-04:00
66-1872-DAI,Sainsbury's Summer Crustless Cheese & Onion Quiche 340g,Sainsbury's,"Dairy, eggs & chilled","Pies, pasties & quiche","All pies, pasties & quiche",,£3.00,,£2.50,88p / 100g,8181961.0,"A quiche made with extra mature Cheddar cheese, onion, Red Leicester cheese, mature Cheddar cheese and a creamy free range British egg custard on a shortcrust pastry base",,https://assets.sainsburys-groceries.co.uk/gol/8181961/1/640x640.jpg,,,https://www.sainsburys.co.uk/gol-ui/product/sainsburys-summer-crustless-cheese-onion-quiche-340g,,2024-08-20T20:04:48.421340-04:00
66-1873-DAI,Island Delight Jerk Chicken Pattie (Halal) 140g,Island,"Dairy, eggs & chilled","Pies, pasties & quiche",Pies,,£1.25,,,89p / 100g,7294318.0,"Jerk Chicken Pattie: Diced chicken simmered in traditional jerk seasoning, baked in a shortcrust pastry.",,https://assets.sainsburys-groceries.co.uk/gol/7294318/1/640x640.jpg,"Nutrient	per 100g
Energy kJ	1189kJ
Energy kcal	285kcal
Fat	14.1g
Of which saturates	6.7g
Carbohydrate	32g
Of which sugars	3.5g
Protein	7.1g
Salt	0.9g","Wheat Flour (Wheat Flour, Calcium Carbonate Iron, Niacin, Thiamin), Water, Margarine (Palm Oil, Salt, Water), Diced Chicken (11%), Seasoning Mix (Rusk (Wheat), Salt, Raising Agent (Ammonium Bicarbonate), Sugar, Modified Starch, Tomato Powder, Spices (contains Mustard, Celery), Potato Starch, Flavour Enhancer: Monosodium Glutamate, Salt, Hydrolysed Vegetable Protein (Soya), Onion Powder, Acidity Regulators: Sodium Acetate, Citric Acid, Herbs, Garlic Powder, Stabiliser: Methyl Cellulose, Citric Acid, Dextrose), Diced Onions, Vegetable Fat (Palm, Rapeseed), Sugar, Colours: Annatto, Curcumin, Salt, Garlic Puree, Scotch Bonnet Chilli Puree, Preservatives: Calcium Propionate, Potassium Sorbate",https://www.sainsburys.co.uk/gol-ui/product/island-delight-jerk-chicken-pattie-140g,,2024-08-20T20:05:01.595027-04:00
66-1874-DAI,Sainsbury's Chicken & Mushroom Puff Pastry Slices x2 300g,Sainsbury's,"Dairy, eggs & chilled",Discover,Simple meals,,£2.50,,,83p / 100g,647748.0,Chicken in a creamy mushroom sauce wrapped in puff pastry,,https://assets.sainsburys-groceries.co.uk/gol/647748/1/640x640.jpg,,,https://www.sainsburys.co.uk/gol-ui/product/sainsburys-chicken---mushroom-puff-pastry-slices-x2-330g,,2024-08-20T20:05:23.235627-04:00
66-1875-DAI,"Sainsbury's Plum Tomato, Mozzarella & Pesto Quiche, Taste the Difference 400g",Sainsbury's,"Dairy, eggs & chilled","Pies, pasties & quiche","All pies, pasties & quiche",,£3.95,,,99p / 100g,8011748.0,"A quiche made with plum tomatoes, mozzarella cheese, spinach, basil pesto and a creamy free range British egg custard in a buttery shortcrust pastry case",,https://assets.sainsburys-groceries.co.uk/gol/8011748/1/640x640.jpg,,,https://www.sainsburys.co.uk/gol-ui/product/sainsburys-baby-plum-tom-pesto-mozzarella-taste-the-difference-400g,,2024-08-20T20:05:44.744727-04:00
66-1876-DAI,Higgidy Spinach & Pine Nut Pie 270g,Higgidy,"Dairy, eggs & chilled",Discover,Simple meals,,£4.60,,,£1.84 / 100g,6609808.0,"Spinach, Greek Feta & Pine Nut Pie",,https://assets.sainsburys-groceries.co.uk/gol/6609808/1/640x640.jpg,"Nutrient	Per 100g	Per Pie
Energy	980kJ/ 234kcal	2449kJ/ 586kcal
Fat	14.3g	35.8g
of which saturates	7.1g	17.9g
Carbohydrate	17.5g	43.9g
of which sugars	2.3g	5.5g
Fibre	1.9g	4.8g
Protein	8.6g	21.5g
Salt	0.81g	2.01g","Water, Spinach (14%), Mature Cheddar Cheese (Milk), Wheat Flour (contains Calcium Carbonate, Iron, Niacin, Thiamin), Onions, Feta Cheese (Milk) (10%), Free-Range Whole Egg, Red Pepper (4.5%), Vegetable Oils (Sustainable Palm Oil*, Rapeseed Oil), Wholemeal Spelt Flour (Wheat), Cannellini Beans, Dried Skimmed Milk, Cornflour, Whipping Cream (Milk), Butternut Squash Purée, Pine Nuts, Butter (Milk), Golden Linseeds, Brown Linseeds, Salt, Poppy Seeds, Black Pepper, Nutmeg, Paprika, Cayenne Pepper, *www.higgidy.co.uk/palmoil",https://www.sainsburys.co.uk/gol-ui/product/higgidy-spinach--feta---pine-nut-pie-270g,,2024-08-20T20:05:58.061634-04:00
66-1877-DAI,Pukka Chicken & Bacon Pie 210g,Pukka,"Dairy, eggs & chilled","Pies, pasties & quiche","All pies, pasties & quiche",,£2.00,,£1.50,95p / 100g,8069867.0,"Tender pieces of chicken, smoked diced bacon with a creamy sauce, encased in a light puff pastry case.",,https://assets.sainsburys-groceries.co.uk/gol/8069867/1/640x640.jpg,"Nutrient	Amount per 100g	Amount per Pie
Energy	1008kj/ 241kcal	2147kj/ 513kcal
Fat	13.3g	28.3g
of which Saturates	6.2g	13.2g
Carbohydrate	22.6g	46.0g
of which Sugars	1.5g	3.0g
Fibre	1.1g	2.3g
Protein	8.4g	17.9g
Salt	1.1g	2.3g","Wheat Flour (contains: Wheat Flour, Calcium Carbonate, Iron, Niacin, Thiamine), Water, Margarine (contains: Palm & Rapeseed Fats & Oils, Water, Salt), Chicken (14%) (contains: Chicken, Modified, Maize Starch, Salt), Smoked Diced Bacon (10%) (contains: Pork, Water, Salt, Antioxidant: Sodium Ascorbate, Preservative: Sodium Nitrite), Onion, Double Cream (3.5%) (Milk), Modified Maize Starch, Rapeseed Oil, Chicken Stock, Garlic Puree, Salt, Flavour Enhancer: Monosodium Glutamate, Parsley, Black Pepper, White Pepper, Wheat Protein",https://www.sainsburys.co.uk/gol-ui/product/pukka-chicken-bacon-pie-210g,,2024-08-20T20:06:05.552672-04:00
66-1878-DAI,Pukka Beef Pasty 210g,Pukka,"Dairy, eggs & chilled","Pies, pasties & quiche","All pies, pasties & quiche",,£1.75,,£1.25,83p / 100g,8087870.0,"Seasoned minced beef, potato, swede and onion, wrapped in puff pastry.",,https://assets.sainsburys-groceries.co.uk/gol/8087870/1/640x640.jpg,"Nutrient	Amount per 100g	Amount per Pasty
Energy	1086kJ/ 260kcal	2281kJ/ 546kcal
Fat	15.3g	32.1g
of which Saturates	7.2g	15.1g
Carbohydrates	22.9g	48.1g
of which Sugars	2.6g	5.5g
Fibre	1.8g	3.7g
Protein	6.8g	14.4g
Salt	0.85g	1.79g","Wheat Flour (contains: Wheat Flour, Calcium Carbonate, Iron, Niacin, Thiamine), Potato (Sulphites) (22%), Beef (15%), Palm Oil, Swede (8%), Water, Onion (4%), Beef Fat, Cornflour, Seasoning (1.1%), Beef Stock (0.6%), Rapeseed Oil, Salt, Onion Powder, Wheat Protein, Flavour Enhancer: Monosodium Glutamate, Dextrose, Dried Skimmed Milk",https://www.sainsburys.co.uk/gol-ui/product/pukka-beef-pasty-227g,,2024-08-20T20:06:13.512090-04:00
66-1879-DAI,Sainsbury's Steak & Kidney Puff Pastry Pie 150g,Sainsbury's,"Dairy, eggs & chilled","Pies, pasties & quiche","All pies, pasties & quiche",,£1.20,,,80p / 100g,1145823.0,"British beef, kidney and gravy in shortcrust pastry base topped with a puff pastry lid",,https://assets.sainsburys-groceries.co.uk/gol/1145823/1/640x640.jpg,,,https://www.sainsburys.co.uk/gol-ui/product/sainsburys-steak---kidney-puff-pastry-pie-150g,,2024-08-20T20:06:34.976765-04:00
66-1880-DAI,Pukka Chicken & Bacon Slice 170g,Pukka,"Dairy, eggs & chilled","Pies, pasties & quiche","All pies, pasties & quiche",,£1.75,,,£1.03 / 100g,8087892.0,"Chicken and smoked bacon in a creamy sauce, wrapped in puff pastry.",,https://assets.sainsburys-groceries.co.uk/gol/8087892/1/640x640.jpg,"Nutrient	Amount per 100g	Amount per Slice
Energy	1001kJ/ 239kcal	1702kJ/ 406kcal
Fat	12.1g	20.6g
of which Saturates	5.8g	9.9g
Carbohydrates	23.1g	39.3g
of which Sugars	1.8g	3.1g
Fibre	1.2g	2.0g
Protein	9.1g	15.5g
Salt	0.88g	1.5g","Wheat Flour (contains: Wheat Flour, Calcium Carbonate, Iron, Niacin, Thiamine), Chicken (22%), Water, Palm Oil, Smoked Bacon (8%) (contains: Pork, Water, Salt, Antioxidant: Sodium Ascorbate, Preservative: Sodium Nitrate), Single Cream (Milk) (2.5%), Cornflour, Onion (1%), Rapeseed Oil, Chicken Stock (0.6%), Salt (0.1%), Tapioca Starch, Garlic Puree (0.2%), Wheat Protein, White Wine Vinegar, Flavour Enhancer: Monosodium Glutamate, Dextrose, Black Pepper (0.04%), White Pepper, Dried Skimmed Milk Powder",https://www.sainsburys.co.uk/gol-ui/product/pukka-chicken-bacon-slice-170g,,2024-08-20T20:06:48.229075-04:00
66-1881-DAI,"Sainsbury's Pork, Chicken & Wiltshire Ham Pie Summer Edition, Taste the Difference 445g",Sainsbury's,"Dairy, eggs & chilled","Pies, pasties & quiche","All pies, pasties & quiche",,£4.00,,£3.25,90p / 100g,8181933.0,"British pork, chicken and Wiltshire ham filling encased in hot water crust pastry",,https://assets.sainsburys-groceries.co.uk/gol/8181933/1/640x640.jpg,,,https://www.sainsburys.co.uk/gol-ui/product/sainsburys-pork-chicken-wiltshire-ham-pie-summer-edition-taste-the-difference-445g,,2024-08-20T20:07:04.459608-04:00
66-1882-DAI,Sainsbury's Cheesy Bean Slices x2 300g,Sainsbury's,"Dairy, eggs & chilled","Pies, pasties & quiche","All pies, pasties & quiche",,£2.50,,,83p / 100g,7879100.0,Baked beans in tomato sauce with mature Cheddar cheese wrapped in puff pastry,,https://assets.sainsburys-groceries.co.uk/gol/7879100/1/640x640.jpg,,,https://www.sainsburys.co.uk/gol-ui/product/sainsburys-cheesy-bean-slices-x2-330g,,2024-08-20T20:07:25.821343-04:00
66-1883-DAI,Sainsbury's Cheese & Onion Pasties x4 520g,Sainsbury's,"Dairy, eggs & chilled","Pies, pasties & quiche","All pies, pasties & quiche",,£3.00,,,58p / 100g,1373486.0,"Potato, Mature Cheddar cheese and onion in puff pastry",,https://assets.sainsburys-groceries.co.uk/gol/1373486/1/640x640.jpg,,,https://www.sainsburys.co.uk/gol-ui/product/sainsburys-cheese---onion-pasties-x4-600g,,2024-08-20T20:07:47.349442-04:00
66-1884-DAI,Sainsbury's Minced Beef & Onion Puff Pastry Pie 150g,Sainsbury's,"Dairy, eggs & chilled","Pies, pasties & quiche","All pies, pasties & quiche",,£1.20,,,80p / 100g,1145786.0,"British beef, onion and gravy in shortcrust pastry base topped with a puff pastry lid",,https://assets.sainsburys-groceries.co.uk/gol/1145786/1/640x640.jpg,,,https://www.sainsburys.co.uk/gol-ui/product/sainsburys-minced-beef---onion-puff-pastry-pie-150g,,2024-08-20T20:08:08.728670-04:00
66-1885-DAI,Sainsbury's Chicken & Bacon Puff Pastry Pie 500g,Sainsbury's,"Dairy, eggs & chilled",Discover,Simple meals,,£4.00,,,80p / 100g,7986982.0,"British chicken and diced cooked smoked bacon in shortcrust pastry base, topped with a puff pastry lid",,https://assets.sainsburys-groceries.co.uk/gol/7986982/1/640x640.jpg,,,https://www.sainsburys.co.uk/gol-ui/product/sainsburys-chicken-bacon-puff-pastry-pie-550g,,2024-08-20T20:08:30.287159-04:00
66-1886-DAI,Sainsbury's Mini Beef Pasties x10 300g,Sainsbury's,"Dairy, eggs & chilled","Pies, pasties & quiche","All pies, pasties & quiche",,£2.50,,,83p / 100g,7552394.0,"Seasoned beef with potato, carrot, onion and swede in a shortcrust pastry",,https://assets.sainsburys-groceries.co.uk/gol/7552394/1/640x640.jpg,,,https://www.sainsburys.co.uk/gol-ui/product/sainsburys-mini-beef-pasties-x10-300g,,2024-08-20T20:08:51.878497-04:00
66-1887-DAI,"Sainsbury's Steak & Cornish Ale Pie, Taste the Difference 250g",Sainsbury's,"Dairy, eggs & chilled","Pies, pasties & quiche","All pies, pasties & quiche",,£4.00,,£3.50,£1.60 / 100g,7986783.0,British beef with Proper Job ale in shortcrust pastry base topped with a butter enriched puff pastry lid and cracked black pepper crumb sprinkle,,https://assets.sainsburys-groceries.co.uk/gol/7986783/1/640x640.jpg,,,https://www.sainsburys.co.uk/gol-ui/product/sainsburys-steak-cornish-ale-pie-taste-the-difference-250g,,2024-08-20T20:09:08.288582-04:00
66-1888-DAI,Higgidy Chicken & Ham Hock Pie 250g,Higgidy,"Dairy, eggs & chilled",Discover,Simple meals,,£4.70,,,£1.88 / 100g,7168091.0,"Creamy Chicken, Ham Hock & Leek Pie",,https://assets.sainsburys-groceries.co.uk/gol/7168091/1/640x640.jpg,"Nutrient	Per 100g	Per Pie
Energy	1015kJ/ 244kcal	2538kJ/ 609kcal
Fat	12.3g	30.8g
of which saturates	6.4g	16.2g
Carbohydrate	22.2g	55.5g
of which sugars	1.3g	3.2g
Fibre	1.9g	4.6g
Protein	10.6g	26.6g
Salt	0.83g	2.07g","Wheat Flour (contains Calcium Carbonate, Iron, Niacin, Thiamin), Free-Range Chicken (21%), Leek (10%), Water, Butter (Milk), Crème Fraîche (Milk), Onions, Dry White Wine (5%), Ham Hock (4.5%) (Pork, Salt, Preservative: Sodium Nitrite), Cannellini Beans, Chicken Stock, Dijon Mustard, Butternut Squash Purée, Rapeseed Oil, Free-Range Egg Yolk, Salt, Thyme, Cayenne Pepper",https://www.sainsburys.co.uk/gol-ui/product/higgidy-chicken-pot-pie-with-leek---ham-250g,,2024-08-20T20:09:21.157010-04:00
66-1889-DAI,Ginsters Vegan Quorn Pasty 180g,Ginsters,"Dairy, eggs & chilled","Pies, pasties & quiche",Pies,,£1.95,,£1.25,£10.83 / kg,8027519.0,"Marinated vegan pieces, made with mycoprotein, potato, onion and swede, distinctly seasoned with pepper, encased in light puff pastry.",,https://assets.sainsburys-groceries.co.uk/gol/8027519/1/640x640.jpg,"Nutrient	Per 100g
Energy	1012kJ/ 242kcal
Fat	13.2g
Saturates	6.4g
Carbohydrate	23.1g
Sugars	2.0g
Fibre	2.7g
Protein	6.4g
Salt	0.67g","Potato, Wheat Flour (Calcium Carbonate, Iron, Niacin, Thiamin), Vegetable Oil (Palm, Rapeseed, Sunflower), Quorn™ Pieces (12%) (Mycoprotein, Potato Protein, Pea Protein, Firming Agents: Calcium Chloride, Calcium Acetate; Natural Flavouring, Wheat Gluten, Pea Fibre, Stabilisers: Carrageenan, Sodium Alginate), Water, Onion, Swede, Yeast Extract, Cornflour, Salt, Barley Malt Powder, Cracked Pepper, Tomato Purée, Pea Protein, Mustard Flour, Colour: Caramelised Sugar Powder, Mustard Seeds, Dextrose, White Wine Vinegar, Rosemary, Mustard Bran, Sugar",https://www.sainsburys.co.uk/gol-ui/product/ginsters-vegan-quorn-pasty,,2024-08-20T20:09:29.002637-04:00
66-1890-DAI,Sainsbury's Free From Cheese & Onion Quiche 170g,Sainsbury's,"Dairy, eggs & chilled","Pies, pasties & quiche","All pies, pasties & quiche",,£2.35,,,£1.38 / 100g,7807187.0,"Onion, extra mature Cheddar cheese, medium fat hard cheese and Red Leicester quiche in a rice flour, maize flour and potato starch pastry",,https://assets.sainsburys-groceries.co.uk/gol/7807187/1/640x640.jpg,,,https://www.sainsburys.co.uk/gol-ui/product/sainsburys-freefrom-cheese---onion-quiche-170g,,2024-08-20T20:09:50.666043-04:00
66-1891-DAI,Ginsters Chicken Tikka Slice 170g,Ginsters,"Dairy, eggs & chilled","Pies, pasties & quiche","All pies, pasties & quiche",,£1.95,,£1.25,£1.15 / 100g,7638314.0,"British chicken thigh with tomato, potato and onion in a spicy tikka sauce, encased in light puff pastry.",,https://assets.sainsburys-groceries.co.uk/gol/7638314/1/640x640.jpg,"Nutrient	Per 100g
Energy	1185kJ/ 284kcal
Fat	17.9g
Saturates	7.8g
Carbohydrate	21.7g
Sugars	1.9g
Fibre	1.7g
Protein	8.2g
Salt	0.55g","Wheat Flour (Calcium Carbonate, Iron, Niacin, Thiamin), British Chicken Thigh (22%), Tomato, Vegetable Oil (Palm, Rapeseed, Sunflower), Potato, Onion, Tomato Purée, Single Cream (Milk), Cornflour, Egg, Spices, Salt, Coriander, Milk, Coconut, Sugar, Demerara Sugar, Spirit Vinegar, Lemon Juice Concentrate, Garlic Purée, Mustard, Colour: Paprika Extract",https://www.sainsburys.co.uk/gol-ui/product/ginsters-spicy-chicken-slice-170g,,2024-08-20T20:09:58.637423-04:00
66-1892-DAI,Sainsbury's Snack Pork Pies x2 130g,Sainsbury's,"Dairy, eggs & chilled","Pies, pasties & quiche","All pies, pasties & quiche",,£1.75,,,£1.35 / 100g,282901.0,"Seasoned, cured pork baked in pastry",,https://assets.sainsburys-groceries.co.uk/gol/282901/1/640x640.jpg,,,https://www.sainsburys.co.uk/gol-ui/product/sainsburys-crusty-bake-snack-pork-pies-x2-130g,,2024-08-20T20:10:19.878909-04:00
66-1893-DAI,Higgidy Cheddar & Roasted Shallot Quiche 400g,Higgidy,"Dairy, eggs & chilled","Pies, pasties & quiche","All pies, pasties & quiche",,£4.60,,£3.50,£1.15 / 100g,7563907.0,Vintage Cheddar & Roasted Shallot Quiche,,https://assets.sainsburys-groceries.co.uk/gol/7563907/1/640x640.jpg,"Nutrient	Per 100g	Per 1/4 Quiche
Energy	1105kJ/ 264kcal	1105kJ/ 264kcal
Fat	15.8g	15.8g
of which saturates	6.1g	6.1g
Carbohydrate	23.2g	23.2g
of which sugars	2.9g	2.9g
Fibre	2.1g	2.1g
Protein	7.9g	7.9g
Salt	0.64g	0.64g","Water, Onions, Wheat Flour (contains Calcium Carbonate, Iron, Niacin, Thiamin), Free-Range Whole Egg, Mature Cheddar Cheese (Milk), Vegetable Oils (Sustainable Palm Oil*, Rapeseed Oil), Vintage Cheddar Cheese (Milk) (4%), Roasted Shallots (4%) (Shallots, Rapeseed Oil), Wholemeal Spelt Flour (Wheat), Dried Skimmed Milk, Rapeseed Oil, Cannellini Beans, Medium Fat Soft Cheese (Milk), Red Leicester Cheese (Milk) (contains Colour: Beta Carotene), Whipping Cream (Milk), Butternut Squash Purée, Butter (Milk), Dijon Mustard, Cornflour, Sugar, White Wine Vinegar, Golden Linseeds, Brown Linseeds, Poppy Seeds, Salt, Cayenne Pepper, Paprika, Black Pepper, Yeast, *www.higgidy.co.uk/palmoil",https://www.sainsburys.co.uk/gol-ui/product/higgidy-balsamic-onion---cheddar-quiche-400g,,2024-08-20T20:10:28.285450-04:00
66-1894-DAI,Sainsbury's Green Veg & Mozzarella Risotto Balls x6 300g,Sainsbury's,"Dairy, eggs & chilled","Pies, pasties & quiche","All pies, pasties & quiche",,£3.00,,,£10.00 / kg,7608982.0,"Vegetables and Arborio rice encasing a mozzarella cheese centre, coated in crispy lemon and basil breadcrumb",,https://assets.sainsburys-groceries.co.uk/gol/7608982/1/640x640.jpg,,,https://www.sainsburys.co.uk/gol-ui/product/sainsburys-green-vegetable-risotto-kiev-300g,,2024-08-20T20:10:49.913792-04:00
66-1895-DAI,Pork Farms Medium Crusty Pork Pie 295g,Pork,"Dairy, eggs & chilled",Discover,Picnic essentials,,£2.35,,£1.75,80p / 100g,7559029.0,Seasoned uncured pork baked in pastry.,,https://assets.sainsburys-groceries.co.uk/gol/7559029/1/640x640.jpg,"Nutrient	per 100g:
Energy	1478kJ/ 355kcal
Fat	23.3g
of which saturates	9.1g
Carbohydrate	27.5g
of which sugars	1.3g
Fibre	1.3g
Protein	9.4g
Salt	1.2g","Fortified Wheat Flour (Wheat Flour, Calcium Carbonate, Iron, Niacin, Thiamin), British Pork (28%), Water, Pork Lard, British Pork Fat, Salt, Pork Gelatine, Pasteurised Egg, Potato Starch, Pork Stock, Tomato Concentrate, Sugar, White Pepper, Yeast Extract, Mushroom Concentrate, Balsamic Vinegar (Red Wine Vinegar, Grape Must), Dextrose, Brown Sugar, Extra Virgin Olive Oil, Cornflour, Onion Juice Concentrate Tomato Paste, Garlic Juice Concentrate",https://www.sainsburys.co.uk/gol-ui/product/pork-farms-medium-pork-pie-295g,,2024-08-20T20:10:57.729788-04:00
66-1896-DAI,Sainsbury's Chicken & Mushroom Puff Pastry Pie 150g,Sainsbury's,"Dairy, eggs & chilled","Pies, pasties & quiche","All pies, pasties & quiche",,£1.20,,,80p / 100g,1145809.0,"British chicken, mushroom and onion in a mushroom sauce in shortcrust pastry base topped with puff pastry lid",,https://assets.sainsburys-groceries.co.uk/gol/1145809/1/640x640.jpg,,,https://www.sainsburys.co.uk/gol-ui/product/sainsburys-chicken---mushroom-puff-pastry-pie-150g,,2024-08-20T20:11:18.469308-04:00
66-1897-DAI,"Sainsbury's All Day Breakfast Soft Set Scotch Egg Summer Edition, Taste the Difference 130g",Sainsbury's,"Dairy, eggs & chilled","Pies, pasties & quiche","All pies, pasties & quiche",,£2.50,,£2.00,£1.92 / 100g,8181931.0,"A soft set scotch egg in seasoned sausage meat with outdoor bred smoked bacon and semi dried tomatoes, coated in batter and breadcrumbs",,https://assets.sainsburys-groceries.co.uk/gol/8181931/1/640x640.jpg,,,https://www.sainsburys.co.uk/gol-ui/product/sainsburys-all-day-breakfast-soft-set-scotch-egg-summer-edition-taste-the-difference-130g,,2024-08-20T20:11:34.433839-04:00
66-1898-DAI,Higgidy Garlic Roasted Broccoli & Vintage Cheddar Quiche 400g,Higgidy,"Dairy, eggs & chilled","Pies, pasties & quiche","All pies, pasties & quiche",,£4.60,,£3.50,£1.15 / 100g,8188520.0,Garlic-Roasted Broccoli & Vintage Cheddar Quiche,,https://assets.sainsburys-groceries.co.uk/gol/8188520/1/640x640.jpg,"Nutrient	Per 100g	Per 1/4 Quiche
Energy	1074kJ/ 257kcal	1074kJ/ 257kcal
Fat	15.2g	15.2g
of which saturates	6.3g	6.3g
Carbohydrate	21.9g	21.9g
of which sugars	2.4g	2.4g
Fibre	2.3g	2.3g
Protein	8.7g	8.7g
Salt	0.60g	0.60g","Water, Broccoli (21%), Wheat Flour (contains Calcium Carbonate, Iron, Niacin, Thiamin), Mature Cheddar Cheese (Milk), Onions, Vegetable Oils (Sustainable Palm Oil*, Rapeseed Oil), Free-Range Whole Egg, Rapeseed Oil, Wholemeal Spelt Flour (Wheat), Red Leicester Cheese (contains Colour: Beta Carotene) (Milk) (3%), Medium Fat Soft Cheese (Milk), Cannellini Beans, Vintage Cheddar Cheese (Milk) (2%), Dried Skimmed Milk, Butternut Squash Purée, Parsley, Whipping Cream (Milk), Emmental Cheese (Milk), Dijon Mustard, Butter (Milk), Cornflour, Brown Linseeds, Golden Linseeds, Poppy Seeds, Garlic Purée, Salt, Paprika, Cayenne Pepper, *www.higgidy.co.uk/palmoil",https://www.sainsburys.co.uk/gol-ui/product/higgidy-garlic-roasted-broccoli-vintage-cheddar-quiche-400g,,2024-08-20T20:11:43.555171-04:00
66-1899-DAI,Island Delight Vegetable Pattie 140g,Island,"Dairy, eggs & chilled","Pies, pasties & quiche",Pies,,£1.25,,,89p / 100g,3341506.0,"Vegetable Pattie: A selection of tender mixed vegetables cooked in a special blend of spices, baked in a shortcrust pastry.",,https://assets.sainsburys-groceries.co.uk/gol/3341506/1/640x640.jpg,"Nutrient	per 100g
Energy kJ	1191kJ
Energy kcal	286kcal
Fat	14.6g
Of which saturates	7.2g
Carbohydrate	32.6g
Of which sugars	3.4g
Protein	5.5g
Salt	0.8g","Wheat Flour (Wheat Flour, Calcium Carbonate, Iron, Niacin, Thiamin), Mixed Vegetables (33%) (Diced Sweet Potatoes, Diced Carrots, Diced Butternut Squash, Peas, Diced Onions, Green Beans, Broad Beans, Sweetcorn), Margarine (Palm Oil, Salt, Water), Vegetable Fat (Palm, Rapeseed), Water, Seasoning Mix (Spices (contains Mustard, Celery), Cornflour, Salt, Modified Starch, Flavour Enhancer: Monosodium Glutamate; Wheat Flour (Wheat Flour, Calcium Carbonate, Iron, Niacin, Thiamin), Hydrolysed Vegetable Protein (Soya), Garlic Powder, Onion Powder, Herb, Black Pepper Extract, Colour: Ammonia Caramel), Sugar, Colours: Annatto, Curcumin, Salt, Garlic Puree, Scotch Bonnet Chilli Puree, Preservatives: Calcium Propionate, Potassium Sorbate",https://www.sainsburys.co.uk/gol-ui/product/island-delight-pattie--vegetable-140g,,2024-08-20T20:11:56.681185-04:00
66-1900-DAI,Higgidy Steak & Ale Pie 250g,Higgidy,"Dairy, eggs & chilled","Pies, pasties & quiche","All pies, pasties & quiche",,£4.70,,,£1.88 / 100g,8034899.0,"All-butter shortcrust pastry with the best cuts of tender, slow-cooked British beef in a rich Sussex ale gravy, with baby onions and carrots, and hand-finished with an all-butter puff pastry lid, topped with cracked black pepper.",,https://assets.sainsburys-groceries.co.uk/gol/8034899/1/640x640.jpg,"Nutrient	Per 100g	Per Pie
Energy	839kJ/ 201kcal	2098kJ/ 503kcal
Fat	7.9g	19.9g
of which saturates	4.7g	11.7g
Carbohydrate	22.5g	56.1g
of which sugars	1.8g	4.7g
Fibre	1.8g	4.7g
Protein	9.6g	23.9g
Salt	0.59g	1.47g","Beef (29%), Wheat Flour (contains Calcium Carbonate, Niacin, Iron, Thiamin), Ale (Barley) (10%), Butter (Milk), Water, Chopped Tomatoes (Tomatoes, Tomato Juice), Carrot, Silverskin Onions (5%), Onions, Cannellini Beans, Butternut Squash Purée, Cornflour, Worcester Sauce (contains Barley), Salt, Free-Range Egg Yolk, Tomato Purée, Beef Stock, Garlic Purée, Barley Malt Extract, Black Pepper, Thyme, Rosemary, Cayenne Pepper",https://www.sainsburys.co.uk/gol-ui/product/higgidy-steak-ale-pie-250g,,2024-08-20T20:12:09.995843-04:00
66-1901-DAI,"Sainsbury's Free From Caramelised Onion & Taw Valley Cheddar Quiche, Taste the Difference 170g",Sainsbury's,"Dairy, eggs & chilled","Pies, pasties & quiche","All pies, pasties & quiche",,£3.00,,,£1.76 / 100g,8160505.0,"Caramelised onions, extra mature Cheddar cheese and Taw Valley Cheddar cheese quiche in a rice flour, maize flour and potato starch pastry",,https://assets.sainsburys-groceries.co.uk/gol/8160505/1/640x640.jpg,,,https://www.sainsburys.co.uk/gol-ui/product/sainsburys-free-from-caramelised-onion-taw-valley-cheddar-quiche-taste-the-difference-170g,,2024-08-20T20:12:31.152619-04:00
66-1902-DAI,Sainsbury's Mushroom & Farmhouse Cheddar Quiche 400g,Sainsbury's,"Dairy, eggs & chilled","Pies, pasties & quiche","All pies, pasties & quiche",,£3.00,,£2.50,75p / 100g,6395515.0,"A quiche made with a blend of sautéed mushrooms, extra mature Cheddar cheese and a creamy free range egg custard in a shortcrust pastry case",,https://assets.sainsburys-groceries.co.uk/gol/6395515/1/640x640.jpg,,,https://www.sainsburys.co.uk/gol-ui/product/sainsburys-mushroom---farmhouse-cheddar-quiche-400g,,2024-08-20T20:12:47.851438-04:00
66-1903-DAI,Higgidy Three Cheese Cauliflower & Broccoli Pie,Higgidy,"Dairy, eggs & chilled","Pies, pasties & quiche","All pies, pasties & quiche",,£4.60,,,£1.84 / 100g,8058215.0,"Higgidy Three Cheese, Cauliflower & Broccoli Pie 250g",,https://assets.sainsburys-groceries.co.uk/gol/8058215/1/640x640.jpg,"Nutrient	Per 100g	Per Pie
Energy	1043kJ/ 249kcal	2607kJ/ 624kcal
Fat	15.3g	38.2g
of which saturates	7.4g	18.4g
Carbohydrate	20.2g	50.5g
of which sugars	2.2g	5.7g
Fibre	2.1g	5.4g
Protein	8.2g	20.3g
Salt	0.65g	1.62g","Water, Wheat Flour (contains Calcium Carbonate, Iron, Niacin, Thiamin), Cauliflower (12%), Mature Cheddar Cheese (Milk) (10%), Broccoli (10%), Onions, Potato, Red Leicester Cheese (Milk) (5%) (contains Colour: Beta Carotene), Vegetable Oils (Sustainable Palm Oil*, Rapeseed Oil), Whipping Cream (Milk), Emmental Cheese (Milk) (2.5%), Wholemeal Spelt Flour (Wheat), Cannellini Beans, Dijon Mustard, Dried Skimmed Milk, Butter (Milk), Butternut Squash Purée, Garlic Purée, Cornflour, Thyme, Brown Linseeds, Golden Linseeds, Poppy Seeds, Salt, Black Pepper, Cayenne Pepper, Paprika, Yeast, *www.higgidy.co.uk/palmoil",https://www.sainsburys.co.uk/gol-ui/product/higgidy-family-kitchen-veggie-cauliflower-cheese-broccoli-pie-250g,,2024-08-20T20:13:01.236907-04:00
66-1904-DAI,Sainsbury's Crustless Broccoli Tomato & Cheese Quiche 150g,Sainsbury's,"Dairy, eggs & chilled","Pies, pasties & quiche","All pies, pasties & quiche",,£2.00,,,£1.33 / 100g,8062493.0,"A quiche made with broccoli florets, extra mature Cheddar cheese and a creamy egg custard on a shortcrust pastry case, topped with cherry tomatoes",,https://assets.sainsburys-groceries.co.uk/gol/8062493/1/640x640.jpg,,,https://www.sainsburys.co.uk/gol-ui/product/sainsburys-crustless-broccoli-tomato-cheese-quiche-150g,,2024-08-20T20:13:23.178813-04:00
66-1905-DAI,Higgidy Mediterranean Pepper & Feta Quiche 400g,Higgidy,"Dairy, eggs & chilled","Pies, pasties & quiche","All pies, pasties & quiche",,£4.60,,£3.50,£1.15 / 100g,8069875.0,"Seeded spelt shortcrust pastry packed with red pepper tapenade, sautéed onions and basil in a free-range egg filling, hand-topped with red and yellow peppers and crumbled Greek feta.",,https://assets.sainsburys-groceries.co.uk/gol/8069875/1/640x640.jpg,"Nutrient	Per 100g	Per 1/4 Quiche
Energy	1022kJ/ 245kcal	1022kJ/ 245kcal
Fat	14.3g	14.3g
of which saturates	6.2g	6.2g
Carbohydrate	21.5g	21.5g
of which sugars	3.5g	3.5g
Fibre	2.2g	2.2g
Protein	7.9g	7.9g
Salt	0.61g	0.61g","Water, Wheat Flour (contains Calcium Carbonate, Iron, Niacin, Thiamin), Peppers (15%) (Red Peppers, Yellow Peppers), Onions, Mature Cheddar Cheese (Milk), Free-Range Whole Egg, Slow-Roasted Red Pepper Tapenade (Red Peppers, Rapeseed Oil, Tomato Concentrate, Olive Oil, Salt, Concentrated Lemon Juice, Garlic, Sugar), Carrot, Vegetable Oils (Sustainable Palm Oil*, Rapeseed Oil), Feta Cheese (Milk) (4%), Wholemeal Spelt Flour (Wheat), Cannellini Beans, Dried Skimmed Milk, Butternut Squash Purée, Whipping Cream (Milk), Basil, Cornflour, Butter (Milk), Brown Linseeds, Golden Linseeds, Garlic Purée, Poppy Seeds, Salt, Paprika, Cayenne Pepper, *www.higgidy.co.uk/palmoil",https://www.sainsburys.co.uk/gol-ui/product/higgidy-family-kitchen-mediterranean-pepper-feta-quiche-400g,,2024-08-20T20:13:30.599247-04:00
66-1906-DAI,Higgidy Porcini Mushroom & Spinach Vegan Quiche 155g,Higgidy,"Dairy, eggs & chilled","Pies, pasties & quiche","All pies, pasties & quiche",,£3.40,,,£21.94 / kg,8058079.0,"Seeded spelt shortcrust pastry with white, chestnut and porcini mushrooms, spinach and a hint of garlic and lemon in a creamy oat filling, hand-topped with a crispy kale crumb.",,https://assets.sainsburys-groceries.co.uk/gol/8058079/1/640x640.jpg,"Nutrient	Per 100g	Per Quiche
Energy	972kJ/ 232kcal	1506kJ/ 360kcal
Fat	12.1g	18.8g
of which saturates	3.1g	4.7g
Carbohydrate	28.2g	43.8g
of which sugars	1.8g	2.9g
Fibre	2.7g	4.2g
Protein	4.5g	7.0g
Salt	0.74g	1.15g","Oat Drink (Water, Oats, Rapeseed Oil, Sea Salt), Wheat Flour (contains Calcium Carbonate, Iron, Niacin, Thiamin), Mushrooms (18%) (White, Chestnut, Porcini), Water, Onions, Spinach (8%), Vegetable Oils (Sustainable Palm Oil*, Rapeseed Oil), Wholemeal Spelt Flour (Wheat), Food Preparation with Palm Oil (Water, Sustainable Palm Oil*, Modified Potato Starch, Salt, Colour: Beta Carotene), Cannellini Beans, Cornflour, Butternut Squash Purée, Lemon Juice, Kale, Salt, Parsley, Garlic Purée, Brown Linseeds, Golden Linseeds, Poppy Seeds, Black Pepper, Millet, Paprika, Cayenne Pepper, Yeast, *www.higgidy.co.uk/palmoil",https://www.sainsburys.co.uk/gol-ui/product/higgidy-mediterranean-pepper-feta-quiche-with-sun-ripened-tomatoes-155g,,2024-08-20T20:13:43.659104-04:00
66-1907-DAI,Sainsbury's Mini Caramelised Onion Pork Pies x6 300g,Sainsbury's,"Dairy, eggs & chilled","Pies, pasties & quiche",Pork pies,,£2.95,,£2.50,98p / 100g,8049086.0,"Mini pork pies with seasoned, uncured pork, blended with caramelised onion chutney baked in pastry",,https://assets.sainsburys-groceries.co.uk/gol/8049086/1/640x640.jpg,,,https://www.sainsburys.co.uk/gol-ui/product/sainsburys-mini-caramelised-onion-pork-pies-x6-300g,,2024-08-20T20:13:59.747303-04:00
66-1908-DAI,Sainsbury's Pork & Pickle Snack Pie x2 130g,Sainsbury's,"Dairy, eggs & chilled","Pies, pasties & quiche","All pies, pasties & quiche",,£1.75,,,£1.35 / 100g,7690629.0,Seasoned uncured pork with pickle baked in pastry,,https://assets.sainsburys-groceries.co.uk/gol/7690629/1/640x640.jpg,,,https://www.sainsburys.co.uk/gol-ui/product/sainsburys-pork---pickle-snack-pie-x2-130g,,2024-08-20T20:14:21.113547-04:00
66-1909-DAI,Island Delight Jerk Beef Pattie (Halal) 140g,Island,"Dairy, eggs & chilled","Pies, pasties & quiche",Pies,,£1.25,,,89p / 100g,7509913.0,"Minced Beef simmered with traditional jerk seasoning, baked in a shortcrust pastry.",,https://assets.sainsburys-groceries.co.uk/gol/7509913/1/640x640.jpg,"Nutrient	per 100g
Energy kJ	1276kJ
Energy kcal	306kcal
Fat	15.9g
Of which saturates	7.7g
Carbohydrate	35.2g
Of which sugars	3.6g
Protein	6.7g
Salt	1.10g","Wheat Flour (Wheat Flour, Calcium Carbonate, Iron, Niacin, Thiamin), Water, Margarine (Palm Oil, Salt, Water), Minced Beef (10%), Seasoning Mix (Rusk (Wheat), Salt, Raising Agent (Ammonium Bicarbonate), Sugar, Modified Starch, Spices (contains Mustard, Celery), Tomato Powder, Potato Starch, Flavour Enhancer: Monosodium Glutamate, Salt, Hydrolysed Vegetable Protein (Soya), Onion Powder, Flavouring, Dextrose, Acidity Regulator: Sodium Diacetate, Garlic Powder, Herb, Caramelised Sugar, Stabiliser: Methyl Cellulose), Diced Onions, Vegetable Fat (Palm, Rapeseed), Sugar, Colours: Annatto, Curcumin, Salt, Garlic Puree, Scotch Bonnet Chilli Puree, Preservatives: Calcium Propionate, Potassium Sorbate",https://www.sainsburys.co.uk/gol-ui/product/island-delight-jerk-beef-patty-140g,,2024-08-20T20:14:34.244295-04:00
66-1910-DAI,Sainsbury's Cheese & Onion Rolls x2 120g,Sainsbury's,"Dairy, eggs & chilled","Pies, pasties & quiche","All pies, pasties & quiche",,95p,,,79p / 100g,1090581.0,"Onion, soft cheese, potato and mature Cheddar cheese wrapped in puff pastry",,https://assets.sainsburys-groceries.co.uk/gol/1090581/1/640x640.jpg,,,https://www.sainsburys.co.uk/gol-ui/product/sainsburys-cheese-onion-rolls-x2-120g,,2024-08-20T20:14:55.544990-04:00
66-1911-DAI,Sainsbury's Pork & Caramelised Onion Scotch Egg 113g,Sainsbury's,"Dairy, eggs & chilled","Pies, pasties & quiche","All pies, pasties & quiche",,£1.35,,,£1.19 / 100g,8057925.0,"Seasoned British pork sausagemeat with caramelised onion, filled with a whole egg and coated in breadcrumbs",,https://assets.sainsburys-groceries.co.uk/gol/8057925/1/640x640.jpg,,,https://www.sainsburys.co.uk/gol-ui/product/sainsburys-summer-edition-pork-caramelised-onion-scotch-egg-113g,,2024-08-20T20:15:17.050550-04:00
66-1912-DAI,Too Good To Be Gluten Free Pork Pie 130g,Too,"Dairy, eggs & chilled","Pies, pasties & quiche","All pies, pasties & quiche",,£2.50,,,£1.92 / 100g,7826336.0,Gluten free hot water pastry with seasoned pork.,130 g,https://assets.sainsburys-groceries.co.uk/gol/7826336/1/640x640.jpg,"Nutrient	Per 100g	Per 130g Serving	Ref. Intake	Adult RI
Energy - Kj	1488	1934kJ	23%	8400
Energy - Kcal	358	466kcal	-	2000
Fat	25.0g	32.5g	47%	70g
of which saturates	9.4g	12.2g	60%	20g
Carbohydrate	24.0g	31.2g	-	260g
of which sugars	1.3g	1.7g	2%	90g
Fibre	0.8g	1.0g	-	-
Protein	8.7g	11.3g	-	50g
Salt	0.89g	1.16g	20%	6g","Pork (35%), Potato Starch, Pork Lard, Rice Flour, Maize Flour, Water, Pork Fat, Pasteurised Free Range Egg, Stabilisers: Xanthan Gum, Guar Gum, Salt, Pork Gelatine, Baking Powder [Raising Agents (Diphosphates, Sodium Carbonates), Rice Flour], Dextrose, Tapioca Starch, Sugar, Yeast Extract, Ground Black Pepper, Nutmeg, Mace, Antioxidant: Ascorbic Acid, Ground White Pepper, Cayenne Pepper",https://www.sainsburys.co.uk/gol-ui/product/nog-pork-pie-130g,,2024-08-20T20:15:29.869782-04:00
66-1913-DAI,Pukka Vegan Sausage Roll 130g,Pukka,"Dairy, eggs & chilled","Pies, pasties & quiche",Slices & pasties,,£1.75,,£1.25,£13.46 / kg,8113339.0,"Seasoned pea protein and couscous, wrapped in puff pastry.",,https://assets.sainsburys-groceries.co.uk/gol/8113339/1/640x640.jpg,"Nutrient	Amount per 100g	Amount per Roll
Energy	1192kj/ 285kcal	1550kj/ 371kcal
Fat	14.6g	19.0g
of which Saturates	5.1g	6.6g
Carbohydrates	29.0g	37.7g
of which Sugars	2.0g	2.6g
Fibre	2.3g	3.0g
Protein	8.3g	10.8g
Salt	1.69g	2.20g","Water, Wheat Flour (contains: Wheat Flour, Calcium Carbonate, Iron, Niacin, Thiamine), Palm Oil, Pea Protein (6%), Rapeseed Oil, Couscous (Wheat) (3%), Potato Starch, Seasoning, Onion (1.5%), Salt (0.4%), Methylcellulose, Cornflour, Yeast Extract, Sage (0.4%), Onion Powder, Wheat Protein, Herb & Spice Extract (0.1%) (contains: Black Pepper, Mace, Nutmeg, Ginger, Cayenne, Sage, Marjoram), Flavour Enhancer: Monosoduim Glutamate",https://www.sainsburys.co.uk/gol-ui/product/pukka-vegan-sausage-roll-130g,,2024-08-20T20:15:37.846909-04:00
66-1914-DAI,Sainsbury's Chicken Tikka Slice x2 300g,Sainsbury's,"Dairy, eggs & chilled","Pies, pasties & quiche","All pies, pasties & quiche",,£2.50,,,83p / 100g,7952528.0,Chicken in a mild tikka sauce wrapped in puff pastry,,https://assets.sainsburys-groceries.co.uk/gol/7952528/1/640x640.jpg,,,https://www.sainsburys.co.uk/gol-ui/product/sainsburys-2pk-chicken-tikka-slice-330g,,2024-08-20T20:15:59.809989-04:00
66-1915-DAI,Ginsters Butter Chicken Bake 117g,Ginsters,"Dairy, eggs & chilled","Pies, pasties & quiche","All pies, pasties & quiche",,£1.50,,,£1.28 / 100g,8189093.0,"100% British Chicken cooked in a rich butter sauce with a blend of spices, coconut, and lemon, encased in a light puff pastry.",,https://assets.sainsburys-groceries.co.uk/gol/8189093/1/640x640.jpg,"Nutrient	Per 100g
Energy	1215kJ/ 291kcal
Fat	17.7g
Saturates	9.0g
Carbohydrate	24.6g
Sugars	1.4g
Fibre	1.2g
Protein	7.9g
Salt	0.85g","Wheat Flour (with Calcium Carbonate, Iron, Niacin, Thiamin), British Chicken (22%), Water, Vegetable Oils (Palm, Rapeseed, Sunflower), Double Cream (Milk), Onion, Tomatoes, Cornflour, Butter (1.5%) (Milk), Spices (Coriander, Turmeric, Cumin, Black Pepper, Cardamom, Ginger, Cayenne Chilli Powder, Cloves, Allspice, Nutmeg, Chilli Powder, Paprika, Cassia), Egg, Milk, Tapioca Starch, Tomato Purée, Sea Salt, Salt, Garlic Purée, Ginger Purée, Coconut, Nigella Seeds, Lemon Zest, Sugar, Spirit Vinegar, Concentrated Lemon Juice, Mustard Powder, Ground Bay",https://www.sainsburys.co.uk/gol-ui/product/ginsters-butter-chicken-bake-117g,,2024-08-20T20:16:13.188425-04:00
66-1916-DAI,"Sainsbury's Summer Cheese, Tomato & Basil Quiche 400g",Sainsbury's,"Dairy, eggs & chilled","Pies, pasties & quiche","All pies, pasties & quiche",,£3.00,,£2.50,75p / 100g,8181963.0,"A quiche made with a tomato, extra mature Cheddar cheese, Red Leicester cheese, basil and a creamy free range British egg custard in a shortcrust pastry case",,https://assets.sainsburys-groceries.co.uk/gol/8181963/1/640x640.jpg,,,https://www.sainsburys.co.uk/gol-ui/product/sainsburys-summer-cheese-tomato-basil-quiche-400g,,2024-08-20T20:16:28.940091-04:00
66-1917-DAI,Higgidy Greek Feta & Sweet Red Pepper Rolls 160g,Higgidy,"Dairy, eggs & chilled","Pies, pasties & quiche","All pies, pasties & quiche",,£3.30,,,£2.06 / 100g,7717261.0,Greek Feta & Sweet Red Pepper Rolls,,https://assets.sainsburys-groceries.co.uk/gol/7717261/1/640x640.jpg,"Nutrient	Per 100g	Per 2 Rolls
Energy	1433kJ/ 345kcal	774kJ/ 186kcal
Fat	19.7g	10.7g
of which saturates	11.6g	6.4g
Carbohydrate	30.7g	16.5g
of which sugars	1.3g	0.7g
Fibre	2.3g	1.2g
Protein	9.9g	5.4g
Salt	1.35g	0.73g","Wheat Flour (contains Calcium Carbonate, Iron, Niacin, Thiamin), Water, Butter (Milk), Chickpeas, Red Peppers (9%), Feta Cheese (Milk) (8%), Free-Range Whole Egg, Mature Cheddar Cheese (Milk), Ricotta Cheese (Milk), Free-Range Egg Yolk, Slow-Roasted Red Pepper Tapenade, Salt, Emmental Cheese (Milk), Butternut Squash Purée, Parsley, Garlic Purée, Slow-Roasted Tomatoes, Black Pepper, Cayenne Pepper, Yeast",https://www.sainsburys.co.uk/gol-ui/product/higgidy-greek-feta-sweet-red-pepper-rolls-160g,,2024-08-20T20:16:42.087932-04:00
66-1918-DAI,Sainsbury's Pork & Egg Lattice Gala Pie 450g,Sainsbury's,"Dairy, eggs & chilled",Discover,Picnic essentials,,£3.60,,,80p / 100g,7464539.0,Seasoned cured pork and whole egg baked in pastry,,https://assets.sainsburys-groceries.co.uk/gol/7464539/1/640x640.jpg,,,https://www.sainsburys.co.uk/gol-ui/product/sainsburys-lattice-gala-pork---egg-pie-450g,,2024-08-20T20:17:03.486880-04:00
66-1919-DAI,Stamford Street Co. Minced Beef & Onion Pie Flaky Puff Pastry 500g,Stamford,"Dairy, eggs & chilled","Pies, pasties & quiche","All pies, pasties & quiche",,£2.90,,,58p / 100g,8143999.0,"British beef, onion and gravy in shortcrust pastry base topped with a puff pastry lid",,https://assets.sainsburys-groceries.co.uk/gol/8143999/1/640x640.jpg,,,https://www.sainsburys.co.uk/gol-ui/product/allcrofts-deli-classics-minced-beef-onion-puff-pastry-pie-500g,,2024-08-20T20:17:24.845863-04:00
66-1920-DAI,Sainsbury's Chicken & Bacon Slice x2 300g,Sainsbury's,"Dairy, eggs & chilled","Pies, pasties & quiche","All pies, pasties & quiche",,£2.50,,,83p / 100g,7951656.0,Chicken and diced cooked bacon in a creamy sauce wrapped in puff pastry,,https://assets.sainsburys-groceries.co.uk/gol/7951656/1/640x640.jpg,,,https://www.sainsburys.co.uk/gol-ui/product/sainsburys-2pk-chicken-bacon-slice-330g,,2024-08-20T20:17:46.237780-04:00
66-1921-DAI,Higgidy Smoked Ham Hock & Mature Cheddar Quiche,Higgidy,"Dairy, eggs & chilled","Pies, pasties & quiche","All pies, pasties & quiche",,£3.00,,,£1.94 / 100g,7529390.0,Smoked Ham Hock & Mature Cheddar Quiche,,https://assets.sainsburys-groceries.co.uk/gol/7529390/1/640x640.jpg,"Nutrient	Per 100g	Per Quiche
Energy	1097kJ/ 263kcal	1701kJ/ 401kcal
Fat	15.3g	23.6g
of which saturates	6.2g	9.7g
Carbohydrate	21.9g	33.8g
of which sugars	2.7g	4.1g
Fibre	1.7g	2.7g
Protein	9.8g	15.3g
Salt	0.78g	1.21g","Water, Wheat Flour (contains Calcium Carbonate, Iron, Niacin, Thiamin), Bacon Lardons (12%) (Pork, Water, Salt, Antioxidant: Sodium Ascorbate, Preservative: Sodium Nitrite), Free-Range Whole Egg (10%), Onions, Mature Cheddar Cheese (Milk) (8%), Vegetable Oils (Sustainable Palm Oil*, Rapeseed Oil), Ham Hock (5%) (Pork, Salt, Preservative: Sodium Nitrite), Medium Fat Soft Cheese (Milk), Dried Skimmed Milk, Whipping Cream (Milk), Wholemeal Spelt Flour (Wheat), Cannellini Beans, Butternut Squash Purée, Cornflour, Butter (Milk), Dijon Mustard, Golden Linseeds, Brown Linseeds, Poppy Seeds, Salt, Cayenne Pepper, Paprika, *www.higgidy.co.uk/palmoil",https://www.sainsburys.co.uk/gol-ui/product/higgidy-family-kitchen-smoked-english-bacon-quiche-with-mature-cheddar-155g,,2024-08-20T20:17:59.559893-04:00
66-1922-DAI,The Jolly Hog Scotch Egg 120g,The,"Dairy, eggs & chilled","Pies, pasties & quiche",Pork pies,,£3.00,,,£2.50 / 100g,8015222.0,A Soft Set Egg Wrapped in a Seasoned Pork Sausage Meat Encased in a Wholegrain Breadcrumb,,https://assets.sainsburys-groceries.co.uk/gol/8015222/1/640x640.jpg,"Nutrient	Per 100g	Per Scotch Egg (127g)
Energy kJ	1201kJ	1525kJ
Energy Kcal	290Kcal	368Kcal
Fat	23.4g	29.7g
of which saturates	6.8g	8.6g
Carbohydrates	5.4g	6.9g
of which sugars	0.4g	0.5g
Fibre	0.9g	1.1g
Protein	13.9g	17.7g
Salt	1.11g	1.41g","Pork (55%), Egg (Free Range) (39%), Rapeseed Oil, Malted Wheat Flakes, Fortified Wheat Flour (Wheat Flour, Calcium Carbonate, Iron, Niacin, Thiamin), Yeast, Salt, Sea Salt, Sage, Black Pepper, White Pepper, Stabiliser (Diphosphates), Antioxidant (Ascorbic Acid), Glazing Agent (Lecithins (Sunflower))",https://www.sainsburys.co.uk/gol-ui/product/jolly-hogg-scotch-egg-120g,,2024-08-20T20:18:12.875001-04:00
66-1923-DAI,Ginsters Philly Cheese Steak Bake 117g,Ginsters,"Dairy, eggs & chilled","Pies, pasties & quiche","All pies, pasties & quiche",,£1.50,,,£1.28 / 100g,8107264.0,"British beef in a rich sauce with Mozzarella, mature Cheddar and full fat soft cheese, onion, red and green pepper, and mushroom encased in light puff pastry.",,https://assets.sainsburys-groceries.co.uk/gol/8107264/1/640x640.jpg,"Nutrient	Per 100g
Energy	1106kJ/ 265kcal
Fat	14.4g
Saturates	7.3g
Carbohydrate	23.9g
Sugars	1.0g
Fibre	1.2g
Protein	9.1g
Salt	0.50g","Wheat Flour (Calcium Carbonate, Iron, Niacin, Thiamin), British Beef (20%), Water, Vegetable Oil (Palm, Rapeseed), Onions, Red Pepper, Green Pepper, Mushrooms, Cornflour, Mozzarella (Milk) (3%), Mature Cheddar Cheese (Milk) (1.5%), Egg, Full Fat Soft Cheese (Milk) (0.9%), Milk, Salt, Barley Malt Extract, Malt Vinegar, Black Treacle, Yeast Extract, Beef Stock, Spirit Vinegar, Mustard Flour, Spices, Mustard Bran, Tamarind Concentrate, Sugar, Lemon Juice Concentrate, Beef Fat, Onion Powder, Garlic Powder",https://www.sainsburys.co.uk/gol-ui/product/ginsters-philly-cheese-steak-bake-117g,,2024-08-20T20:18:26.052109-04:00
66-1924-DAI,Sainsbury's Steak & Kidney Shortcrust Pastry Pie 200g,Sainsbury's,"Dairy, eggs & chilled",Discover,Simple meals,,£2.00,,,£1.00 / 100g,7986900.0,"British beef, kidney and gravy encased in shortcrust pastry",,https://assets.sainsburys-groceries.co.uk/gol/7986900/1/640x640.jpg,,,https://www.sainsburys.co.uk/gol-ui/product/sainsburys-steak-kidney-shortcrust-pastry-pie-200g,,2024-08-20T20:18:47.960262-04:00
66-1925-DAI,Pork Farms Individual Pork Pie 140g,Pork,"Dairy, eggs & chilled","Pies, pasties & quiche","All pies, pasties & quiche",,£1.45,,,£1.04 / 100g,2120850.0,Seasoned uncured pork baked in pastry,,https://assets.sainsburys-groceries.co.uk/gol/2120850/1/640x640.jpg,"Nutrient	per 100g:
Energy	1506kJ/ 361kcal
Fat	23.8g
of which saturates	9.2g
Carbohydrates	26.7g
of which sugars	1.4g
Fibre	0.7g
Protein	9.7g
Salt	1.51g","Fortified Wheat Flour (Wheat Flour, Calcium Carbonate, Iron, Niacin, Thiamin), British Pork (30%), Pork Lard Water, British Pork Fat, Salt, Pork Gelatine, Pasteurised Egg, Potato Starch, Pork Stock, Tomato Concentrate, Sugar, White Pepper, Yeast Extract, Mushroom Concentrate, Balsamic Vinegar (Red Wine Vinegar, Grape Must), Dextrose, Brown Sugar, Extra Virgin Olive Oil, Cornflour, Onion Juice Concentrate, Tomato Paste, Garlic Juice Concentrate",https://www.sainsburys.co.uk/gol-ui/product/pork-farms-individual-pork-pie-142g,,2024-08-20T20:19:01.262912-04:00
66-1926-DAI,"Sainbury's Vegetable Cottage Pie, Taste the Difference (Serves 1) 400g",Sainbury's,"Dairy, eggs & chilled","Pies, pasties & quiche","All pies, pasties & quiche",,£4.25,,£3.50,£10.63 / kg,8079801.0,Button and portobello mushrooms with cavolo nero in a rich red wine gravy topped with mashed potato and Cheddar cheese crumb,,https://assets.sainsburys-groceries.co.uk/gol/8079801/1/640x640.jpg,,,https://www.sainsburys.co.uk/gol-ui/product/sainburys-cottage-garden-pie-taste-the-difference-400g,,2024-08-20T20:19:18.162804-04:00
66-1927-DAI,Ginsters BBQ Hunters Chicken Slice 170g,Ginsters,"Dairy, eggs & chilled","Pies, pasties & quiche","All pies, pasties & quiche",,£1.95,,£1.25,£1.15 / 100g,8189095.0,"British chicken and smoked bacon cooked in a smoky BBQ sauce with melted Mature Cheddar Cheese and Red Leicester, encased in light puff pastry.",,https://assets.sainsburys-groceries.co.uk/gol/8189095/1/640x640.jpg,"Nutrient	Per 100g
Energy	1100kJ/ 263kcal
Fat	14.5g
Saturates	6.7g
Carbohydrate	23.1g
Sugars	2.6g
Fibre	1.8g
Protein	9.2g
Salt	0.74g","Wheat Flour (Calcium Carbonate, Iron, Niacin, Thiamin), British Chicken (20%), Water, Vegetable Oils (Palm, Rapeseed), Potato, Tomato, Smoked Bacon with added Water (2.5%) (Pork (87%), Water, Salt, Preservatives: Sodium Nitrite, Potassium Nitrate), Mature Cheddar Cheese (Milk), Onion, Cornflour, Red Wine Vinegar, Muscavado Sugar, Tomato Puree, Red Leicester (Milk) (Colour: Annatto Norbixin), Egg, Salt, Milk, Smoked Paprika, Garlic Puree, Black Pepper, Smoked Sea Salt, Barley Malt Extract, Mustard Flour, Acidity Regulator: Citric Acid",https://www.sainsburys.co.uk/gol-ui/product/ginsters-bbq-hunters-chicken-slice-170g,,2024-08-20T20:19:26.032756-04:00
66-1928-DAI,"Sainsbury's Chicken, Wiltshire Ham Hock & Leek Pie, Taste the Difference 500g",Sainsbury's,"Dairy, eggs & chilled",Discover,Simple meals,,£5.95,,,£1.19 / 100g,7986860.0,British chicken with leeks and Wiltshire cured ham hock in shortcrust pastry base topped with a butter enriched puff pastry lid and crumb sprinkle,,https://assets.sainsburys-groceries.co.uk/gol/7986860/1/640x640.jpg,,,https://www.sainsburys.co.uk/gol-ui/product/sainsburys-chicken-wiltshire-ham-hock-leek-pie-taste-the-difference-550g,,2024-08-20T20:19:47.559610-04:00
66-1929-DAI,Sainsbury's Mini Hog Roast Pork Pies x6 300g,Sainsbury's,"Dairy, eggs & chilled","Pies, pasties & quiche",Pork pies,,£2.95,,,98p / 100g,8107559.0,"Mini pork pies with uncured pork, blended with dried apple and seasonings, baked in pastry with a breadcrumb topping",,https://assets.sainsburys-groceries.co.uk/gol/8107559/1/640x640.jpg,,,https://www.sainsburys.co.uk/gol-ui/product/sainsburys-mini-hog-roast-pork-pies-x6-300g,,2024-08-20T20:20:09.097224-04:00
66-1930-DAI,"Pieminister Gluten Free Ranger Chicken, Leek, Ham & Thyme Pie 275g",Pieminister,"Dairy, eggs & chilled","Pies, pasties & quiche","All pies, pasties & quiche",,£5.20,,,£1.89 / 100g,7857467.0,Gluten free,,https://assets.sainsburys-groceries.co.uk/gol/7857467/1/640x640.jpg,"Nutrient	per 100g	per pie
Energy (kJ)	1011	2780
Energy (kcal)	242	666
Fat	14.3g	39.3g
of which saturates	8.1g	22.3g
Carbohydrate	20.3g	55.8g
of which sugars	1.3g	3.6g
Protein	7.2g	19.8g
Salt	0.90g	2.48g","British Free Range Chicken (18%), Whole Milk, Water, Rice Flour, Leek (6%), Double Cream (Milk), Ham (5%) (British Free Range Pork Leg, Salt, Demerara Sugar, Antioxidant (Sodium Ascorbate), Preservative (Sodium Nitrate, Potassium Nitrate)), Onion, Butter (Milk), Maize Starch, Identity Preserved Palm Oil**, Cheddar Cheese (Milk), White Wine, Tapioca Starch, Maize Flour, Soya Flour, Modified Corn Starch, Garlic, Vegetable Fibre, Salt, Wholegrain Mustard (Water, Mustard Seeds, Spirit Vinegar, Salt, White Wine Vinegar, Sugar, Spices), Wheat* Maltodextrin, Thickener (Cellulose), Cornflour, Yeast Extract Powder, Buckwheat Flour, Potato Starch, Raising Agent (Sodium Acid Pyrophosphate, Sodium Bicarbonate), Chive, Black Pepper, Flavouring, Sugar, Thyme, *The Gluten is removed from the Wheat before reaching our certified Gluten free kitchen. Our Pies are tested in a laboratory for Gluten and our Gluten free processes have been assessed and certified by the association of european coeliac societies and carry the crossed grain symbol (coeliac uk) to show that they contain 20 ppm gluten or less, **Learn more about our Certified Sustainable Identity Preserved Palm Oil at pieminister.co.uk/sustainability",https://www.sainsburys.co.uk/gol-ui/product/pieminister-gluten-free-ranger-chicken--leek--ham---thyme-pie-275g,,2024-08-20T20:20:22.539271-04:00
66-1931-DAI,Sainsbury's Mini Pork Pies x2 100g,Sainsbury's,"Dairy, eggs & chilled","Pies, pasties & quiche","All pies, pasties & quiche",,£1.30,,,£1.30 / 100g,8175171.0,Seasoned cured pork baked in pastry,,https://assets.sainsburys-groceries.co.uk/gol/8175171/1/640x640.jpg,,,https://www.sainsburys.co.uk/gol-ui/product/sainsburys-mini-pork-pies-x2-100g,,2024-08-20T20:20:44.012719-04:00
66-1932-DAI,Sainsbury's Mini Cheese & Onion Rolls x20 200g,Sainsbury's,"Dairy, eggs & chilled","Pies, pasties & quiche","All pies, pasties & quiche",,£2.25,,,£1.13 / 100g,7559225.0,"Potato, onion, mature Cheddar cheese and soft cheese wrapped in puff pastry",,https://assets.sainsburys-groceries.co.uk/gol/7559225/1/640x640.jpg,,,https://www.sainsburys.co.uk/gol-ui/product/sainsburys-mini-cheese-onion-rolls-x20-200g,,2024-08-20T20:21:05.621803-04:00
66-1933-DAI,Too Good To Be Gluten Free Sausage Roll 110g,Too,"Dairy, eggs & chilled","Pies, pasties & quiche","All pies, pasties & quiche",,£2.50,,,£2.27 / 100g,7826333.0,Pork sausage meat wrapped in gluten free puff pastry.,110 g,https://assets.sainsburys-groceries.co.uk/gol/7826333/1/640x640.jpg,"Nutrient	Per 100g	Per 110g Serving	Ref. Intake	Adult RI
Energy - kJ	1554	1709	20%	8400
Energy - kcal	373	410	-	2000
Fat	26.0g	28.6g	41%	70g
of which saturates	11.4g	12.5g	63%	20g
Carbohydrates	22.1g	24.3g	-	260g
of which sugars	0.1g	0.11g	0.1%	90g
Fibre	2.3g	2.5g	-	-
Protein	11.7g	12.9g	-	50g
Salt	1.11g	1.22g	20%	6g","Pork (34%), Rice Flour, Vegetable Margarine (Palm Oil, Rapeseed Oil, Water, Salt, Emulsifier: E471, Acid: Citric Acid), Butter (Milk), Water, Breadcrumbs (Rice Flour, Maize Flour, Water, Maize Starch, Salt, Dextrose), Pasteuteurised Free Range Egg, Tapioca Starch, Dextrose, Linseed Flour, Salt, Stabiliser: Xanthan Gum, Potato Starch, Gound White Pepper, Lemon Juice, Ground Coriander, Mushroom Extract, Nutmeg, Ground Clove",https://www.sainsburys.co.uk/gol-ui/product/to-good-to-be-gluten-free-sausage-rolls-110g,,2024-08-20T20:21:19.026008-04:00
66-1934-DAI,Sainsbury's Chicken Leek & Spinach Pie 400g,Sainsbury's,"Dairy, eggs & chilled","Pies, pasties & quiche","All pies, pasties & quiche",,£3.30,,£2.50,£8.25 / kg,8121873.0,"Mashed potato with cooked diced chicken breast, leeks and spinach in a creamy white wine sauce topped with an extra mature Cheddar cheese crumb",,https://assets.sainsburys-groceries.co.uk/gol/8121873/1/640x640.jpg,,,https://www.sainsburys.co.uk/gol-ui/product/sainsburys-chicken-leek-spinach-pie-400g,,2024-08-20T20:21:35.241324-04:00
66-1935-DAI,Pieminister Wild Shroom Portobello & Chestnut Mushroom Pie with Asparagus & White Wine 270g,Pieminister,"Dairy, eggs & chilled","Pies, pasties & quiche","All pies, pasties & quiche",,£4.70,,,£1.74 / 100g,8168175.0,,,https://assets.sainsburys-groceries.co.uk/gol/8168175/1/640x640.jpg,"Nutrient	per 100g	per pie
Energy (kJ)	824	2225
Energy (kcal)	197	532
Fat	9.9g	26.7g
of which saturates	4.4g	11.9g
Carbohydrate	21.7g	58.6g
of which sugars	1.8g	4.9g
Protein	4.4g	11.9g
Salt	0.91g	2.46g","Wheat Flour (Wheat, Calcium, Niacin, Iron, Thiamine), Mushroom (23%) (Portobello, Chestnut), Water, Onion, Double Cream (Milk), Identity Preserved Palm Oil*, Asparagus (7%), White Wine (4%), Leek, Rapeseed Oil, Garlic, Modified Corn Starch, Wholegrain Mustard (Water, Mustard Seeds, Spirit Vinegar, Salt, White Wine Vinegar, Sugar, Spices), Salt, Worcester Sauce (Water, Spirit Vinegar, Cane Molasses, Tamarind Paste, Salt, Onion Powder, Cayenne Powder, Garlic Powder, Clove Powder), Wild Porcini Mushroom (0.1%), Herbs, Wheat Protein, Black Pepper, Raising Agent (Sodium Bicarbonate), Yeast Extract, Barley Malt Extract, *Learn more about our certified sustainable, identity preserved palm oil",https://www.sainsburys.co.uk/gol-ui/product/pieminister-wild-shroom-portobello-chestnut-mushroom-pie-with-asparagus-white-wine-270g,,2024-08-20T20:21:53.694729-04:00
66-1936-DAI,Pieminister Gluten Free Moo British Beef Steak & Gluten Free Ale Pie 275g,Pieminister,"Dairy, eggs & chilled","Pies, pasties & quiche","All pies, pasties & quiche",,£5.20,,,£1.89 / 100g,7857471.0,Gluten free,,https://assets.sainsburys-groceries.co.uk/gol/7857471/1/640x640.jpg,"Nutrient	per 100g	per pie
Energy (kJ)	918	2525
Energy (kcal)	220	605
Fat	11.9g	32.7g
of which saturates	6.1g	16.8g
Carbohydrate	20.7g	56.9g
of which sugars	2.1g	5.8g
Protein	7.0g	19.3g
Salt	0.89g	2.45g","British Beef (27%), Whole Milk, Rice Flour, Onion, Craft Ale (9%) (Wheat* & Barley*), Carrot, Maize Starch, Butter (Milk), Identity Preserved Palm Oil**, Tapioca Starch, Maize Flour, Soya Flour, Modified Corn Starch, Tomato Puree, Worcester Sauce (Water, Spirit Vinegar, Cane Molasses, Tamarind Paste, Salt, Onion Powder, Cayenne Powder, Garlic Powder, Clove Powder), Salt, Wheat* Maltodextrin, Garlic, Herbs, Dijon Mustard (Water, Mustard Seeds, Spirit Vinegar, Salt), Thickener (Cellulose), Cornflour, Yeast Extract Powder, Black Pepper, Buckwheat Flour, Raising Agents (Sodium Acid Pyrophosphate, Sodium Bicarbonate), Green Peppercorn, Flavouring, Leek Powder, Mushroom Powder, Caramelised Sugar Powder, Barley* Malt Extract, *The Gluten is Removed From the Barley and Wheat Before Reaching Our Certified Gluten Free Kitchen. Our Pies Are Tested in a Laboratory for Gluten and Our Gluten Free Processes Have Been Assessed and Certified by the Association of European Coeliac Societies and Carry the Crossed Grain Symbol (Coeliac UK) to Show That They Contain 20 Ppm Gluten or Less, ** Learn More About Our Certified Sustainable, Identity Preserved Palm Oil at pieminister.co.uk/sustainability",https://www.sainsburys.co.uk/gol-ui/product/pieminister-gluten-free-moo-british-beef-steak---gluten-free-ale-pie-275g,,2024-08-20T20:22:06.807565-04:00
66-1937-DAI,Pukka Vegan No Steak Pie 216g,Pukka,"Dairy, eggs & chilled","Pies, pasties & quiche","All pies, pasties & quiche",,£2.00,,£1.50,£9.39 / kg,8167823.0,"Tender soy protein chunks with rich Worcestershire style gravy, in a light puff pastry case.",,https://assets.sainsburys-groceries.co.uk/gol/8167823/1/640x640.jpg,"Nutrient	Amonut per 100g	Amount per pie
Energy	976kJ/ 233kcal	2109kJ/ 504kcal
Fat	11.7g	25.3g
of which Saturates	5.1g	11.1g
Carbohydrate	24.0g	51.8g
of which Sugars	1.2g	2.7g
Fibre	1.5g	3.2g
Protein	7.3g	15.7g
Salt	1.17g	2.53g","Water, Wheat Flour (contains: Wheat Flour, Calcium Carbonate, Iron, Niacin, Thiamine), Margarine (contains: Palm & Rapeseed Fats & Oils, Water, Salt), Soy Protein Chunks (13%) (contains: Water, Isolated Soy Protein, Pea Fibre, Colour (Plain Caramel), Salt, Flavourings), Starch, Beef Flavour Powder, Rapeseed Oil, Worcestershire Style Sauce (0.5%) (contains: Water, White Wine Vinegar (Sulphites), Sugar, Onion Juice Concentrate, Salt, Tamarind Paste, Ground Spices: (Ginger, Cloves), Barley Malt Extract, Garlic Powder), Onion Powder, Barley Malt Extract, Salt, Black Pepper",https://www.sainsburys.co.uk/gol-ui/product/pukka-vegan-no-steak-pie-216g,,2024-08-20T20:22:14.834285-04:00
66-1938-DAI,Ginsters Chicken & Bacon Pasty 180g,Ginsters,"Dairy, eggs & chilled","Pies, pasties & quiche","All pies, pasties & quiche",,£1.95,,,£1.08 / 100g,8152077.0,"British roast chicken and smoked bacon with added water, with potato, onion and spring onion, encased in light puff pastry.",,https://assets.sainsburys-groceries.co.uk/gol/8152077/1/640x640.jpg,"Nutrient	Per 100g
Energy	1058kJ/ 254kcal
Fat	14.8g
Saturates	7.2g
Carbohydrate	20.9g
Sugars	1.4g
Fibre	2.9g
Protein	7.8g
Salt	1.12g","Potato, Wheat Flour (Calcium Carbonate, Iron, Niacin, Thiamin), Milk, Roast Chicken (12%) (British Chicken, Cornflour, Salt), Vegetable Oil (Palm, Rapeseed), Onion, Spring Onion, Smoked Flavoured Bacon (1.6%) (British Pork Belly, Water, Sugar, Salt, Natural Smoke Flavouring, Emulsifier: Sodium Tripolyphosphate, Preservative: Sodium Nitrite), Cornflour, Smoked Bacon with added Water (0.9%) (British Pork, Water, Salt, Sugar, Preservatives: Potassium Nitrate, Sodium Nitrate, Sodium Nitrite, Antioxidants: Ascorbic Acid, Sodium Ascorbate, Emulsifier: Pentasodium Triphosphate, Dextrose), Chicken Bouillon (Yeast Extract, Salt, Chicken, Chicken Fat), Butter (Milk), Egg, Salt, White Pepper, Mustard",https://www.sainsburys.co.uk/gol-ui/product/ginsters-chicken-bacon-pasty-180g,,2024-08-20T20:22:27.785825-04:00
66-1939-DAI,"Sainsbury's Steak & Red Wine Pie, Taste the Difference 500g",Sainsbury's,"Dairy, eggs & chilled",Discover,Simple meals,,£5.95,,,£1.19 / 100g,7986856.0,"British beef with ruby port, Malbec red wine and smoked dry cure bacon lardons in shortcrust pastry base topped with a butter enriched puff pastry lid and crumb sprinkle",,https://assets.sainsburys-groceries.co.uk/gol/7986856/1/640x640.jpg,,,https://www.sainsburys.co.uk/gol-ui/product/sainsburys-steak-red-wine-pie-taste-the-difference-500g,,2024-08-20T20:22:49.293575-04:00
66-1940-DAI,Pieminister Free Ranger Chicken Leek Ham & Thyme Pie 270g,Pieminister,"Dairy, eggs & chilled","Pies, pasties & quiche","All pies, pasties & quiche",,£4.70,,,£1.74 / 100g,7919409.0,,,https://assets.sainsburys-groceries.co.uk/gol/7919409/1/640x640.jpg,"Nutrient	per 100g	per pie
Energy (kJ)	948	2560
Energy (kcal)	227	613
Fat	11.3g	30.5g
of which saturates	5.9g	15.9g
Carbohydrate	20.3g	54.8g
of which sugars	0.6g	1.6g
Protein	9.7g	26.2g
Salt	0.60g	1.60g","Wheat Flour (Wheat, Calcium, Niacin, Iron, Thiamine), British Free Range Chicken (18%), Water, Identity Preserved Palm Oil*, Leek (6%), Double Cream (Milk), Ham (5%) (British Free Range Pork Leg, Salt, Demerara Sugar, Antioxidant (Sodium Ascorbate), Preservative (Sodium Nitrate, Potassium Nitrate)), Onion, Cheddar Cheese (Milk), White Wine, Modified Corn Starch, Garlic, Vegetable Fibre, Salt, Butter (Milk), Wholegrain Mustard (Water, Mustard Seeds, Spirit Vinegar, Salt, White Wine Vinegar, Sugar, Spices), Wheat Maltodextrin, Yeast, Wheat Protein, Potato Starch, Black Pepper, Flavouring, Sugar, Thyme, *Learn more about our certified sustainable identity preserved Palm Oil",https://www.sainsburys.co.uk/gol-ui/product/pieminister-free-ranger-chicken-leek-ham-thyme-pie-270g-serves-1-,,2024-08-20T20:23:07.852535-04:00
66-1941-DAI,Higgidy Steak & Red Wine Pie 250g,Higgidy,"Dairy, eggs & chilled","Pies, pasties & quiche","All pies, pasties & quiche",,£4.70,,,£1.88 / 100g,7598426.0,"Slow-Cooked Steak, Red Wine & Mushroom Pie",,https://assets.sainsburys-groceries.co.uk/gol/7598426/1/640x640.jpg,"Nutrient	Per 100g	Per Pie
Energy	900kJ/ 216kcal	2251kJ/ 540kcal
Fat	9.3g	23.2g
of which saturates	4.8g	12.2g
Carbohydrate	21.9g	54.8g
of which sugars	1.1g	2.7g
Fibre	1.9g	4.6g
Protein	10.2g	25.5g
Salt	0.78g	1.95g","Beef (25%), Wheat Flour (contains Calcium Carbonate, Iron, Niacin, Thiamin), Mushrooms (19%), Butter (Milk), Water, Bacon Lardons (5%) (Pork, Water, Salt, Antioxidant: Sodium Ascorbate, Preservative: Sodium Nitrite), Red Wine (5%), Onions, Cannellini Beans, Butternut Squash Purée, Lentils, Worcester Sauce (contains Barley), Beef Stock, Cornflour, White Wine Vinegar, Rapeseed Oil, Free-Range Egg Yolk, Salt, Garlic Purée, Thyme, Barley Malt Extract, Poppy Seeds, Black Pepper, Cayenne Pepper",https://www.sainsburys.co.uk/gol-ui/product/higgidy-slow-cooked-steak--red-wine-250g,,2024-08-20T20:23:20.874878-04:00
66-1942-DAI,Pieminister Moo British Beef Steak & Gem Ale Pie 270g,Pieminister,"Dairy, eggs & chilled","Pies, pasties & quiche","All pies, pasties & quiche",,£4.70,,,£1.74 / 100g,7919429.0,,,https://assets.sainsburys-groceries.co.uk/gol/7919429/1/640x640.jpg,"Nutrient	per 100g	per pie
Energy (kJ)	933	2519
Energy (kcal)	223	602
Fat	11.2g	30.2g
of which saturates	5.4g	14.6g
Carbohydrate	21.9g	59.1g
of which sugars	2.2g	5.9g
Protein	7.9g	21.3g
Salt	0.55g	1.49g","British Beef (28%), Wheat Flour (Wheat, Calcium, Niacin, Iron, Thiamine), Onion, Craft Ale (9%) (Wheat & Barley), Water, Identity Preserved Palm Oil*, Carrot, Modified Corn Starch, Tomato Puree, Worcester Sauce (Water, Spirit Vinegar, Cane Molasses, Tamarind Paste, Salt, Onion Powder, Cayenne Powder, Garlic Powder, Clove Powder), Salt, Wheat Maltodextrin, Garlic, Herbs, Dijon Mustard (Water, Mustard Seeds, Spirit Vinegar, Salt), Barley Malt Extract, Yeast Extract Powder, Wheat Protein, Green Peppercorn, Flavouring, Leek Powder, Mushroom Powder, Caramelised Sugar Powder, Black Pepper, Butter (Milk), *Learn more about our certified sustainable, identity preserved Palm Oil, sourced from one of the world's most sustainable deforestation-free producers, and our Pies, Planet, People sustainability goals at pieminister.co.uk/sustainability",https://www.sainsburys.co.uk/gol-ui/product/pieminister-moo-british-beef-steak-gem-ale-pie-270g-serves-1-,,2024-08-20T20:23:39.416871-04:00
66-1943-DAI,"Sainsbury's Free From Quiche Lorraine, Taste the Difference 170g",Sainsbury's,"Dairy, eggs & chilled","Pies, pasties & quiche","All pies, pasties & quiche",,£3.00,,,£1.76 / 100g,8145472.0,"Maple cured smoked bacon, extra mature Cheddar cheese and Taw Valley Cheese quiche in a rice flour, maize flour and potato starch pastry",,https://assets.sainsburys-groceries.co.uk/gol/8145472/1/640x640.jpg,,,https://www.sainsburys.co.uk/gol-ui/product/sainsburys-free-from-quiche-lorraine-taste-the-difference-170g,,2024-08-20T20:24:00.757010-04:00
66-1944-DAI,Squeaky Bean Snack Sausage Rolls 8x20g,Squeaky,"Dairy, eggs & chilled","Pies, pasties & quiche","All pies, pasties & quiche",,£3.00,8 for £3.00,£2.40,£18.75 / kg,8152296.0,Seasoned Vegan Protein with Sauteed Onions Wrapped in Puff Pastry.,,https://assets.sainsburys-groceries.co.uk/gol/8152296/1/640x640.jpg,"Nutrient	Per 100g
Energy	1512kJ / 362kcal
Fat	20.3g
Of Which Saturates	9.1g
Carbohydrates	33.7g
Of Which Sugars	2.2g
Fibre	3.2g
Protein	9.6g
Salt	1.14g","Wheat Flour (Wheat Flour, Calcium Carbonate, Iron, Niacin, Thiamin), Sustainable Palm Oil, Water, Vegan Bacon Pieces (11%) (Water, Textured Wheat & Pea Protein [Wheat Protein, Pea Protein], Sunflower Oil, Potato Protein, Flavourings, Preservatives: Potassium Lactate, Potassium Acetate; Salt, Dextrose, Acidity Regulator: Citric Acid; Colours: Caramelised Sugar Syrup, Beetroot, Anthocyanin; Wheat, Maltodextrin), Sauteed Onion (5%) (Onion, Rapeseed Oil), Rapeseed Oil, Pea Protein, Tapioca Starch, Pork Flavouring, Wheat Protein, Methylcellulose, Yeast Extract, Salt, Sunflower Oil, Carrageenan, Parsley, Sage, Cornflour, Black Pepper, Nutmeg, White Pepper, Dextrose",https://www.sainsburys.co.uk/gol-ui/product/squeaky-bean-snack-sausage-rolls-8x20g,8x20g,2024-08-20T20:24:08.873246-04:00
66-1945-DAI,Sainsbury's Free From Steak & Gravy Pie 200g,Sainsbury's,"Dairy, eggs & chilled","Pies, pasties & quiche","All pies, pasties & quiche",,£2.75,,,£1.38 / 100g,7807937.0,"Steak and gravy filling in a rice flour, maize flour and potato starch shortcrust pastry",,https://assets.sainsburys-groceries.co.uk/gol/7807937/1/640x640.jpg,,,https://www.sainsburys.co.uk/gol-ui/product/sainsburys-freefrom-steak---gravy-pie-200g,,2024-08-20T20:24:30.317758-04:00
66-1946-DAI,"Sainsbury's Chicken Wiltshire Ham Hock & Leek Pie, Taste the Difference 250g",Sainsbury's,"Dairy, eggs & chilled","Pies, pasties & quiche","All pies, pasties & quiche",,£4.00,,£3.50,£1.60 / 100g,8049043.0,British chicken with leeks and Wiltshire cured ham hock in shortcrust pastry base topped with a butter enriched puff pastry lid and crumb sprinkle,,https://assets.sainsburys-groceries.co.uk/gol/8049043/1/640x640.jpg,,,https://www.sainsburys.co.uk/gol-ui/product/sainsburys-chicken-wiltshire-ham-hock-leek-pie-taste-the-difference-250g,,2024-08-20T20:24:46.414439-04:00
66-1947-DAI,"Pieminister Light as a Feta Spinach, Cheese, Kale, Lemon & Garlic Filo Pie",Pieminister,"Dairy, eggs & chilled","Pies, pasties & quiche","All pies, pasties & quiche",,£4.70,,,£2.04 / 100g,8188516.0,,,https://assets.sainsburys-groceries.co.uk/gol/8188516/1/640x640.jpg,"Nutrient	per 100g	per pie
Energy (kJ)	686	1578
Energy (kcal)	164	377
Fat	6.4g	14.7g
of which saturates	3.0g	6.9g
Carbohydrate	18.7g	43.0g
of which sugars	2.6g	6.0g
Protein	6.7g	15.4g
Salt	1.31g	3.01g","Leek, Kale (15%), Spinach (15%), Feta Cheese (Milk) (14%), Wheat Flour (Wheat, Calcium, Niacin, Iron, Thiamine), Onion, Vegetable Oil (Sunflower and Rapeseed Oil in varying amounts), Olive Pomace Oil, Lemon (1.5%), Modified Corn Starch, Tapioca Starch, Stabiliser (Glycerol), Garlic (0.9%), Salt, Dill, Wheat Protein, Black Pepper, Chive, Raising Agent (Sodium Bicarbonate)",https://www.sainsburys.co.uk/gol-ui/product/pieminister-light-as-a-feta-spinach-cheese-kale-lemon-garlic-filo-pie,,2024-08-20T20:25:04.858327-04:00
66-1948-DAI,Pukka Pepperoni Pizza Slice 170g,Pukka,"Dairy, eggs & chilled","Pies, pasties & quiche","All pies, pasties & quiche",,£1.75,,,£1.03 / 100g,8150896.0,"Sliced pepperoni, mozzarella and tangy cheddar in a pizza style sauce, wrapped in puff pastry.",,https://assets.sainsburys-groceries.co.uk/gol/8150896/1/640x640.jpg,"Nutrient	Amount per 100g	Amount per Slice
Energy	1231kj/ 295kcal	2093kj/ 502kcal
Fat	16.5g	28.0g
of which Saturates	7.7g	13.2g
Carbohydrates	27.6g	46.9g
of which Sugars	3.4g	5.7g
Fibre	1.4g	2.4g
Protein	8.3g	14.0g
Salt	1.06g	1.80g","Wheat Flour (contains: Wheat Flour, Calcium Carbonate, Iron, Niacin, Thiamine), Water, Palm Oil, Mini Pepperoni (7.5%) (contains: Pork Meat, Salt, Dextrose, Spices, Spice Extracts, Antioxidants: Rosemary Extract, Sodium Ascorbate; Preservative: Sodium Nitrite), Mozzarella Cheese (Milk) (5%), Onion (5%), Mature Cheddar Cheese (Milk) (4%), Red Pepper (4%), Tomato Puree (2%), Cornflour, Tomato Powder, Balsamic Vinegar, Rapeseed Oil, Salt (0.7%), Black Treacle, Yeast Extract, Red Chilli, Stabiliser: Methylcellulose, Garlic Puree (0.2%), Wheat Protein, Basil (0.1%), Smoked Paprika, Flavour Enhancer: Monosodium Glutamate, Black Pepper (0.1%), White Pepper, Dextrose, Dried Skimmed Milk",https://www.sainsburys.co.uk/gol-ui/product/pukka-pepperoni-pizza-pie-limited-edition,,2024-08-20T20:25:18.132549-04:00
66-1949-DAI,Ginsters Cajun Spiced Chicken Bake 117g,Ginsters,"Dairy, eggs & chilled","Pies, pasties & quiche","All pies, pasties & quiche",,£1.50,,,£1.28 / 100g,8107258.0,"British Chicken in a Cajun style spiced tomato sauce, with green peppers, black beans, West Country Mature Cheddar, and a hint of wholegrain mustard, encased in a light puff pastry.",,https://assets.sainsburys-groceries.co.uk/gol/8107258/1/640x640.jpg,"Nutrient	Per 100g
Energy	1043kJ/ 250kcal
Fat	13.2g
Saturates	6.3g
Carbohydrate	22.9g
Sugars	2.2g
Fibre	1.9g
Protein	8.9g
Salt	0.57g","Wheat Flour (Calcium Carbonate, Iron, Niacin, Thiamin), British Chicken (21%), Vegetable Oil (Palm, Rapeseed), Water, Tomato, Onion, Green Pepper, Piquanté Peppers, Potato, Mature Cheddar Cheese (Milk), Black Turtle Beans, Cornflour, Egg, Tomato Purée, Milk, Salt, Garlic Purée, Glucose Syrup, Sugar, Yeast Extract, Oregano, Smoked Paprika, Spices, Mustard Seeds, Garlic Powder, Natural Caramel, Chilli Flakes, White Wine Vinegar, Honey, Mustard Flour, Thyme, Mustard Bran, Garlic, Spirit Vinegar",https://www.sainsburys.co.uk/gol-ui/product/ginsters-cajun-spiced-chicken-bake-117g,,2024-08-20T20:25:30.731026-04:00
66-1950-DAI,Ginsters Gluten Free Cornish Pasty 200g,Ginsters,"Dairy, eggs & chilled","Pies, pasties & quiche","All pies, pasties & quiche",,£3.15,,,£1.58 / 100g,7999811.0,"British minced beef with potato, onion and swede, distinctly seasoned with pepper, encased in a golden butter shortcrust gluten free pastry.",,https://assets.sainsburys-groceries.co.uk/gol/7999811/1/640x640.jpg,"Nutrient	Per 100g
Energy	958kJ/ 228kcal
Fat	6.7g
Saturates	2.6g
Carbohydrate	38.6g
Sugars	2.6g
Fibre	1.8g
Protein	4.1g
Salt	1.35g","Potato Starch, Potato, British Beef (15%), Cornflour, Onion, Swede, Beef Fat, Skimmed Milk Powder, Inulin, Sugar, Stabilisers Guar Gum, Hydroxypropyl Methyl Cellulose, Seasoning (Cornflour, Spices, Salt, Dried Onion, Sugar, Mustard, Leek, Coriander, Sunflower Oil), Egg, Butter Powder (Milk), Rapeseed Oil, Dried Glucose Syrup, Emulsifier: Soya Lecithin, Salt, Psyllium Husk Powder, Natural Flavouring",https://www.sainsburys.co.uk/gol-ui/product/ginsters-gluten-free-cornish-pasty-200g,,2024-08-20T20:25:43.820431-04:00
66-1951-DAI,Sainsbury's Minced Beef & Onion Puff Pastry Slices x2 300g,Sainsbury's,"Dairy, eggs & chilled","Pies, pasties & quiche","All pies, pasties & quiche",,£2.50,,,83p / 100g,647595.0,"Minced British beef, onion and gravy wrapped in puff pastry",,https://assets.sainsburys-groceries.co.uk/gol/647595/1/640x640.jpg,,,https://www.sainsburys.co.uk/gol-ui/product/sainsburys-minced-beef---onion-puff-pastry-slices-x2-330g,,2024-08-20T20:26:05.371793-04:00
66-1952-DAI,Higgidy Sweet Potato & Feta Pie 250g,Higgidy,"Dairy, eggs & chilled","Pies, pasties & quiche",Pies,,£4.60,,,£1.84 / 100g,8021030.0,"Roasted Sweet Potato, Spinach & Feta Pie",,https://assets.sainsburys-groceries.co.uk/gol/8021030/1/640x640.jpg,"Nutrient	Per 100g	Per Pie
Energy	1013KJ/ 242kcal	2531KJ/ 606kcal
Fat	14.3g	35.7g
of which saturates	6.3g	15.6g
Carbohydrate	23.4g	58.4g
of which sugars	5.1g	12.6g
Fibre	2.6g	6.4g
Protein	6.4g	16.0g
Salt	0.72g	1.80g","Sweet Potato (21%), Water, Wheat Flour (contains Calcium Carbonate, Niacin, Iron, Thiamin), Onions, Feta Cheese (Milk) (9%), Spinach (6%), Mature Cheddar Cheese (Milk), Vegetable Oils (Sustainable Palm Oil*, Rapeseed Oil), Crème Fraîche (Milk), Wholemeal Spelt Flour (Wheat), Cannellini Beans, Dried Skimmed Milk, Butternut Squash Purée, Butter (Milk), Cornflour, Whipping Cream (Milk), Pumpkin Seeds, Garlic Purée, Salt, Brown Linseeds, Golden Linseeds, Poppy Seeds, Black Pepper, Cumin Seeds, Nutmeg, Paprika, Dried Red Chilli (<1%), Cumin, Cayenne Pepper, Yeast, *www.higgidy.co.uk/palmoil",https://www.sainsburys.co.uk/gol-ui/product/higgidy-sweet-potato-feta-pie-270g,,2024-08-20T20:26:18.813702-04:00
66-1953-DAI,Clive's Creamy Mushroom Puff Pie with Fresh Chestnut Mushrooms & Herby Tarragon 235g,Clive's,"Dairy, eggs & chilled","Pies, pasties & quiche","All pies, pasties & quiche",,£3.80,,,£16.17 / kg,8177525.0,"Rough puff pastry top with a shortcrust base, filled with chestnut and porcini mushrooms in a creamy herb sauce.",,https://assets.sainsburys-groceries.co.uk/gol/8177525/1/640x640.jpg,,"Wheat Flour (Wholemeal Wheat Flour, Soft White Wheat Flour), Water*, Mushroom (15%) (Chestnut, Porcini, Shiitake), Onion, Non-Hydrogenated Margarine (Sustainable Palm Oil, Rapeseed Oil, Water*, Coconut Oil, Salt*, Emulsifier: Sunflower Lecithin, Carrot Juice, Lemon Juice Concentrate, Natural Flavouring*), Sustainable Palm Oil, Soya Drink (Water*, Soya Beans), Sea Salt*, Sunflower Oil, Bouillon (Salt*, Rice Flour, Onion, Parsnip, Carrot, Olive Oil, Turmeric, Parsley), Garlic, Herbs and Spices, Tarragon, Love, *Approved Non-Organic",https://www.sainsburys.co.uk/gol-ui/product/clives-creamy-mushroom-puff-pie-with-fresh-chestnut-mushrooms-herby-tarragon-235g,,2024-08-20T20:26:32.543934-04:00
66-1954-DAI,Ginsters Breakfast Roll 130g,Ginsters,"Dairy, eggs & chilled","Pies, pasties & quiche","All pies, pasties & quiche",,£1.50,,,£1.15 / 100g,8189091.0,"100% British pork sausagemeat, potato, smoked bacon, scrambled egg and tomato ketchup, encased in light puff pastry.",,https://assets.sainsburys-groceries.co.uk/gol/8189091/1/640x640.jpg,"Nutrient	Per 100g
Energy	1400kJ/ 336kcal
Fat	23.0g
Saturates	9.7g
Carbohydrate	23.3g
Sugars	1.7g
Fibre	1.2g
Protein	8.3g
Salt	0.99g","Wheat Flour (with Calcium Carbonate, Iron, Niacin, Thiamin), Vegetable Oils (Palm, Rapeseed), Potato, British Pork (13%), Pork Fat, British Smoked Bacon with added Water (7.5%) (Pork (85%), Water, Salt, Sugar, Preservatives (Sodium Nitrite, Sodium Nitrate, Potassium Nitrate), Antioxidants (Ascorbic Acid, Sodium Ascorbate), Emulsifier (Pentasodium Triphosphate), Dextrose), Scrambled Egg (4.5%) (Egg, Water, Rapeseed Oil, Tapioca Starch, Dried Skimmed Milk, Lemon Juice, Salt, White Pepper), Water, Tomato Ketchup (Water, Tomatoes, Tomato Paste, Sugar, Spirit Vinegar, Cornflour, Rapeseed Oil, White Pepper, Cloves, Garlic Powder), Egg, Salt, Potato Starch, Milk, Yeast Extract, Tomato Powder, Natural Flavouring, Barley Malt Vinegar, Black Treacle, Sage Leaves, White Pepper, Black Pepper, Rice Flour, Onion Powder, Dextrose, Mustard Powder, Tamarind Concentrate, Spices, Garlic Powder",https://www.sainsburys.co.uk/gol-ui/product/ginsters-breakfast-roll-130g,,2024-08-20T20:26:45.183919-04:00
66-1955-DAI,Juici Patties Chicken Patty 135g,Juici,"Dairy, eggs & chilled","Pies, pasties & quiche","All pies, pasties & quiche",,£1.30,,,96p / 100g,8165252.0,"Diced chicken cooked with vegetables and spices, baked in a flaky pastry.",,https://assets.sainsburys-groceries.co.uk/gol/8165252/1/640x640.jpg,"Nutrient	per 100g
Energy kJ	1260kJ
Energy kcal	302kcal
Fat	16g
Of which saturates	7.9g
Carbohydrate	30g
Of which sugars	2.3g
Fibre	2.3g
Protein	8.1g
Salt	1.23g","Wheat Flour (Wheat Flour, Calcium Carbonate, Iron, Niacin, Thiamin), Water, Margarine (Palm Oil, Salt, Water), Chicken Chunks (11%), Vegetable Fat (Palm, Rapeseed, Sunflower), Seasoning Mix (Rusk (Wheat), Cornflour, Spices (Mustard, Celery), Salt, Flavour Enhancer, Monosodium Glutamate, Onion Powder, Sugar, Soya Flour (Soya)), Sugar, Spring Onions, Diced Onions, Scotch Bonnet Chilli Pepper, Salt, Garlic Puree, Colours: Annatto, Curcumin, Preservatives: Calcium Propionate, Potassium Sorbate",https://www.sainsburys.co.uk/gol-ui/product/juici-patties-chicken-patty-135g,,2024-08-20T20:26:58.241621-04:00
66-1956-DAI,Pukka Vegan No Steak Slice 170g,Pukka,"Dairy, eggs & chilled","Pies, pasties & quiche","All pies, pasties & quiche",,£1.95,,£1.25,£11.47 / kg,8177039.0,"Seasoned wheat and pea protein, wrapped in puff pastry.",,https://assets.sainsburys-groceries.co.uk/gol/8177039/1/640x640.jpg,"Nutrient	Amount per 100g	Amount per Slice
Energy	1073kJ/ 256kcal	1824kJ/ 435kcal
Fat	12.9g	22.0g
of which Saturates	6.0g	10.2g
Carbohydrate	26.7g	45.3g
of which Sugars	2.6g	4.4g
Fibre	2.2g	3.7g
Protein	7.3g	12.4g
Salt	0.95g	1.62g","Wheat Flour (contains: Wheat Flour, Calcium Carbonate, Iron, Niacin, Thiamine), Water, Palm Oil, Plant Beef Strips (11%) (contains: Water, Textured Wheat & Pea Protein, Potato Protein, Wheat Gluten, Pea Protein Isolate, Vegetable Oil, Pea Starch, Flavouring, Maltodextrin, Malted Barley Extract, Dextrose, Smoked Yeast, Mushroom Powder), Potato (11%), Fried Onions (5%) (contains: Onion, Rapeseed Oil), Cornflour, Rapeseed Oil, Vegan Stock (1%), Yeast Extract, Salt, Balsamic Vinegar (contains: Red Wine Vinegar, Grape Must Concentrate), Tomato Puree, Flavouring, Sunflower Oil, Black Pepper (0.16%), Wheat Protein, Flavour Enhancer: Monosodium Glutamate, Malted Barley Extract, Dextrose",https://www.sainsburys.co.uk/gol-ui/product/pukka-vegan-no-steak-slice-170g,,2024-08-20T20:27:07.240925-04:00
66-1957-DAI,Juici Patties Beef Patty 135g,Juici,"Dairy, eggs & chilled","Pies, pasties & quiche","All pies, pasties & quiche",,£1.30,,,96p / 100g,8165255.0,"Minced beef cooked with vegetables and spices, baked in a flaky pastry.",,https://assets.sainsburys-groceries.co.uk/gol/8165255/1/640x640.jpg,"Nutrient	per 100g
Energy kJ	1268kJ
Energy kcal	304kcal
Fat	18g
Of which saturates	8.9g
Carbohydrate	25g
Of which sugars	2.3g
Fibre	1.9g
Protein	9.5g
Salt	1.03g","Wheat Flour (Wheat Flour, Calcium Carbonate, Iron, Niacin, Thiamin), Water, Margarine (Palm Oil, Salt, Water), Minced Beef (11%), Vegetable Fat (Palm, Rapeseed, Sunflower), Seasoning Mix (Rusk (Wheat), Cornflour, Salt, Colour: Ammonia Caramel, Flavour Enhancer: Monosodium Glutamate, Onion Powder, Sugar, Spices (Mustard, Celery), Soya Flour (Soya)), Sugar, Spring Onions, Diced Onions, Scotch Bonnet Chilli Pepper, Salt, Garlic Puree, Soy Sauce (Soya), Colours: Annatto, Curcumin, Preservatives: Calcium Propionate, Potassium Sorbate",https://www.sainsburys.co.uk/gol-ui/product/juici-patties-beef-patty-135g,,2024-08-20T20:27:20.306754-04:00
66-1958-DAI,Sainsbury's Jumbo Roll 145g,Sainsbury's,"Dairy, eggs & chilled","Pies, pasties & quiche",Pies,,£1.25,,,86p / 100g,8011740.0,Seasoned British pork sausagemeat wrapped in puff pastry,,https://assets.sainsburys-groceries.co.uk/gol/8011740/1/640x640.jpg,,,https://www.sainsburys.co.uk/gol-ui/product/sainsburys-jumbo-rolls-145g,,2024-08-20T20:27:41.724752-04:00
66-1959-DAI,Pork Farms Melton Mowbray Pork Pie 295g,Pork,"Dairy, eggs & chilled",Discover,Picnic essentials,,£2.35,,,80p / 100g,7559056.0,"Medium Melton Mowbray pork pie made with seasoned, uncured pork baked in pastry.",,https://assets.sainsburys-groceries.co.uk/gol/7559056/1/640x640.jpg,"Nutrient	per 100g:
Energy	1482kJ/ 356kcal
Fat	24g
of which saturates	9.5g
Carbohydrate	24g
of which sugars	1.3g
Fibre	1.3g
Protein	10.4g
Salt	0.92g","Pork (36%), Fortified Wheat Flour [Wheat Flour, Calcium Carbonate, Iron, Niacin, Thiamin], Pork Lard, Water, Salt, Pork Gelatine, Pasteurised Egg, White Pepper, Black Pepper",https://www.sainsburys.co.uk/gol-ui/product/medium-melton-mowbray-pork-pie-295g,,2024-08-20T20:27:55.121932-04:00
66-1960-DAI,Pieminister This Isn't a Chicken & Bacon Pie with Leek & White Wine 270g,Pieminister,"Dairy, eggs & chilled","Pies, pasties & quiche","All pies, pasties & quiche",,£4.70,,,£17.41 / kg,8168597.0,"Vegan pie made with chicken style soya pieces & bacon style soya & pea protein pieces, leek and white wine.",,https://assets.sainsburys-groceries.co.uk/gol/8168597/1/640x640.jpg,"Nutrient	per 100g	per pie
Energy (kJ)	766	2068
Energy (kcal)	183	495
Fat	8.6g	23.2g
of which saturates	3.9g	10.5g
Carbohydrate	24.1g	65.0g
of which sugars	1.2g	3.1g
Protein	2.4g	6.5g
Salt	0.77g	2.07g","Wheat Flour (Wheat, Calcium, Niacin, Iron, Thiamine), Water, Soya Milk (Water, Hulled Soya Beans, Acidity Regulators (Dipotassium Phosphate, Monopotassium Phosphate), Calcium Carbonate, Flavourings, Sea Salt, Stabiliser (Gellan Gum), Vitamins (Riboflavin (B2), B12, D2)), Onion, Chicken Style Soya Protein Pieces (Water, Soya Protein Concentrate, Natural Flavouring, Fava Protein Isolate, Shea Oil, Rapeseed Oil, Potato Starch, Salt, Pea Fibre, Emulsifier (Xanthan Gum), Stabiliser (Calcium Sulphate), Iron, Vitamin B12), Leek, Identity Preserved Palm Oil*, Bacon Style Soya & Pea Protein Pieces (Water, Soya Protein Concentrate, Soya Protein Isolate, Flavouring, Rapeseed Oil, Pea Protein Isolate, Salt, Potato Starch, Vegetable Extracts (Radish, Carrot, Paprika), Maltodextrin, Smoke Flavouring, Iron, Vitamin B12), White Wine, Wholegrain Mustard (Water, Mustard Seeds, Spirit Vinegar, Salt, White Wine Vinegar, Sugar, Spices), Modified Corn Starch, Garlic, Salt, Vegetable Fibre, Wheat Maltodextrin, Tapioca Starch, Flavouring, Yeast Extract (Yeast Extract, Salt), Wheat Protein, Thyme, Black Pepper, Sugar, *Learn More About Our Certified Sustainable",https://www.sainsburys.co.uk/gol-ui/product/pieminister-this-isnt-a-chicken-bacon-pie-with-leek-white-wine-270g,,2024-08-20T20:28:08.272353-04:00
66-1961-DAI,Rana Tomato & Mozzarella Gnocchi 280g,Rana,"Dairy, eggs & chilled","Pizza, pasta & garlic bread",Pasta,,£3.00,,£2.50,£10.71 / kg,8018719.0,Pan-Fry Gnocchi with a Tomato and Mozzarella Filling.,,https://assets.sainsburys-groceries.co.uk/gol/8018719/1/640x640.jpg,"Nutrient	as sold Per 100g
Energy	992 kJ / 235 kcal
Fat	4 g
of which saturates	1.6 g
Carbohydrate	40 g
of which sugars	2.7 g
Fibre	4.8 g
Protein	7.4 g
Salt	1.6 g","Gnocchi 70%: Potato Purée 61% (Water, Potato Flakes), Durum Wheat Semolina, Salt, Sunflower Oil, Turmeric, Filling 30%: Mozzarella Cheese (from Milk) 30%, Tomato Concentrate 14%, Tomato Purée 14%, Potato Flakes 8%, Full Fat Hard Cheese (from Milk), Whey Powder (from Milk), Potato Starch, Vegetable Fibre, Ricotta Cheese (from Milk), Extra Virgin Olive Oil, Salt, Garlic, Oregano",https://www.sainsburys.co.uk/gol-ui/product/rana-tomato-mozzarella-gnocchi-280g,,2024-08-20T20:28:16.445221-04:00
66-1962-DAI,La Famiglia Rana Spinach & Ricotta Fresh Tortelloni 250g,La,"Dairy, eggs & chilled","Pizza, pasta & garlic bread",Pasta sauce,,£3.00,,,£12.00 / kg,7921894.0,Fresh Egg Pasta with a Ricotta Cheese and Spinach Filling,,https://assets.sainsburys-groceries.co.uk/gol/7921894/1/640x640.jpg,"Nutrient	as consumed Per 100g	as consumed Per 1/2 pack
Energy	904 kJ / 215 kcal	1582 kJ / 376 kcal
Fat	7.4 g	13 g
of which saturates	2 g	3.5 g
Carbohydrate	29 g	51 g
of which sugars	4.9 g	8.6 g
Fibre	2.3 g	4 g
Protein	7 g	12 g
Salt	0.86 g	1.5 g","Filling 53%: Ricotta Cheese (from Milk) 39%, Spinach 20%, Whey Powder (from Milk), Sunflower Oil, Breadcrumbs (Soft Wheat Flour, Water, Salt, Yeast), Mascarpone Cheese (from Milk), Starches (from Pea, Potato and Corn), Vegetable Fibres (from Corn and Potato), Potato Flakes, Natural Flavourings, Salt, Garlic, Nutmeg, Pasta 47%: Soft Wheat Flour, Eggs 30%, Durum Wheat Semolina",https://www.sainsburys.co.uk/gol-ui/product/la-famiglia-rana-spinach-ricotta-fresh-tortelloni-250g,,2024-08-20T20:28:29.783564-04:00
66-1963-DAI,La Famiglia Rana Aubergine Parmigiana Fresh Tortelloni 250g,La,"Dairy, eggs & chilled",Discover,Simple meals,,£3.00,,,£12.00 / kg,7922017.0,"Fresh Egg Pasta with a Fried Aubergine, Mozzarella Cheese and Tomato Filling",,https://assets.sainsburys-groceries.co.uk/gol/7922017/1/640x640.jpg,"Nutrient	as consumed Per 100g	as consumed Per 1/2 pack
Energy	881 kJ / 210 kcal	1542 kJ / 368 kcal
Fat	7.8 g	14 g
of which saturates	2.8 g	4.9 g
Carbohydrate	25 g	44 g
of which sugars	3.3 g	5.8 g
Fibre	4.3 g	7.5 g
Protein	7.8 g	14 g
Salt	0.54 g	0.95 g","Filling 53%: Fried Aubergines 22% (Aubergine, Sunflower Oil), Mozzarella Cheese (from Milk) 16%, Chopped Tomatoes 11%, Tomato Concentrate 9%, Mascarpone Cheese (from Milk), Ricotta Cheese (from Milk), Vegetable Fibres (from Corn and Potato), Full Fat Hard Cheese (from Milk), Breadcrumbs (Soft Wheat Flour, Water, Salt, Yeast), Whey Powder (from Milk), Natural Flavourings, Starches (from Pea, Potato and Corn), Basil 1%, Salt, Garlic, Pasta 47%: Soft Wheat Flour, Eggs 30%, Durum Wheat Semolina",https://www.sainsburys.co.uk/gol-ui/product/la-famiglia-rana-aubergine-parmigiana-fresh-tortelloni-250g,,2024-08-20T20:28:44.523150-04:00
66-1964-DAI,Sainsbury's Fresh Gnocchi 500g,Sainsbury's,"Dairy, eggs & chilled",Discover,Meals for tonight,,£2.25,,£2.00,£4.50 / kg,636186.0,Potato gnocchi,,https://assets.sainsburys-groceries.co.uk/gol/636186/1/640x640.jpg,,,https://www.sainsburys.co.uk/gol-ui/product/sainsburys-fresh-gnocchi-500g,,2024-08-20T20:29:00.650993-04:00
66-1965-DAI,Stamford Street Co. Cheese & Tomato Pizza 101g,Stamford,"Dairy, eggs & chilled","Pizza, pasta & garlic bread",Pizza,,49p,,,£4.85 / kg,8144684.0,Pizza base topped with tomato sauce and Mozzarella cheese,,https://assets.sainsburys-groceries.co.uk/gol/8144684/1/640x640.jpg,,,https://www.sainsburys.co.uk/gol-ui/product/stamford-street-food-co-cheese-tomato-pizza-101g,,2024-08-20T20:29:21.647472-04:00
66-1966-DAI,"Sainsbury's Mozzarella & Cherry Tomato Pizza, Taste the Difference 484g",Sainsbury's,"Dairy, eggs & chilled",Discover,Meals for tonight,,£4.75,,,£9.81 / kg,7824403.0,"Hand stretched wood-fired pizza base, topped with tomato sauce, Mozzarella cheese, bocconcini Mozzarella balls and marinated sun- dried tomatoes",,https://assets.sainsburys-groceries.co.uk/gol/7824403/1/640x640.jpg,,,https://www.sainsburys.co.uk/gol-ui/product/sainsburys-mozzarella---cherry-tomato-pizza--taste-the-difference-490g,,2024-08-20T20:29:42.551781-04:00
66-1967-DAI,Pizza Express Dough Balls with Garlic Dip x16,Pizza,"Dairy, eggs & chilled",Naans & meal sides,All naans & meals sides,,£3.80,,,£1.90 / 100g,7895867.0,Part-baked dough balls with a garlic butter dip.,,https://assets.sainsburys-groceries.co.uk/gol/7895867/1/640x640.jpg,,"Wheat Flour (Wheat Flour, Calcium Carbonate, Iron, Niacin Thiamin), Water, Unsalted Butter (Milk) (12%), Rapeseed Oil, Garlic Purée, Olive Oil, Salt, Sugar, Yeast, Flour Treatment Agent (Ascorbic Acid)",https://www.sainsburys.co.uk/gol-ui/product/pizza-express-doughballs-x16-190g,,2024-08-20T20:29:55.617094-04:00
66-1968-DAI,Sainsbury's Cheese & Garlic Flatbread 224g,Sainsbury's,"Dairy, eggs & chilled",Discover,Meals for tonight,,£1.90,,,85p / 100g,8002819.0,"Flatbread topped with garlic and parsley spread with butter, extra mature Cheddar and Mozzarella cheese",,https://assets.sainsburys-groceries.co.uk/gol/8002819/1/640x640.jpg,,,https://www.sainsburys.co.uk/gol-ui/product/sainsburys-cheese-garlic-flatbread-224g,,2024-08-20T20:30:16.905308-04:00
66-1969-DAI,Stamford Street Co. Garlic Baguette x2 330g,Stamford,"Dairy, eggs & chilled","Pizza, pasta & garlic bread","Garlic bread, doughballs & sides",,71p,,,22p / 100g,8176257.0,2 Baguettes filled with garlic and parsley spread,,https://assets.sainsburys-groceries.co.uk/gol/8176257/1/640x640.jpg,,,https://www.sainsburys.co.uk/gol-ui/product/stamford-street-co-garlic-baguette-x2-330g,,2024-08-20T20:30:39.506937-04:00
66-1970-DAI,Pizza Express American Pepperoni Pizza 250g,Pizza,"Dairy, eggs & chilled",Discover,Simple meals,,£5.50,,,£22.00 / kg,6342095.0,"A pizza base topped with tomato sauce, mozzarella cheese, pepperoni and a sprinkle of oregano and black pepper.",,https://assets.sainsburys-groceries.co.uk/gol/6342095/1/640x640.jpg,,"Wheat Flour (Wheat Flour, Calcium Carbonate, Iron, Niacin, Thiamin), Mozzarella Cheese (Milk), Tomato, Pepperoni (9%) (Pork, Water, Durum Wheat Semolina, Salt, Cane Sugar, Dextrose, Caramelised Sugar, Antioxidants (Sodium Ascorbate, Extracts of Rosemary), Paprika Extract, Caraway, Glucose Syrup, Preservative (Sodium Nitrite), Coriander Extract, Garlic Extract, Pepper Extract, Ginger Extract), Tomato Purée, Water, Rapeseed Oil, Semolina (Wheat), Salt, Sugar, Lemon Juice, Yeast, Oregano, Black Pepper, Basil",https://www.sainsburys.co.uk/gol-ui/product/pizza-express-american-8-pizza-255g,,2024-08-20T20:30:52.512300-04:00
66-1971-DAI,Sainsbury's Garlic Flatbread 210g,Sainsbury's,"Dairy, eggs & chilled",Discover,Meals for tonight,,£1.90,,,90p / 100g,8002845.0,Flatbread topped with garlic and parsley spread with butter,,https://assets.sainsburys-groceries.co.uk/gol/8002845/1/640x640.jpg,,,https://www.sainsburys.co.uk/gol-ui/product/sainsburys-garlic-flatbread-210g,,2024-08-20T20:31:13.825667-04:00
66-1972-DAI,"Sainsbury's Salami, Prosciutto & Chorizo Pizza, Taste the Difference 455g",Sainsbury's,"Dairy, eggs & chilled",Discover,Meals for tonight,,£4.75,,,£10.44 / kg,7825475.0,"Hand stretched wood-fired pizza base, topped with tomato sauce, Mozzarella cheese, Italian prosciutto cotto ham, Spanish chorizo and Italian Napoli salami",,https://assets.sainsburys-groceries.co.uk/gol/7825475/1/640x640.jpg,,,https://www.sainsburys.co.uk/gol-ui/product/sainsburys-salami--prosciutto---chorizo-pizza--taste-the-difference-445g,,2024-08-20T20:31:35.418042-04:00
66-1973-DAI,"Sainsbury's Prosciutto Mushroom & Mascarpone Pizza, Taste the Difference 480g",Sainsbury's,"Dairy, eggs & chilled",Discover,Meals for tonight,,£4.75,,,£9.90 / kg,7825489.0,"Hand stretched wood-fired pizza base, topped with tomato sauce, Mozzarella cheese, chestnut mushrooms, Italian prosciutto cotto ham and British Mascarpone cheese.",,https://assets.sainsburys-groceries.co.uk/gol/7825489/1/640x640.jpg,,,https://www.sainsburys.co.uk/gol-ui/product/sainsburys-prosciutto-mushroom---mascarpone-pizza--taste-the-difference-500g,,2024-08-20T20:31:57.133166-04:00
66-1974-DAI,Sainsbury's Cheese Sauce 350g (Serves 2),Sainsbury's,"Dairy, eggs & chilled","Pizza, pasta & garlic bread",Pasta sauce,,£1.90,,£1.50,54p / 100g,576307.0,A sauce made with medium fat soft cheese and mature Cheddar cheese,,https://assets.sainsburys-groceries.co.uk/gol/576307/1/640x640.jpg,,,https://www.sainsburys.co.uk/gol-ui/product/sainsburys-cheese-sauce-350g-576307-p-44,,2024-08-20T20:32:13.272332-04:00
66-1975-DAI,Sainsbury's Stonebaked Meat Feast Hand Stretch Pizza 306g,Sainsbury's,"Dairy, eggs & chilled",Discover,Meals for tonight,,£3.50,,£2.50,£11.48 / kg,8015781.0,"Stonebaked pizza base topped with tomato and basil sauce, Mozzarella and Cheddar cheese, pepperoni, smoked formed ham with added water and spicy beef",,https://assets.sainsburys-groceries.co.uk/gol/8015781/1/640x640.jpg,,,https://www.sainsburys.co.uk/gol-ui/product/sainsburys-stonebaked-meat-feast-306g,,2024-08-20T20:32:29.572258-04:00
66-1976-DAI,"Sainsbury's Basil Pesto, Taste the Difference 150g",Sainsbury's,"Dairy, eggs & chilled","Pizza, pasta & garlic bread",Pasta sauce,,£2.90,,,£1.93 / 100g,8160209.0,"A pesto made with basil, Pecorino cheese, lemon juice, Regato cheese and pine nuts",,https://assets.sainsburys-groceries.co.uk/gol/8160209/1/640x640.jpg,,,https://www.sainsburys.co.uk/gol-ui/product/sainsburys-basil-pesto-taste-the-difference-150g,,2024-08-20T20:32:51.135276-04:00
66-1977-DAI,"Sainsbury's Thin & Crispy 10"" Pizza Base x2 260g",Sainsbury's,"Dairy, eggs & chilled","Pizza, pasta & garlic bread",Pizza,,£1.25,,,£4.81 / kg,7613483.0,2 pizza bases,,https://assets.sainsburys-groceries.co.uk/gol/7613483/1/640x640.jpg,,,https://www.sainsburys.co.uk/gol-ui/product/sainsburys-thin---crispy-pizza-base-twin-pack-10,,2024-08-20T20:33:12.578801-04:00
66-1978-DAI,Sainsbury's Farfalle Pasta 500g,Sainsbury's,"Dairy, eggs & chilled","Pizza, pasta & garlic bread",Pasta,,69p,,,£1.38 / kg,336321.0,Dried durum wheat semolina pasta,,https://assets.sainsburys-groceries.co.uk/gol/336321/1/640x640.jpg,,,https://www.sainsburys.co.uk/gol-ui/product/sainsburys-farfalle--italian-500g,,2024-08-20T20:33:34.027364-04:00
66-1979-DAI,"Sainsbury's Spicy Pepperoni & Roquito Pizza, Taste the Difference 475g",Sainsbury's,"Dairy, eggs & chilled",Discover,Meals for tonight,,£4.75,,,£10.00 / kg,7824416.0,"Hand stretched wood-fired pizza base, topped with tomato sauce, Mozzarella cheese, spicy Italian pepperoni, bocconcini Mozzarella balls and Roquito® chilli peppers",,https://assets.sainsburys-groceries.co.uk/gol/7824416/1/640x640.jpg,,,https://www.sainsburys.co.uk/gol-ui/product/sainsburys-spicy-pepperoni---roquito-pizza--taste-the-difference-475g,,2024-08-20T20:33:55.489240-04:00
66-1980-DAI,Sainsbury's Fresh Egg Lasagne Sheets 250g,Sainsbury's,"Dairy, eggs & chilled","Pizza, pasta & garlic bread",Pasta,,£2.00,,£1.75,£8.00 / kg,636162.0,Fresh egg pasta sheets,,https://assets.sainsburys-groceries.co.uk/gol/636162/1/640x640.jpg,,,https://www.sainsburys.co.uk/gol-ui/product/sainsburys-fresh-egg-lasagne-sheets-250g,,2024-08-20T20:34:11.799488-04:00
66-1981-DAI,"Sainsbury's Butternut Squash & Sage Ravioli, Taste the Difference 250g",Sainsbury's,"Dairy, eggs & chilled","Pizza, pasta & garlic bread",Pasta,,£3.25,,,£13.00 / kg,8074186.0,"Free range egg pasta with butternut squash, mascarpone cheese and sage filling",,https://assets.sainsburys-groceries.co.uk/gol/8074186/1/640x640.jpg,,,https://www.sainsburys.co.uk/gol-ui/product/sainsburys-pumpkin-sage-ravioli-taste-the-difference-250g,,2024-08-20T20:34:32.914529-04:00
66-1982-DAI,Stamford Street Co. Cheese & Tomato Pizza 309g,Stamford,"Dairy, eggs & chilled","Pizza, pasta & garlic bread",Pizza,,£1.20,,,£4.00 / kg,8144686.0,Pizza base topped with tomato sauce and Mozzarella cheese,,https://assets.sainsburys-groceries.co.uk/gol/8144686/1/640x640.jpg,,,https://www.sainsburys.co.uk/gol-ui/product/stamford-street-food-co-cheese-tomato-pizza-309g,,2024-08-20T20:34:54.480321-04:00
66-1983-DAI,Pizza Express Sloppy Guiseppe Pizza 305g,Pizza,"Dairy, eggs & chilled",Discover,Simple meals,,£5.50,,,£18.84 / kg,3659335.0,"A pizza base topped with tomato sauce, mozzarella cheese, spicy ground beef, green pepper, red onion and a sprinkle of oregano and black pepper.",,https://assets.sainsburys-groceries.co.uk/gol/3659335/1/640x640.jpg,,"Wheat Flour (Wheat Flour, Calcium Carbonate, Iron, Niacin, Thiamin), Mozzarella Cheese (Milk) (14%), Tomato (9%), Tomato Purée, Spicy Beef (7%) (Beef, Water, Rusk (Wheat Flour (Wheat Flour, Calcium Carbonate, Iron, Niacin, Thiamin), Salt), Salt, Wheat Flour, Paprika, Garlic, Dextrose, Coriander, Nutmeg, Cumin, Chilli Powder, Onion Powder, Black Pepper, Colour (Paprika Extract), Marjoram, Oregano, Caraway, Sage, Thyme, Basil, Chive, Extracts of Rosemary, Chilli Extract, Yeast Extract), Red Onion (6%), Green Pepper (6%), Water, Rapeseed Oil, Semolina (Wheat), Salt, Sugar, Lemon Juice, Yeast, Oregano, Black Pepper, Basil",https://www.sainsburys.co.uk/gol-ui/product/pizza-express-sloppy-guiseppe-8-pizza,,2024-08-20T20:35:07.567491-04:00
66-1984-DAI,"Crosta & Mollica Margherita Sourdough Pizza Tomato, Mozzarella & Oregano 403g",Crosta,"Dairy, eggs & chilled","Pizza, pasta & garlic bread",Pizza,,£5.75,,,£14.27 / kg,8025610.0,,,https://assets.sainsburys-groceries.co.uk/gol/8025610/1/640x640.jpg,,"Wheat Flour, Mozzarella Cheese (19%) (Cow's Milk), Water, Tomato (8%), Tomato Puree (8%), Sunflower Oil, Parmigiano Reggiano D.O.P. Cheese (Cow's Milk, Non-Vegetarian Rennet), Salt, Olive Oil, Sicilian Oregano (0.05%), Yeast",https://www.sainsburys.co.uk/gol-ui/product/crosta-mollica-margherita-pizza-403g,,2024-08-20T20:35:25.386532-04:00
66-1985-DAI,"Sainsbury's Garlic Mushroom Mascarpone & Truffle Wood Fired Pizza, Taste the Difference 425g",Sainsbury's,"Dairy, eggs & chilled","Pizza, pasta & garlic bread",Pizza,,£4.75,,,£11.18 / kg,8158051.0,"Hand stretched wood-fired pizza base, topped with truffle flavoured mushroom and garlic béchamel sauce, Mozzarella cheese, chestnut mushrooms, Mascarpone cheese and roasted confit onion",,https://assets.sainsburys-groceries.co.uk/gol/8158051/1/640x640.jpg,,,https://www.sainsburys.co.uk/gol-ui/product/sainsburys-garlic-mushroom-mascarpone-truffle-wood-fired-pizza-taste-the-difference-425g,,2024-08-20T20:35:46.895955-04:00
66-1986-DAI,Sainsbury's Garlic Slices with a Parsley Topping x8 235g,Sainsbury's,"Dairy, eggs & chilled","Pizza, pasta & garlic bread","Garlic bread, doughballs & sides",,£2.25,,,96p / 100g,8173133.0,Baguette slices topped with garlic and parsley spread with butter,,https://assets.sainsburys-groceries.co.uk/gol/8173133/1/640x640.jpg,,,https://www.sainsburys.co.uk/gol-ui/product/sainsburys-garlic-slices-with-a-parsley-topping-x8-235g,,2024-08-20T20:36:08.413366-04:00
66-1987-DAI,"Sainsbury's Wood Fired Napoli Salami & Chilli Honey Pizza, Autumn Edition, Taste the Difference 460g",Sainsbury's,"Dairy, eggs & chilled","Pizza, pasta & garlic bread",Pizza,,£4.75,,,£10.33 / kg,8120994.0,"Hand stretched wood-fired pizza base, topped with tomato sauce, Mozzarella cheese, Napoli salami, Mozzarella balls, red chilli, and a chilli honey dressing sachet",,https://assets.sainsburys-groceries.co.uk/gol/8120994/1/640x640.jpg,,,https://www.sainsburys.co.uk/gol-ui/product/sainsburys-wood-fired-napoli-salami-chilli-honey-pizza-autumn-edition-taste-the-difference-460g,,2024-08-20T20:36:29.018902-04:00
66-1988-DAI,"Sainsbury's Carbonara Sauce, Taste the Difference 350g (Serves 2)",Sainsbury's,"Dairy, eggs & chilled","Pizza, pasta & garlic bread",Pasta sauce,,£2.90,,,83p / 100g,6405729.0,"A sauce made with cream, smoked bacon, Cheddar and pecorino cheeses",,https://assets.sainsburys-groceries.co.uk/gol/6405729/1/640x640.jpg,,,https://www.sainsburys.co.uk/gol-ui/product/sainsburys-carbonara-sauce--taste-the-difference-350g-6405729-p-44,,2024-08-20T20:36:50.369274-04:00
66-1989-DAI,Sainsbury's Smokey Chorizo Tortelloni 300g,Sainsbury's,"Dairy, eggs & chilled",Discover,Meals for tonight,,£2.00,,£1.75,£6.67 / kg,7937891.0,"Fresh egg pasta tortelloni with a chorizo, ricotta cheese and smoked bacon filling",,https://assets.sainsburys-groceries.co.uk/gol/7937891/1/640x640.jpg,,,https://www.sainsburys.co.uk/gol-ui/product/sainsburys-smokey-chorizo-tortelloni-300g,,2024-08-20T20:37:06.939346-04:00
66-1990-DAI,Stamford Street Co. Single Garlic Baguette 165g,Stamford,"Dairy, eggs & chilled","Pizza, pasta & garlic bread","Garlic bread, doughballs & sides",,50p,,,30p / 100g,8176255.0,Baguette filled with garlic and parsley spread,,https://assets.sainsburys-groceries.co.uk/gol/8176255/1/640x640.jpg,,,https://www.sainsburys.co.uk/gol-ui/product/stamford-street-co-single-garlic-baguette-165g,,2024-08-20T20:37:28.349237-04:00
66-1991-DAI,Crosta & Mollica Ready to Top Pizza Base with Tomato Sauce 270g,Crosta,"Dairy, eggs & chilled","Pizza, pasta & garlic bread",Pizza,,£2.35,,,£8.70 / kg,7974613.0,,,https://assets.sainsburys-groceries.co.uk/gol/7974613/1/640x640.jpg,,"Wheat Flour, Water, Tomato Pulp (11%), Tomato Puree (11%), Olive Oil, Durum Wheat Semolina, Salt, Yeast, Malted Wheat Flour",https://www.sainsburys.co.uk/gol-ui/product/crosta-mollica-ready-to-top-pizza-base-with-tomato-sauce-270g,,2024-08-20T20:37:46.902685-04:00
66-1992-DAI,Sainsbury's Prosciutto Cappelletti 300g,Sainsbury's,"Dairy, eggs & chilled",Discover,Meals for tonight,,£2.00,,£1.75,£6.67 / kg,7930092.0,Fresh egg pasta cappelletti with a prosciutto crudo filling,,https://assets.sainsburys-groceries.co.uk/gol/7930092/1/640x640.jpg,,,https://www.sainsburys.co.uk/gol-ui/product/sainsburys-prosciutto-cappelletti-300g,,2024-08-20T20:38:02.695054-04:00
66-1993-DAI,"Sainsbury's 3 Cheese Flatbread, Taste the Difference 215g",Sainsbury's,"Dairy, eggs & chilled","Pizza, pasta & garlic bread","Garlic bread, doughballs & sides",,£2.50,,£2.00,£1.16 / 100g,8186437.0,"Flatbread topped with Regato cheese and finished with extra mature Cheddar, Mozzarella, garlic and parsley",,https://assets.sainsburys-groceries.co.uk/gol/8186437/1/640x640.jpg,,,https://www.sainsburys.co.uk/gol-ui/product/sainsburys-3-cheese-flatbread-taste-the-difference-215g,,2024-08-20T20:38:19.141781-04:00
66-1994-DAI,Sainsbury's Ham & Cheese Tortelloni 300g,Sainsbury's,"Dairy, eggs & chilled",Discover,Meals for tonight,,£2.00,,£1.75,£6.67 / kg,7930089.0,"Fresh egg pasta tortelloni with a cheese, ham and bacon filling",,https://assets.sainsburys-groceries.co.uk/gol/7930089/1/640x640.jpg,,,https://www.sainsburys.co.uk/gol-ui/product/sainsburys-ham-cheese-tortelloni-300g,,2024-08-20T20:38:35.319056-04:00
66-1995-DAI,Sainsbury's Stuffed Crust Pepperoni Delight Pizza 613g,Sainsbury's,"Dairy, eggs & chilled",Discover,Pizza takeaway,,£5.25,,,£8.56 / kg,7824433.0,"Hand stretched garlic and herb flavoured cheese stuffed crust pizza base topped with tomato sauce, Mozzarella and Cheddar cheese and pepperoni",,https://assets.sainsburys-groceries.co.uk/gol/7824433/1/640x640.jpg,,,https://www.sainsburys.co.uk/gol-ui/product/sainsburys-stuffed-crust-pepperoni-passion-pizza-640g,,2024-08-20T20:38:56.970165-04:00
66-1996-DAI,Sainsbury's Pesto & Goat Cheese Tortelloni 300g,Sainsbury's,"Dairy, eggs & chilled",Discover,Meals for tonight,,£2.00,,£1.75,£6.67 / kg,7930099.0,Fresh egg pasta tortelloni with a basil pesto and goats cheese filling,,https://assets.sainsburys-groceries.co.uk/gol/7930099/1/640x640.jpg,,,https://www.sainsburys.co.uk/gol-ui/product/sainsburys-pesto-goat-cheese-tortelloni-300g,,2024-08-20T20:39:12.736327-04:00
66-1997-DAI,Sainsbury's Cheese & Garlic Slices x8 260g,Sainsbury's,"Dairy, eggs & chilled","Pizza, pasta & garlic bread","Garlic bread, doughballs & sides",,£2.25,,,87p / 100g,8173131.0,Baguette slices topped with garlic and parsley spread with butter finished with a blend of mature cheddar and mozzarella,,https://assets.sainsburys-groceries.co.uk/gol/8173131/1/640x640.jpg,,,https://www.sainsburys.co.uk/gol-ui/product/sainsburys-cheese-garlic-slices-x8-260g,,2024-08-20T20:39:34.183691-04:00
66-1998-DAI,Chicago Town Tiger Crust Double Pepperoni 320g,Chicago,"Dairy, eggs & chilled","Pizza, pasta & garlic bread",Pizza takeaway,,£4.00,,,£12.50 / kg,8187111.0,"Classic thin crust pizza base topped with tomato sauce, mozzarella, pepperoni-salami and mini pepperoni.",,https://assets.sainsburys-groceries.co.uk/gol/8187111/1/640x640.jpg,"Nutrient	(as sold) Per 100g	(as consumed) Per 1/2 pizza	Reference Intake* Per 1/2 pizza	Reference Intake* Adult
Energy - (kJ)	1095	1896	-	-
- kcal (Calories)	261	452	23%	2000
Fat	11g	19g	27%	70g
of which saturates	4.0g	7.0g	35%	20g
Carbohydrate	28g	48g	18%	260g
of which sugars	3.3g	5.7g	6%	90g
Fibre	2.2g	3.9g	-	-
Protein	12g	21g	42%	50g
Salt	0.98g	1.7g	28%	6g","Wheat Flour (With Calcium, Niacin (B3), Iron, Thiamin (B1)), Mozzarella Cheese (20%), Tomato Puree, Water, Mini Pepperoni (6%) (Pork, Pork Fat, Salt, Spices, Dextrose, Maltodextrin, Spice Extracts, Antioxidants (Ascorbic Acid, Extracts of Rosemary), Preservative (Sodium Nitrite), Smoke), Pepperoni-Salami (4.5%) (Pork, Pork Fat, Salt, Dextrose, Spices, Spice Extracts, Garlic Powder, Onion Powder, Antioxidants (Sodium Ascorbate, Extracts of Rosemary), Preservative (Sodium Nitrite), Smoke), Vegetable Oils (Rapeseed, Coconut), Yeast, Salt, Emulsifiers (E479b, E 472e, E 471), Modified Potato Starch, Sugar, Herbs and Spices, Garlic, Flour Treatment Agents (L-Cysteine, Ascorbic Acid), Dextrose",https://www.sainsburys.co.uk/gol-ui/product/chicago-town-tiger-crust-double-pepperoni-320g,,2024-08-20T20:39:47.582304-04:00
66-1999-DAI,Sainsbury's Stuffed Crust Cheese Feast Pizza 600g,Sainsbury's,"Dairy, eggs & chilled",Discover,Pizza takeaway,,£5.25,,,£8.76 / kg,7824465.0,"Hand stretched garlic and herb flavoured cheese stuffed crust pizza base topped with Mozzarella cheese, tomato sauce and Cheddar cheese",,https://assets.sainsburys-groceries.co.uk/gol/7824465/1/640x640.jpg,,,https://www.sainsburys.co.uk/gol-ui/product/sainsburys-stuffed-crust-cheese-feast-pizza-665g,,2024-08-20T20:40:09.076428-04:00
66-2000-DAI,Sainsbury's Fresh Egg Spaghetti 500g,Sainsbury's,"Dairy, eggs & chilled","Pizza, pasta & garlic bread",Pasta,,£2.25,,,£4.50 / kg,636155.0,Fresh Egg Pasta,,https://assets.sainsburys-groceries.co.uk/gol/636155/1/640x640.jpg,,,https://www.sainsburys.co.uk/gol-ui/product/sainsburys-fresh-spaghetti-500g,,2024-08-20T20:40:30.032465-04:00
66-2001-DAI,McCain Shake Shake Fries Sea Salt and Cracked Black Pepper 303g,McCain,"Dairy, eggs & chilled",Discover,Meals for tonight,,£2.25,,,£7.43 / kg,7943776.0,"Coated chilled fries, with a sea salt and cracked black pepper seasoning",,https://assets.sainsburys-groceries.co.uk/gol/7943776/1/640x640.jpg,"Nutrient	Per 100g Oven Baked	Per 100g Air Fryer
Energy kJ	1351	1092
kcal	323	261
Fat g	13	12
of which saturates g	1.6	0.9
Carbohydrate g	45	34
of which sugars g	0.5	0.5
Fibre g	4.1	3.0
Protein g	3.9	3.7
Salt g	1.3	0.89","Fries: Potatoes (83%), Vegetable Oils (Rapeseed, Sunflower) - in varying proportions, Batter (Wheat Flour (with Calcium, Iron, Niacin, Thiamin), Modified Starch (Maize, Tapioca), Rice Flour, Salt, Corn Starch, Turmeric Extract, Colour (Paprika Extract)), Sachet: Sea Salt (0.5%), Cracked Black Peppercorn (0.2%), Red Pepper, Cracked Green Peppercorn, Pimento",https://www.sainsburys.co.uk/gol-ui/product/mccain-shake-shake-fries-sea-salt-and-cracked-black-pepper-300g,,2024-08-20T20:40:43.387043-04:00
66-2002-DAI,Chicago Town Tiger Crust Cheese Medley 305g,Chicago,"Dairy, eggs & chilled","Pizza, pasta & garlic bread",Pizza takeaway,,£4.00,,,£13.11 / kg,8186795.0,"Classic thin crust pizza base topped with tomato sauce, a blend of mozzarella and coloured Cheddar and diced Cheddar and Emmental cheese.",,https://assets.sainsburys-groceries.co.uk/gol/8186795/1/640x640.jpg,"Nutrient	(as sold) Per 100g	(as consumed) Per 1/2 pizza	Reference Intake* Per 1/2 pizza	Reference Intake* Adult
Energy - (kJ)	1124	1948	-	-
- kcal (Calories)	268	465	23%	2000
Fat	11g	19g	27%	70g
of which saturates	5.0g	8.7g	44%	20g
Carbohydrate	28g	48g	18%	260g
of which sugars	3.1g	5.4g	6%	90g
Fibre	2.2g	3.8g	-	-
Protein	13g	23g	46%	50g
Salt	0.90g	1.6g	27%	6.0g","Wheat Flour (With Calcium, Niacin (B3), Iron, Thiamin (B1)), Blend of Mozzarella and Coloured Cheddar (with Colour Annatto Norbixin) (22%), Tomato Puree, Water, Blend of Diced Cheddar and Emmental Cheese (9%), Vegetable Oils (Rapeseed, Coconut), Yeast, Salt, Modified Potato Starch, Emulsifiers (E479b, E 472e, E 471), Sugar, Herbs and Spices, Garlic, Flour Treatment Agents (L-Cysteine, Ascorbic Acid), Dextrose",https://www.sainsburys.co.uk/gol-ui/product/chicago-town-tiger-crust-cheese-medley-305g,,2024-08-20T20:40:56.690081-04:00
66-2003-DAI,"Sainsbury's Chicken & Bacon Pasta Bake Ready Meal For 1, Taste the Difference 375g",Sainsbury's,"Dairy, eggs & chilled",Discover,Meals for tonight,,£4.25,,,£11.33 / kg,7964622.0,"Pasta with British marinated chicken breast and beechwood smoked British bacon lardons with added water in a cheese sauce, topped with a basil crumb",,https://assets.sainsburys-groceries.co.uk/gol/7964622/1/640x640.jpg,,,https://www.sainsburys.co.uk/gol-ui/product/sainsburys-taste-the-difference-chicken-bacon-pasta-bake-375g,,2024-08-20T20:41:18.097742-04:00
66-2004-DAI,"Sainsbury's Ciabatta Slices, Taste the Difference 255g",Sainsbury's,"Dairy, eggs & chilled","Pizza, pasta & garlic bread","Garlic bread, doughballs & sides",,£3.00,,£2.50,£1.18 / 100g,8169185.0,"Ciabatta topped with extra virgin olive oil (7%), rapeseed oil, garlic and parsley",,https://assets.sainsburys-groceries.co.uk/gol/8169185/1/640x640.jpg,,,https://www.sainsburys.co.uk/gol-ui/product/sainsburys-ciabatta-slices-taste-the-difference-255g,,2024-08-20T20:41:34.221940-04:00
66-2005-DAI,Crosta & Mollica Stromboli Sourdough Pizza Spicy Salami & Pepperoni 447g,Crosta,"Dairy, eggs & chilled","Pizza, pasta & garlic bread",Pizza,,£5.75,,,£12.86 / kg,8026224.0,Spicy Calabrese & Ventricina Salami,,https://assets.sainsburys-groceries.co.uk/gol/8026224/1/640x640.jpg,,"Wheat Flour, Tomato Passata, Water, Mozzarella Cheese (12.3%) (Cow's Milk), Ventricina Smoked Salami (5.6%) (Pork Meat, Pork Fat, Salt, Preservative: Sodium Nitrite, Spices, Dextrose, Antioxidant: Ascorbic Acid), Calabrese Spicy Salami (5.3%) (Pork Meat, Chilli, Salt, Flavourings, Dextrose, Sugar, Spices, Smoke Flavour, Antioxidant: Ascorbic Acid, Preservatives: Sodium Nitrite, Potassium Nitrate), Crumbled Pepperoni (4.5%) (Pork Meat, Pork Fat, Salt, Chilli, Spices, Sugar, Antioxidant: Ascorbic Acid, Preservative: Sodium Nitrite), Sunflower Oil, Salt, Extra Virgin Olive Oil, Roasted Garlic, Paprika, Oregano, Black Pepper, Yeast, Chilli",https://www.sainsburys.co.uk/gol-ui/product/crosta-mollica-stromboli-pizza-447g,,2024-08-20T20:41:47.304606-04:00
66-2006-DAI,"Sainsbury's Wood-Fired Four Cheese & Caramelised Red Onion, Taste the Difference 475g",Sainsbury's,"Dairy, eggs & chilled","Pizza, pasta & garlic bread",Pizza,,£4.75,,,£10.00 / kg,8068466.0,"Hand stretched wood-fired pizza base, topped with tomato sauce, Mozzarella cheese, goats' cheese, Mascarpone cheese, balsamic caramelised onion and pecorino cheese.",,https://assets.sainsburys-groceries.co.uk/gol/8068466/1/640x640.jpg,,,https://www.sainsburys.co.uk/gol-ui/product/sainsburys-wood-fired-four-cheese-caramelised-red-onion-taste-the-difference-475g,,2024-08-20T20:42:08.736499-04:00
66-2007-DAI,"Sainsbury's Basil & Pine Nuts Ravioli, Taste the Difference 250g",Sainsbury's,"Dairy, eggs & chilled","Pizza, pasta & garlic bread",Pasta,,£3.25,,,£13.00 / kg,8074259.0,"Free range egg, basil and spinach pasta with ricotta cheese, basil and pine nut filling",,https://assets.sainsburys-groceries.co.uk/gol/8074259/1/640x640.jpg,,,https://www.sainsburys.co.uk/gol-ui/product/sainsburys-basil-pine-nuts-ravioli-taste-the-difference-250g,,2024-08-20T20:42:30.136392-04:00
66-2008-DAI,"Sainsbury's Pomodoro Sauce, Taste the Difference 350g (Serves 2)",Sainsbury's,"Dairy, eggs & chilled","Pizza, pasta & garlic bread",Pasta sauce,,£2.90,,,83p / 100g,7339846.0,Tomato sauce made with sundried tomato paste and olive oil,,https://assets.sainsburys-groceries.co.uk/gol/7339846/1/640x640.jpg,,,https://www.sainsburys.co.uk/gol-ui/product/sainsburys-pomodoro-sauce--taste-the-difference-350g,,2024-08-20T20:42:51.538528-04:00
66-2009-DAI,"Sainsbury's Roasted Garlic & Extra Virgin Olive Oil Flatbread, Taste the Difference 195g",Sainsbury's,"Dairy, eggs & chilled",Discover,Taste the Difference Dine in for £12 (valid for deliveries from 10th April),,£2.50,,,£1.28 / 100g,8144230.0,"Flatbread enriched with extra virgin olive oil (3%), topped with a roasted garlic, parsley, extra virgin olive oil (2.5%) and rapeseed oil dressing",,https://assets.sainsburys-groceries.co.uk/gol/8144230/1/640x640.jpg,,,https://www.sainsburys.co.uk/gol-ui/product/sainsburys-garlic-pizza-bread-taste-the-difference-195g,,2024-08-20T20:43:13.141426-04:00
66-2010-DAI,Sainsbury's Four Cheese Tortelloni 300g,Sainsbury's,"Dairy, eggs & chilled",Discover,Meals for tonight,,£2.00,,£1.75,£6.67 / kg,7930266.0,Fresh egg pasta Tortelloni with a blend of cheeses,,https://assets.sainsburys-groceries.co.uk/gol/7930266/1/640x640.jpg,,,https://www.sainsburys.co.uk/gol-ui/product/sainsburys-four-cheese-tortelloni-300g,,2024-08-20T20:43:29.658520-04:00
66-2011-DAI,"Sainsbury's Red Onion & Cheddar Flatbread, Taste the Difference 255g",Sainsbury's,"Dairy, eggs & chilled",Bread,All bread,,£2.50,,£2.00,98p / 100g,8032592.0,"Flatbread topped with extra mature Cheddar cheese, red onions and finished with an extra virgin olive oil (3%), parsley and garlic dressing",,https://assets.sainsburys-groceries.co.uk/gol/8032592/1/640x640.jpg,,,https://www.sainsburys.co.uk/gol-ui/product/sainsburys-red-onion-cheddar-flatbread-taste-the-difference-265g,,2024-08-20T20:43:45.866009-04:00
66-2012-DAI,Sainsbury's Stonebaked Three Cheese 265g,Sainsbury's,"Dairy, eggs & chilled","Pizza, pasta & garlic bread",Pizza,,£3.50,,£2.50,£13.21 / kg,8120998.0,"Hand stretched stonebaked pizza base topped with tomato and basil sauce, Mozzarella, Red Leicester and Cheddar cheese",,https://assets.sainsburys-groceries.co.uk/gol/8120998/1/640x640.jpg,,,https://www.sainsburys.co.uk/gol-ui/product/sainsburys-stonebaked-three-cheese-265g,,2024-08-20T20:44:01.790730-04:00
66-2013-DAI,La Famiglia Rana Prosciutto Cotto & Mozzarella Fresh Tortelloni 250g,La,"Dairy, eggs & chilled",Discover,Simple meals,,£3.00,,,£12.00 / kg,7921310.0,"Fresh Egg Pasta with a Cooked Ham, Ricotta and Mozzarella Filling",,https://assets.sainsburys-groceries.co.uk/gol/7921310/1/640x640.jpg,,"Filling 53%: Cooked Ham 28% (Pork, Salt, Sugar, Dextrose, Natural Flavourings), Ricotta Cheese (from Milk) 23%, Mozzarella Cheese (from Milk) 10%, Vegetable Fibres (Corn and Potato), Sunflower Oil, Cream (from Milk), Breadcrumbs (Soft Wheat Flour, Water, Salt, Yeast), Starch (from Corn and Potato), Full Fat Hard Cheese (from Milk) 4%, Natural Flavourings (contain Milk, Wheat), Whey Powder (from Milk), Butter (from Milk), Pasta 47%: Soft Wheat Flour, Eggs 30%, Durum Wheat Semolina",https://www.sainsburys.co.uk/gol-ui/product/la-famiglia-rana-prosciutto-cotto-mozzarella-fresh-tortelloni-250g,,2024-08-20T20:44:14.488436-04:00
66-2014-DAI,"Sainsbury's Parmesan & Garlic Twists, Taste the Difference 100g",Sainsbury's,"Dairy, eggs & chilled","Pizza, pasta & garlic bread","Garlic bread, doughballs & sides",,£2.00,,,£2.00 / 100g,8028160.0,All Butter parmesan and garlic puff pastry twists,,https://assets.sainsburys-groceries.co.uk/gol/8028160/1/640x640.jpg,,,https://www.sainsburys.co.uk/gol-ui/product/sainsburys-parmesan-garlic-twists-taste-the-difference-100g,,2024-08-20T20:44:35.982245-04:00
66-2015-DAI,"Sainsbury's King Prawn & Chilli Ravioli, Taste the Difference 250g",Sainsbury's,"Dairy, eggs & chilled","Pizza, pasta & garlic bread",Pasta,,£3.25,,,£13.00 / kg,8073948.0,"Free range egg pasta with prawns, Mozzarella and chilli filling",,https://assets.sainsburys-groceries.co.uk/gol/8073948/1/640x640.jpg,,,https://www.sainsburys.co.uk/gol-ui/product/sainsburys-king-prawn-chilli-ravioli-taste-the-difference-250g,,2024-08-20T20:44:57.447434-04:00
66-2016-DAI,La Famiglia Rana Mushroom & Ricotta Fresh Tortelloni 250g,La,"Dairy, eggs & chilled","Pizza, pasta & garlic bread",Pasta,,£3.00,,,£12.00 / kg,7921835.0,Fresh Egg Pasta with a Mushroom and Mascarpone Filling,,https://assets.sainsburys-groceries.co.uk/gol/7921835/1/640x640.jpg,,"Filling 53%: Grilled Champignon Mushroom 43% (Champignon Mushrooms Agaricus Bisporus, Sunflower Oil), Breadcrumbs (Soft Wheat Flour, Water, Salt, Yeast), Sunflower Oil, Mascarpone Cheese (from Milk) 6%, Mozzarella Cheese (from Milk), Porcini Mushroom 4.5% (Boletus Edulis and its group), Butter (from Milk), Starch (from Corn and Potato), Vegetable Fibres (from Corn and Potato), Whey Powder (from Milk), Parmigiano Reggiano Cheese (from Milk), Natural Flavourings (contains Milk, Wheat , Barley), Onion, Salt, White Wine, Parsley 0.6%, Garlic, Pasta 47%: Soft Wheat Flour, Eggs 30%, Durum Wheat Semolina",https://www.sainsburys.co.uk/gol-ui/product/la-famiglia-rana-mushroom-ricotta-fresh-tortelloni-250g,,2024-08-20T20:45:10.496385-04:00
66-2017-DAI,"Sainsbury's Pasta Sauce, Sweet Pepper 500g",Sainsbury's,"Dairy, eggs & chilled","Pizza, pasta & garlic bread",Pasta sauce,,69p,,,14p / 100g,7575853.0,"Tomato sauce with yellow peppers, red peppers and onions",,https://assets.sainsburys-groceries.co.uk/gol/7575853/1/640x640.jpg,,,https://www.sainsburys.co.uk/gol-ui/product/sainsburys-sweet-pepper-pasta-sauce-500g,,2024-08-20T20:45:31.988968-04:00
66-2018-DAI,"Sainsbury's Garlic Chicken & Smoked Bacon Caesar, Taste the Difference 465g",Sainsbury's,"Dairy, eggs & chilled","Pizza, pasta & garlic bread",Pizza,,£4.75,,,£10.22 / kg,8181846.0,"Hand stretched wood-fired pizza base, topped with tomato sauce, Mozzarella cheese, garlic and herb British chicken, mascarpone cheese, smoked British bacon with added water, Parmigiano Reggiano and spinach.",,https://assets.sainsburys-groceries.co.uk/gol/8181846/1/640x640.jpg,,,https://www.sainsburys.co.uk/gol-ui/product/sainsburys-chicken-bacon-caesar-taste-the-difference-465g,,2024-08-20T20:45:53.618443-04:00
66-2019-DAI,Stamford Street Co. Cheese Tortelloni 250g,Stamford,"Dairy, eggs & chilled","Pizza, pasta & garlic bread",Pasta,,£1.32,,,£5.28 / kg,8148962.0,Fresh egg pasta Tortelloni with a filling of a blend of cheeses,,https://assets.sainsburys-groceries.co.uk/gol/8148962/1/640x640.jpg,,,https://www.sainsburys.co.uk/gol-ui/product/sainsburys-stamford-street-co-cheese-tortelloni-250g,,2024-08-20T20:46:15.438527-04:00
66-2020-DAI,La Famiglia Rana Pan-Fried Gnocchi Original 300g,La,"Dairy, eggs & chilled",Discover,Meals for tonight,,£2.50,,,£8.33 / kg,7970816.0,Pan-Fry Gnocchi with Potato,,https://assets.sainsburys-groceries.co.uk/gol/7970816/1/640x640.jpg,"Nutrient	as sold Per 100g
Energy	895 kJ / 211 kcal
Fat	0.8 g
of which saturates	0.3 g
Carbohydrate	43 g
of which sugars	<0.5 g
Fibre	4.9 g
Protein	5.6 g
Salt	1.8 g","Potato Puree 68% (Water, Potato Flakes), Durum Wheat Semolina, Salt, Turmeric",https://www.sainsburys.co.uk/gol-ui/product/la-famiglia-rana-pan-fried-gnocchi-original-300g,,2024-08-20T20:46:28.325174-04:00
66-2021-DAI,Sainsbury's Cheese & Tomato Pizza 227g,Sainsbury's,"Dairy, eggs & chilled","Pizza, pasta & garlic bread",Pizza,,£1.70,,,£7.49 / kg,8125510.0,Pizza base topped with tomato sauce and Mozzarella cheese and mild Cheddar cheese,,https://assets.sainsburys-groceries.co.uk/gol/8125510/1/640x640.jpg,,,https://www.sainsburys.co.uk/gol-ui/product/sainsburys-cheese-tomato-pizza-227g,,2024-08-20T20:46:49.822230-04:00
66-2022-DAI,Sainsbury's Classic Crust Meat Feast Pizza 529g,Sainsbury's,"Dairy, eggs & chilled",Discover,Pizza takeaway,,£5.25,,,£9.92 / kg,7931375.0,"Pizza base topped with tomato sauce, Mozzarella and Cheddar cheese, spicy beef, pepperoni, smoked formed ham with added water and pork sausage",,https://assets.sainsburys-groceries.co.uk/gol/7931375/1/640x640.jpg,,,https://www.sainsburys.co.uk/gol-ui/product/sainsburys-classic-crust-meat-feast-pizza-520g,,2024-08-20T20:47:11.323269-04:00
66-2023-DAI,Sainsbury's Cheese & Bacon Potato Skins x4 256g,Sainsbury's,"Dairy, eggs & chilled",Discover,Pizza takeaway,,£3.25,,,£12.70 / kg,8168069.0,Potato shells with a cheese and British reformed smoked bacon filling,,https://assets.sainsburys-groceries.co.uk/gol/8168069/1/640x640.jpg,,,https://www.sainsburys.co.uk/gol-ui/product/sainsburys-4-cheese-bacon-potato-skins-256g,,2024-08-20T20:47:33.001784-04:00
66-2024-DAI,Sainsbury's Italian Fresh Egg Linguine 500g,Sainsbury's,"Dairy, eggs & chilled","Pizza, pasta & garlic bread",Pasta,,£2.25,,,£4.50 / kg,6464744.0,Fresh Egg Pasta,,https://assets.sainsburys-groceries.co.uk/gol/6464744/1/640x640.jpg,,,https://www.sainsburys.co.uk/gol-ui/product/sainsburys-fresh-tagliolini-500g,,2024-08-20T20:47:55.914844-04:00
66-2025-DAI,Sainsbury's Meatball Pasta Bake Ready Meal For 4 1.5kg,Sainsbury's,"Dairy, eggs & chilled","Pizza, pasta & garlic bread",Pasta,,£7.90,,,£5.27 / kg,8116534.0,Penne pasta in a tomato and basil sauce with British pork and beef meatballs topped with mature Cheddar cheese,,https://assets.sainsburys-groceries.co.uk/gol/8116534/1/640x640.jpg,,,https://www.sainsburys.co.uk/gol-ui/product/sainsburys-meatball-pasta-bake-15kg,,2024-08-20T20:48:17.228859-04:00
66-2026-DAI,"Sainsbury's Fresh Pappardelle, Taste the Difference 300g",Sainsbury's,"Dairy, eggs & chilled","Pizza, pasta & garlic bread",Pasta,,£1.75,,,£5.83 / kg,8159236.0,Fresh Free Range Egg Pasta,,https://assets.sainsburys-groceries.co.uk/gol/8159236/1/640x640.jpg,,,https://www.sainsburys.co.uk/gol-ui/product/sainsburys-fresh-pappardelle-taste-the-difference-300g,,2024-08-20T20:48:38.812736-04:00
66-2027-DAI,Sainsbury's Takeaway Sides Crispy Waffle Fries 300g,Sainsbury's,"Dairy, eggs & chilled",Discover,Pizza takeaway,,£3.25,,,£10.83 / kg,8183758.0,Potato waffles coated in a batter with spices,,https://assets.sainsburys-groceries.co.uk/gol/8183758/1/640x640.jpg,,,https://www.sainsburys.co.uk/gol-ui/product/sainsburys-takeaway-sides-crispy-waffle-fries-300g,,2024-08-20T20:49:00.427091-04:00
66-2028-DAI,"Sainsbury's Mozzarella & Cherry Tomato Pizza, Taste the Difference 260g",Sainsbury's,"Dairy, eggs & chilled",Discover,Meals for tonight,,£3.75,,,£14.42 / kg,7824551.0,"Hand stretched wood-fired pizza base, topped with tomato sauce, bocconcini Mozzarella balls, Mozzarella cheese and marinated sun-dried tomatoes",,https://assets.sainsburys-groceries.co.uk/gol/7824551/1/640x640.jpg,,,https://www.sainsburys.co.uk/gol-ui/product/sainsburys-mozzarella---cherry-tomato-pizza--taste-the-difference-275g,,2024-08-20T20:49:22.300251-04:00
66-2029-DAI,Sainsbury's Takeaway Mozzarella Sticks Sides 240g,Sainsbury's,"Dairy, eggs & chilled",Discover,Pizza takeaway,,£3.25,,,£13.54 / kg,8160050.0,Mozzarella cheese sticks coated in a crispy breadcrumb,,https://assets.sainsburys-groceries.co.uk/gol/8160050/1/640x640.jpg,,,https://www.sainsburys.co.uk/gol-ui/product/sainsburys-takeaway-mozzarella-sticks-sides-240g,,2024-08-20T20:49:43.531138-04:00
66-2030-DAI,"Sainsbury's Spinach & Ricotta Girasoli, Taste the Difference 250g",Sainsbury's,"Dairy, eggs & chilled","Pizza, pasta & garlic bread",Pasta,,£3.25,,,£13.00 / kg,8074184.0,"Free range egg pasta with ricotta cheese, spinach and lemon peel filling",,https://assets.sainsburys-groceries.co.uk/gol/8074184/1/640x640.jpg,,,https://www.sainsburys.co.uk/gol-ui/product/sainsburys-spinach-ricotta-girasoli-taste-the-difference-250g,,2024-08-20T20:50:04.934202-04:00
66-2031-DAI,La Famiglia Rana Genovese Basil P.D.O. Pesto 140g,La,"Dairy, eggs & chilled",Discover,Meals for tonight,,£2.25,,,£1.61 / 100g,7970825.0,"Pesto Sauce with Extra Virgin Olive Oil, Basil, Hard Cheese, Pine Nuts and Garlic",,https://assets.sainsburys-groceries.co.uk/gol/7970825/1/640x640.jpg,"Nutrient	as sold Per 100g
Energy	2374 kJ / 576 kcal
Fat	57 g
of which saturates	10 g
Carbohydrate	10 g
of which sugars	9.3 g
Protein	4.7 g
Salt	2.2 g","Extra Virgin Olive Oil, Basilico Genovese DOP (**PDO Genovese Basil) 18%, Sunflower Oil, Whey Powder (from Milk), Hard Cheese (from Milk) 8%, Wheat Flour, Butter (from Milk), Salt, Pine Nuts 1.5%, Natural Flavourings, Garlic 1%, Skimmed Milk Powder, Acid: Lactic Acid, Antioxidant: Ascorbic Acid, **PDO: Protected Designation of Origin",https://www.sainsburys.co.uk/gol-ui/product/la-famiglia-rana-genovese-basil-pdo-pesto-140g,,2024-08-20T20:50:18.105149-04:00
66-2032-DAI,Sainsbury's Classic Crust BBQ Chicken Pizza 540g,Sainsbury's,"Dairy, eggs & chilled",Discover,Pizza takeaway,,£5.25,,,£9.72 / kg,7824498.0,"Hand stretched pizza base topped with BBQ sauce, Mozzarella and Cheddar cheese, marinated chicken, mixed peppers, smoked British bacon with added water and red onion",,https://assets.sainsburys-groceries.co.uk/gol/7824498/1/640x640.jpg,,,https://www.sainsburys.co.uk/gol-ui/product/sainsburys-classic-crust-bbq-chicken-pizza-530g,,2024-08-20T20:50:39.051504-04:00
66-2033-DAI,White Rabbit Gluten Free Garlicky Focaccine Pack 2x125g,White,"Dairy, eggs & chilled","Pizza, pasta & garlic bread","Garlic bread, doughballs & sides",,£3.50,2 for £3.50,£2.50,£12.96 / kg,8050114.0,"Two gluten free breads topped with dairy alternative spread, fresh garlic and fresh parsley.",,https://assets.sainsburys-groceries.co.uk/gol/8050114/1/640x640.jpg,"Nutrient	As prepared Per 100g
Energy	1202kJ/ 286kcal
Fat	10.1g
of which saturates	1.3g
Carbohydrates	49.4g
of which sugars	3.3g
Fibre	3.4g
Protein	1.1g
Salt	1.29g","Flour Blend (Corn Starch, Inulin, Hypromellose, Guar Gum, Psyllium, Rice, Maize, Buckwheat, Potato Starch, Quinoa, Powder Sugar), Water, Vegan Spread (21%) (Vegetable Oils (Sunflower, Rapeseed, Palm), Water, Salt, Emulsifiers - E471, Sunflower Lecithin, Potassium Sorbate, Lactic Acid, Annatto, Curcumin), Nutritional Yeast (with B12), Garlic, Parsley, Olive Oil, Salt, Yeast",https://www.sainsburys.co.uk/gol-ui/product/white-rabbit-gluten-free-garlicky-focaccine-pack-2x125g,2x125g,2024-08-20T20:50:47.087993-04:00
66-2034-DAI,"Sainsbury's Fresh Rigatoni, Taste the Difference 300g",Sainsbury's,"Dairy, eggs & chilled","Pizza, pasta & garlic bread",Pasta,,£1.75,,,£5.83 / kg,8159232.0,Fresh Free Range Egg Pasta,,https://assets.sainsburys-groceries.co.uk/gol/8159232/1/640x640.jpg,,,https://www.sainsburys.co.uk/gol-ui/product/sainsburys-fresh-rigatoni-taste-the-difference-300g,,2024-08-20T20:51:08.529154-04:00
66-2035-DAI,Sainsbury's Takeaway BBQ Dip 90g,Sainsbury's,"Dairy, eggs & chilled",Discover,Pizza takeaway,,£1.60,,,£17.78 / kg,8132662.0,BBQ Sauce,,https://assets.sainsburys-groceries.co.uk/gol/8132662/1/640x640.jpg,,,https://www.sainsburys.co.uk/gol-ui/product/sainsburys-takeaway-bbq-dip-90g,,2024-08-20T20:51:29.889887-04:00
66-2036-DAI,Sainsbury's Three Cheese Pasta Bake Ready Meal For 2 750g,Sainsbury's,"Dairy, eggs & chilled",Discover,Simple meals,,£4.25,,,£5.67 / kg,8120294.0,"Tortiglioni pasta in a tomato and basil sauce topped with cheese sauce, finished with mozzarella, mature Cheddar and Red Leicester cheese",,https://assets.sainsburys-groceries.co.uk/gol/8120294/1/640x640.jpg,,,https://www.sainsburys.co.uk/gol-ui/product/sainsburys-three-cheese-pasta-bake-750g,,2024-08-20T20:51:51.666758-04:00
66-2037-DAI,Sainsbury's Breaded Mushrooms Takeaway Sides 350g,Sainsbury's,"Dairy, eggs & chilled",Discover,Pizza takeaway,,£3.25,,,£9.29 / kg,7973005.0,Mushrooms coated in a crispy garlic batter and herb breadcrumb,,https://assets.sainsburys-groceries.co.uk/gol/7973005/1/640x640.jpg,,,https://www.sainsburys.co.uk/gol-ui/product/sainsburys-breaded-mushrooms-350g,,2024-08-20T20:52:13.114557-04:00
66-2038-DAI,Crosta & Mollica Regina Sourdough Pizza Prosciutto Ham Mushrooms & Mozzarella 448g,Crosta,"Dairy, eggs & chilled","Pizza, pasta & garlic bread",Pizza,,£5.75,,,£12.83 / kg,8127591.0,"Regina Sourdough Pizza Prosciutto Ham, Mushrooms & Mozzarella",,https://assets.sainsburys-groceries.co.uk/gol/8127591/1/640x640.jpg,,"Wheat Flour, Mozzarella Cheese (11.5%) (Cow's Milk), Mushrooms (7.2%), Prosciutto Cotto Ham (6.6%) (Pork Meat, Water, Salt, Dextrose, Antioxidant: Sodium Ascorbate, Preservative: Sodium Nitrite, Spices and Herbs), Tomato, Tomato Puree, Sunflower Oil, Mascarpone Cheese (Cow's Milk), Salt, Cream (Cow's Milk), Olive Oil, Potato Starch, Black Pepper, Parsley, Oregano, Garlic, Yeast",https://www.sainsburys.co.uk/gol-ui/product/crosta-mollica-regina-sourdough-pizza-prosciutto-ham-mushrooms-mozzarella-448g,,2024-08-20T20:52:26.302284-04:00
66-2039-DAI,Annabel Karmel Yummy Chicken Pasta with Tomato & Mascarpone 1+ Years 200g,Annabel,"Dairy, eggs & chilled","Pizza, pasta & garlic bread",Pasta,,£2.20,,,£11.00 / kg,8079770.0,Chifferi pasta with chicken in a tomato and Mascarpone sauce with vegetables.,,https://assets.sainsburys-groceries.co.uk/gol/8079770/1/640x640.jpg,"Nutrient	per 100g	per meal
Energy	432kJ/ 102kcal	864kJ/ 204kcal
Fat	1.7g	3.3g
of which saturates	0.7g	1.3g
Carbohydrate	15.5g	30.9g
of which sugars	2.3g	4.6g
Fibre	1.4g	2.8g
Protein	5.6g	11.3g
Salt	0.26g	0.52g
Sodium	0.10g	0.21g","Sauce (57%) [Water, Chopped Tomato (20%) (Tomato, Tomato Juice, Acidity Regulator (Citric Acid)), Tomato (10%), Tomato Puree (7%), Celery (5%), Carrot (5%), Courgette (5%), Red Onion (5%), Half Cream (3%) (Milk), Mascarpone Full Fat Soft Cheese (3%) (Milk), Sundried Tomato Paste (Rehydrated Sundried Tomatoes (Water, Tomato, Salt), Sunflower Oil and/or Rapeseed Oil, White Wine Vinegar, Sugar, Salt, Rosemary, Garlic Extract (Sunflower Oil and/or Rapeseed Oil, Garlic Oil), Black Pepper, Olive Oil, Basil Extract), Cornflour, Garlic Puree, Vegetable Stock (Maltodextrin, Salt, Onion Powder, Flavouring, Yeast Extract, Sunflower Oil and/or Rapeseed Oil, Parsley, Black Pepper), Basil, Oregano, Parsley, Sage, Thyme, Ground Black Pepper], Cooked Chifferi Pasta (33%) [Durum Wheat Semolina, Water], Cooked Chicken Pieces (10%) [Chicken Breast, Salt]",https://www.sainsburys.co.uk/gol-ui/product/annabel-karmel-yummy-chicken-pasta-with-tomato-mascarpone-1-years-200g,,2024-08-20T20:52:39.343869-04:00
66-2040-DAI,La Famiglia Rana Braised Beef & Red Wine Ravioli 250g,La,"Dairy, eggs & chilled","Pizza, pasta & garlic bread",Pasta,,£4.00,,,£16.00 / kg,8159311.0,"Fresh Egg Pasta with a Braised Beef and ""Amarone Della Valpolicella D.O.C.G."" Red Wine Filling",,https://assets.sainsburys-groceries.co.uk/gol/8159311/1/640x640.jpg,"Nutrient	as consumed Per 100g	as consumed Per 1/2 pack
Energy	831 kJ / 198 kcal	1039 kJ / 248 kcal
Fat	7.4 g	9.3 g
of which saturates	3.3 g	4.1 g
Carbohydrate	22 g	28 g
of which sugars	3.4 g	4.3 g
Fibre	1.7 g	2.1 g
Protein	10 g	13 g
Salt	1.1 g	1.4 g","Filling 60%: Braised Beef 31% (Beef 99%, Salt, Pepper, Rosemary), Ricotta Cheese (from Milk), Cream (from Milk), ""Amarone della Valpolicella D.O.C.G* Red Wine"" 7%, Sunflower Oil, Parmigiano Reggiano PDO** Cheese (from Milk), Whey Powder (from Milk), Breadcrumbs (Soft Wheat Flour, Water, Salt, Yeast), Butter (from Milk), Carrots 3%, Natural Flavourings (contain Milk, Celery and Wheat), Vegetable Fibres (from Corn and Potato), Rice Flour, Tomato Concentrate, Salt, Garlic, Onion, Honey, Fat-Reduced Cocoa Powder, Roasted Onion, Corn Starch, Porcini Mushroom Powder (Boletus Edulis and its group), Black Pepper, Rosemary, Pasta 40%: Soft Wheat Flour, Eggs 30%, Durum Wheat Semolina, *D.O.C.G.*: Designation of origin and guaranteed, **PDO: Protected designation of origin",https://www.sainsburys.co.uk/gol-ui/product/la-famiglia-rana-braised-beef-red-wine-ravioli-250g,,2024-08-20T20:52:52.811883-04:00
66-2041-DAI,Sainsbury's Mini Garlic Pizza Breads x2 230g,Sainsbury's,"Dairy, eggs & chilled",Discover,Pizza takeaway,,£3.25,,,£14.13 / kg,8169183.0,Pizza Breads topped with garlic and parsley spread,,https://assets.sainsburys-groceries.co.uk/gol/8169183/1/640x640.jpg,,,https://www.sainsburys.co.uk/gol-ui/product/sainsburys-mini-garlic-pizza-breads-x2-230g,,2024-08-20T20:53:14.355868-04:00
66-2042-DAI,"Loyd Grossman Pasta Sauce, Puttanesca 350g",Loyd,"Dairy, eggs & chilled","Pizza, pasta & garlic bread",Pasta sauce,,£3.00,,£1.50,86p / 100g,2706313.0,Puttanesca Sauce,,https://assets.sainsburys-groceries.co.uk/gol/2706313/1/640x640.jpg,"Nutrient	Per 100g
Energy (Kj)	278kJ
Energy (Kcal)	67kcal
Fat	3.4g
Of which Saturates	0.4g
Carbohydrates	5.5g
Of which Sugars	4.8g
Fibre	0.7g
Protein	1.4g
Salt	0.90g","Tomatoes (59%), Tomato Purée, Black Olives (5%), Garlic Purée, Sugar, Sunflower Oil, Extra Virgin Olive Oil, Anchovy Purée (Salted Anchovies (Fish) Olive Oil, White Wine Vinegar), Parsley, Concentrated Lemon Juice, Sea Salt, Salt, Ground Black Pepper, Dried Chilli",https://www.sainsburys.co.uk/gol-ui/product/loyd-grossman-pasta-sauce--puttanesca-350g,,2024-08-20T20:53:22.008376-04:00
66-2043-DAI,"Loyd Grossman Pasta Sauce, Chargrilled Vegetable 350g",Loyd,"Dairy, eggs & chilled","Pizza, pasta & garlic bread",Pasta sauce,,£3.00,,£1.50,86p / 100g,3912751.0,Tomato & Chargrilled Yegetables Sauce,,https://assets.sainsburys-groceries.co.uk/gol/3912751/1/640x640.jpg,"Nutrient	Per 100g
Energy (kJ)	271kJ
Energy (kcal)	65kcal
Fat	2.2g
Of which Saturates	0.2g
Carbohydrate	8.2g
Of which Sugars	6.2g
Fibre	1.6g
Protein	2.2g
Salt	0.83g","Tomatoes (51%), Chargrilled Vegetables in variable proportions (21%) (Aubergine, Courgette, Onion, Red Pepper, Yellow Pepper), Tomato Purée, Sugar, Rapeseed Oil, Yeast Extract, Concentrated Lemon Juice, Basil, Garlic Purée, Sea Salt, Chargrill Flavour Paste (Glucose Syrup, Flavouring, Yeast Extract (contains Barley), Water, Salt), Extra Virgin Olive Oil, Ground Black Pepper",https://www.sainsburys.co.uk/gol-ui/product/loyd-grossman-pasta-sauce--chargrilled-vegetable-350g,,2024-08-20T20:53:30.059733-04:00
66-2044-DAI,Sainsbury's Free From Spinach & Ricotta Tortelloni 250g,Sainsbury's,"Dairy, eggs & chilled","Pizza, pasta & garlic bread",Pasta,,£2.50,,,£10.00 / kg,7921662.0,Fresh egg pasta with spinach and ricotta filling,,https://assets.sainsburys-groceries.co.uk/gol/7921662/1/640x640.jpg,,,https://www.sainsburys.co.uk/gol-ui/product/sainsburys-deliciously-free-from-fresh-spinach-ricotta-tortelloni-250g,,2024-08-20T20:53:52.024040-04:00
66-2045-DAI,Sainsbury's Stonebaked Ham & Mushroom 285g,Sainsbury's,"Dairy, eggs & chilled","Pizza, pasta & garlic bread",Pizza,,£3.50,,£2.50,£12.28 / kg,8182071.0,"Stonebaked pizza base topped with tomato and basil sauce, Mozzarella and Cheddar cheese, smoked formed ham with added water and mushroom",,https://assets.sainsburys-groceries.co.uk/gol/8182071/1/640x640.jpg,,,https://www.sainsburys.co.uk/gol-ui/product/sainsburys-stonebaked-ham-mushroom-285g,,2024-08-20T20:54:08.351647-04:00
66-2046-DAI,"Sainsbury's Prosciutto Mushroom & Mascarpone Pizza, Taste the Difference 252g",Sainsbury's,"Dairy, eggs & chilled",Discover,Meals for tonight,,£3.75,,,£14.88 / kg,7824511.0,"Hand stretched wood-fired pizza base, topped with tomato sauce, Mozzarella cheese, chestnut mushrooms, Italian prosciutto cotto ham and British Mascarpone cheese.",,https://assets.sainsburys-groceries.co.uk/gol/7824511/1/640x640.jpg,,,https://www.sainsburys.co.uk/gol-ui/product/sainsburys-prosciutto-mushroom---mascarpone-pizza--taste-the-difference-250g,,2024-08-20T20:54:29.748649-04:00
66-2047-DAI,Sainsbury's Takeaway Cajun Onion Rings 300g,Sainsbury's,"Dairy, eggs & chilled",Discover,Pizza takeaway,,£3.25,,,£10.83 / kg,8181842.0,Fried natural onion rings coated in a Cajun flavoured batter,,https://assets.sainsburys-groceries.co.uk/gol/8181842/1/640x640.jpg,,,https://www.sainsburys.co.uk/gol-ui/product/sainsburys-takeaway-cajun-onion-rings-300g,,2024-08-20T20:54:51.372575-04:00
66-2048-DAI,"Sainsbury's Nduja, Mascarpone & Peppadew Piquante Pepper, Taste the Difference 485g",Sainsbury's,"Dairy, eggs & chilled","Pizza, pasta & garlic bread",Pizza,,£4.75,,,£9.79 / kg,8181844.0,"Hand stretched wood-fired pizza base, topped with tomato sauce, Mozzarella cheese, roasted red onion petals, Mascarpone cheese, PEPPADEW® Piquanté Peppers and Italian 'Nduja",,https://assets.sainsburys-groceries.co.uk/gol/8181844/1/640x640.jpg,,,https://www.sainsburys.co.uk/gol-ui/product/sainsburys-nduja-red-onion-taste-the-difference-485g,,2024-08-20T20:55:12.862667-04:00
66-2049-DAI,Sainsbury's Stars Pasta 500g,Sainsbury's,"Dairy, eggs & chilled","Pizza, pasta & garlic bread",Pasta,,72p,,,£1.44 / kg,7650022.0,Dried durum wheat semolina pasta,,https://assets.sainsburys-groceries.co.uk/gol/7650022/1/640x640.jpg,,,https://www.sainsburys.co.uk/gol-ui/product/sainsburys-stars-500g,,2024-08-20T20:55:33.901818-04:00
66-2050-DAI,"Sainsbury's Stonebaked Greek Inspired Feta, Pepper & Olive 295g",Sainsbury's,"Dairy, eggs & chilled","Pizza, pasta & garlic bread",Pizza,,£3.75,,,£12.71 / kg,8181848.0,"Hand stretched stonebaked pizza base topped with tomato and basil sauce, Feta cheese, red pepper, black olives and red onion",,https://assets.sainsburys-groceries.co.uk/gol/8181848/1/640x640.jpg,,,https://www.sainsburys.co.uk/gol-ui/product/sainsburys-stonebaked-global-greek-style-pizza-295g,,2024-08-20T20:55:55.791427-04:00
66-2051-DAI,White Rabbit The Smokin' Vegan Pizza 353g,White,"Dairy, eggs & chilled","Pizza, pasta & garlic bread",Pizza,,£5.50,,,£15.58 / kg,7877421.0,"A Gluten Free Pizza Base with Tomato Sauce, Peppers, Mushrooms, MozzaRisella® and Spinach.",,https://assets.sainsburys-groceries.co.uk/gol/7877421/1/640x640.jpg,,"Flour Blend (Corn Starch, Inulin, Hypromellose, Guar Gum, Psyllium, Rice, Maize, Buckwheat, Potato Starch, Quinoa, Powder Sugar), Water, Tomato Sauce (18%) (Tomato Pulp, Semi-Concentrate Tomato Paste, Sunflower Oil, Onion, Basil, Salt, Sugar, Garlic), MozzaRisella® Dairy Alternative (11%) (Bio Surice (Water, Germinated Whole Rice, Salt, Apple Vinegar), Coconut Oil, Lemon Juice, Agar Agar, Gum Arabic, Xanthan Gum, Carob Flour), Yellow Pepper (7%) (Pepper, Sunflower Oil, Extra Virgin Olive Oil, Salt, Basil, White Wine Vinegar, Garlic, Parsley, Black Pepper, Oregano), Grilled Mushroom (4%) (Mushroom, Olive Oil, Garlic, Parsley), Sauteed Mushroom (4%) (Mushroom, Sunflower Oil, Salt, Lactic Acid, Ascorbic Acid, Parsley, Garlic, Yeast Extract), Olive Pomace Oil, Spinach (1.3%), Salt, Yeast",https://www.sainsburys.co.uk/gol-ui/product/white-rabbit-the-smokin-vegan-pizza-353g,,2024-08-20T20:56:08.998186-04:00
66-2052-DAI,Sainsbury's Stonebaked Pesto Chicken 300g,Sainsbury's,"Dairy, eggs & chilled","Pizza, pasta & garlic bread",Pizza,,£3.50,,£2.50,£11.67 / kg,8181858.0,"Hand stretched stonebaked pizza base topped with tomato and basil sauce, chicken in pesto, Mozzarella and Cheddar cheese",,https://assets.sainsburys-groceries.co.uk/gol/8181858/1/640x640.jpg,,,https://www.sainsburys.co.uk/gol-ui/product/sainsburys-stonebaked-pesto-chicken-300g,,2024-08-20T20:56:25.374076-04:00
66-2053-DAI,Bare Naked Noodles 250g,Bare,"Dairy, eggs & chilled","Pizza, pasta & garlic bread",Carb alternatives,,£2.00,,,£8.00 / kg,7773953.0,Precooked konjac noodles in water.,,https://assets.sainsburys-groceries.co.uk/gol/7773953/1/640x640.jpg,"Nutrient	per 100g consumed
Energy	35kJ/ 8kcal
Fat	<0.1g
of which saturates	0g
Carbohydrate	0.2g
of which sugars	0g
Fibre	3.9g
Protein	0g
Salt	0g","Water, Konjac Flour (3.5%), Firming Agent: Calcium Hydroxide",https://www.sainsburys.co.uk/gol-ui/product/bare-naked-noodles-380g,,2024-08-20T20:56:38.481014-04:00
66-2054-DAI,"Sainsbury's Mushroom Garlic & Madeira Sauce, Taste the Difference 350g (Serves 2)",Sainsbury's,"Dairy, eggs & chilled","Pizza, pasta & garlic bread",Pasta sauce,,£2.90,,,83p / 100g,8120922.0,"Sauce made with chestnut mushrooms, garlic, Madeira wine and porcini mushroom stock",,https://assets.sainsburys-groceries.co.uk/gol/8120922/1/640x640.jpg,,,https://www.sainsburys.co.uk/gol-ui/product/sainsburys-mushroom-sauce-taste-the-difference-350g,,2024-08-20T20:57:00.041827-04:00
66-2055-DAI,White Rabbit Sourdough Mozzarella & Garlic Flatbread 210g,White,"Dairy, eggs & chilled","Pizza, pasta & garlic bread","Garlic bread, doughballs & sides",,£3.50,,£2.50,£16.67 / kg,8167975.0,"Gluten free flatbread with mozzarella, bocconcini, cheddar, garlic spread and parsley.",,https://assets.sainsburys-groceries.co.uk/gol/8167975/1/640x640.jpg,,"Flour Blend (Corn Starch, Potato Starch, Rice, Sugar, Psyllium, Stabilisers (Guar Gum, Hypromellose), Maize, Buckwheat, Inulin, Quinoa), Water, Margarine (10%) (Vegetable Oils (Rapeseed, Palm, Sunflower), Water, Salt, Emulsifiers (Mono - and Diglycerides of Fatty Acids, Lecithin), Preservative (Potassium Sorbate), Acidity Regulator (Lactic Acid), Colours (Annatto, Curcumin)), Mozzarella (7%) (Milk), Bocconcini (7%) (Milk), Mature Cheddar Cheese (4%) (Milk), Olive Pomace Oil, Garlic (2%), Salt, Yeast, Nutritional Yeast, Parsley",https://www.sainsburys.co.uk/gol-ui/product/white-rabbit-sourdough-mozzarella-garlic-flatbread-210g,,2024-08-20T20:57:07.702878-04:00
66-2056-DAI,White Rabbit Three Cheese Filled Gnocchi 350g,White,"Dairy, eggs & chilled","Pizza, pasta & garlic bread",Pasta,,£3.00,,,£8.57 / kg,8189089.0,"Gluten-free potato gnocchi filled with ricotta, pecorino & mature cheddar cheese.",,https://assets.sainsburys-groceries.co.uk/gol/8189089/1/640x640.jpg,,"Gnocchi (80%) (Potato Puree (98%) (Water, Potato Flakes, Potato Starch), Salt, Rice Flour), Filling (20%) (Ricotta Cheese (55%) (Milk), Soft Cheese (Milk), Vegetarian Pecorino (16%) (Milk), Mature Cheddar (4%) (Milk), Salt, Black Pepper, Garlic)",https://www.sainsburys.co.uk/gol-ui/product/white-rabbit-three-cheese-filled-gnocchi-350g,,2024-08-20T20:57:20.611590-04:00
66-2057-DAI,Crosta & Mollica Fiorentina Mushrooms Spinach Creamy Garlic Sourdough Pizza 453g,Crosta,"Dairy, eggs & chilled","Pizza, pasta & garlic bread",Pizza,,£5.75,,,£12.69 / kg,8149749.0,,,https://assets.sainsburys-groceries.co.uk/gol/8149749/1/640x640.jpg,,"Wheat Flour, Roasted Garlic Sauce (14.2%) (Cream, Water, Hard Cheese (Cow's Milk), Sunflower Oil, Maize Starch, Lemon Juice, Roasted Garlic, Salt, Black Pepper), Water, Seasoned Spinach (10.1%) (Spinach (8%), Sunflower Oil, Water, Salt, Onion, Chilli), Mozzarella Cheese (9%) (Cow's Milk), Mushrooms (8.3%), Sunflower Oil, Salt, Black Pepper, Parsley, Garlic, Yeast",https://www.sainsburys.co.uk/gol-ui/product/crosta-mollica-fiorentina-mushrooms-spinach-creamy-garlic-sourdough-pizza-453g,,2024-08-20T20:57:39.029315-04:00
66-2058-DAI,Dell Ugo Gluten Free Fresh Potato Gnocchi 350g,Dell,"Dairy, eggs & chilled","Pizza, pasta & garlic bread",Pasta,,£3.60,,,£10.29 / kg,8167275.0,Fresh Gluten Free Potato Gnocchi,,https://assets.sainsburys-groceries.co.uk/gol/8167275/1/640x640.jpg,"Nutrient	as sold per 100g
Energy (kJ)	585kJ
Energy (kcal)	138kcal
Fat	1.3g
of which saturates	0.4g
Carbohydrate	29.0g
of which sugars	0.1g
Fibre	1.5g
Protein	1.9g
Salt	1.40g","Fresh Potatoes (76%), Gluten Free Blend (Maize Starch, Rice Flour, Maize Flour, Thickeners: Vegetable Fibre, Guar Seed Flour), Salt, Sunflower Oil",https://www.sainsburys.co.uk/gol-ui/product/dell-ugo-gluten-free-fresh-potato-gnocchi-350g,,2024-08-20T20:57:52.231566-04:00
66-2059-DAI,"Sainsbury's Parmigiano Reggiano Mezzelune, Taste the Difference 250g",Sainsbury's,"Dairy, eggs & chilled","Pizza, pasta & garlic bread",Pasta,,£3.25,,,£13.00 / kg,8182730.0,"Free range egg pasta filled with Parmigiano Reggiano and reduction with ""Aceto Balsamico di Modena IGP""",,https://assets.sainsburys-groceries.co.uk/gol/8182730/1/640x640.jpg,,,https://www.sainsburys.co.uk/gol-ui/product/sainsburys-parmigiano-reggiano-mezzelune-taste-the-difference-250g,,2024-08-20T20:58:13.744864-04:00
66-2060-DAI,Sainsbury's Takeaway Peri Peri Chicken 535g,Sainsbury's,"Dairy, eggs & chilled",Discover,Pizza takeaway,,£5.25,,,£9.81 / kg,8181856.0,"Hand stretched pizza base topped with peri peri tomato sauce, Mozzarella and Cheddar cheese, peri peri chicken, chargrilled peppers and sweetcorn and coriander salsa",,https://assets.sainsburys-groceries.co.uk/gol/8181856/1/640x640.jpg,,,https://www.sainsburys.co.uk/gol-ui/product/sainsburys-takeaway-peri-peri-chicken-535g,,2024-08-20T20:58:34.759417-04:00
66-2061-DAI,Pizza Express Garlic & Mozzarella Flatbread 290g,Pizza,"Dairy, eggs & chilled","Pizza, pasta & garlic bread",Pizza,,£3.50,,£1.75,£12.07 / kg,8158084.0,Part-baked flatbread topped with a garlic & mozzarella butter spread blend. Finished with mozzarella petals.,,https://assets.sainsburys-groceries.co.uk/gol/8158084/1/640x640.jpg,,"Wheat Flour (Wheat Flour, Calcium Carbonate, Iron, Niacin, Thiamin), Water, Mozzarella Cheese (Milk) (11%), Butter (Milk) (2%), Durum Wheat Semolina, Palm Oil, Rapeseed Oil, Salt, Garlic, Yeast, Concentrated Lemon Juice, Parsley, Emulsifier (Mono- and Di-Glycerides of Fatty Acids), Flavouring, Colour (Carotenes)",https://www.sainsburys.co.uk/gol-ui/product/pizza-express-garlic-mozzarella-flatbread-290g,,2024-08-20T20:58:42.636714-04:00
66-2062-DAI,"Sainsbury's Aubergine Parmigiana Sauce, Taste the Difference 350g",Sainsbury's,"Dairy, eggs & chilled","Pizza, pasta & garlic bread",Pasta sauce,,£2.90,,,83p / 100g,8165534.0,"A sauce made with tomatoes, aubergine, Parmigiano Reggiano D.O.P Cheese, sundried tomato paste and extra virgin olive oil (1.5%)",,https://assets.sainsburys-groceries.co.uk/gol/8165534/1/640x640.jpg,,,https://www.sainsburys.co.uk/gol-ui/product/sainsburys-aubergine-parmigiana-sauce-taste-the-difference-350g,,2024-08-20T20:59:04.080096-04:00
66-2063-DAI,Pizza Express Classic Margherita Mozzarella & Tomato Pizza 447g,Pizza,"Dairy, eggs & chilled","Pizza, pasta & garlic bread",Pizza,,£6.50,,£4.50,£14.54 / kg,8158125.0,"A pizza base topped with tomato sauce, mozzarella and Cheddar cheese and a sprinkle of oregano and black pepper.",,https://assets.sainsburys-groceries.co.uk/gol/8158125/1/640x640.jpg,,"Wheat Flour (Wheat Flour, Calcium Carbonate, Iron, Niacin, Thiamin), Mozzarella Cheese (Milk) (19%), Water, Tomato (11%), Tomato Purée, Cheddar Cheese (Milk) (5%), Rapeseed Oil, Semolina (Wheat), Salt, Sugar, Lemon Juice, Yeast, Oregano, Basil, Black Pepper",https://www.sainsburys.co.uk/gol-ui/product/pizza-express-classic-margherita-mozzarella-tomato-pizza-447g,,2024-08-20T20:59:11.848310-04:00
66-2064-DAI,Sainsbury's Chicken & Bacon Pasta Ready Meal For 4 1.5kg,Sainsbury's,"Dairy, eggs & chilled","Pizza, pasta & garlic bread",Pasta,,£7.90,,,£5.27 / kg,8105956.0,"Penne pasta in a creamy white wine sauce with chicken, beechwood smoked bacon lardons and mature Cheddar cheese",,https://assets.sainsburys-groceries.co.uk/gol/8105956/1/640x640.jpg,,,https://www.sainsburys.co.uk/gol-ui/product/sainsburys-italian-style-chicken-bacon-pasta-15kg,,2024-08-20T20:59:33.222491-04:00
66-2065-DAI,La Famigila Rana Sicilian Style Caponata Girasoli 250g,La,"Dairy, eggs & chilled","Pizza, pasta & garlic bread",Pasta,,£4.00,,,£16.00 / kg,8159308.0,"Fresh Egg Pasta with a Tomato, Aubergines, Green Olives and Pine Nuts Filling",,https://assets.sainsburys-groceries.co.uk/gol/8159308/1/640x640.jpg,"Nutrient	as consumed Per 100g	as consumed Per 1/2 pack (175g)
Energy	861 kJ / 205 kcal	1507 kJ / 359 kcal
Fat	7.3 g	13 g
of which saturates	1.7 g	3 g
Carbohydrate	26 g	46 g
of which sugars	4.5 g	7.9 g
Fibre	3.3 g	5.8 g
Protein	7.2 g	13 g
Salt	1 g	1.8 g","Filling 60%: Chopped Tomatoes 20%, Fried Aubergines 15% (Aubergine, Sunflower Oil), Green Olives in Brine 8% (Olives, Water, Salt), Ricotta Cheese (from Milk), Whey Powder (from Milk), Sunflower Oil, Tomato Concentrate 5%, Onion, Mozzarella Cheese (from Milk), Vegetable Fibres (Corn and Potato), Breadcrumbs (Soft Wheat Flour, Water, Salt, Yeast), Grated Cheese (from Milk), Pine Nuts 2,5%, Basil Preparation (Basil, Sunflower Oil, Salt, Antioxidant: Ascorbic Acid), Lactose (from Milk), Basil 1,3%, Capers in Brine 1,2% (Capers, Water, Wine Vinegar, Salt), Salt, Garlic, Starches (From Pea, Potato and Corn), Natural Flavourings, Pasta 40%: Soft Wheat Flour, Eggs 30%, Durum Wheat Semolina",https://www.sainsburys.co.uk/gol-ui/product/la-famigila-rana-sicilian-style-caponata-mezzelune-250g,,2024-08-20T20:59:46.843939-04:00
66-2066-DAI,White Rabbit Aubergine Parmigiana Gluten Free Ravioli 250g,White,"Dairy, eggs & chilled","Pizza, pasta & garlic bread",Pasta,,£3.50,,,£14.00 / kg,8063945.0,"Gluten free ravioli with an aubergine, sundried tomato and dairy alternative filling.",,https://assets.sainsburys-groceries.co.uk/gol/8063945/1/640x640.jpg,,"Pasta 60% (Cornstarch, Corn Flour, Potato Starch, Rice Flour, Lentil Flour, Vegetable Fibres (Psyllium, Citrus), Thickeners (Guar Gum, Xanthan Gum), Water, Turmeric), Aubergine Filling 40% (Aubergine 25%, Potato Flake, Vegan Cheese (Water, Modified Starch (Potato, Corn, Tapioca, Sago), Coconut Oil, Salt, Acidity Regulator (Citric Acid), Natural Flavoring, Colour (Beta-carotene)), Basil 8%, Tomato Purèe 8%, Water, Sunflower Oil, Dehydrated Tomato 3%, Water, Sunflower Oil, Vegetable Fibres (Bamboo, Psyllium), Salt, Yeast Extract, Garlic Powder, Black Pepper",https://www.sainsburys.co.uk/gol-ui/product/white-rabbit-aubergine-parmigiana-ravioli-250g,,2024-08-20T21:00:00.135485-04:00
66-2067-DAI,White Rabbit Mozzarella Master Gluten Free Pizza 350g,White,"Dairy, eggs & chilled","Pizza, pasta & garlic bread",Pizza,,£5.25,,,£14.58 / kg,8152793.0,"A Gluten Free Pizza Base with Tomato Sauce, Mozzarella and Oregano.",,https://assets.sainsburys-groceries.co.uk/gol/8152793/1/640x640.jpg,,"Flour Blend (Corn Starch, Inulin, Hypromellose, Guar Gum, Psyllium, Rice, Maize, Buckwheat, Potato Starch, Quinoa, Powder Sugar), Water, Tomato Sauce (Tomato Pulp, Semi-Concentrate Tomato Paste, Sunflower Seed Oil, Onion, Basil, Salt, Sugar, Garlic), Mozzarella (18%) (Pasteurised Milk, Salt, Starter Culture), Bocconcini (5%) (Pasteurised Skimmed Milk, Salt, Microbial Rennet, Starter Culture), Olive Pomace Oil, Salt, Yeast, Oregano (0.3%)",https://www.sainsburys.co.uk/gol-ui/product/white-rabbit-mozzarella-master-sourdough-350g,,2024-08-20T21:00:13.374274-04:00
66-2068-DAI,"Sainsbury's Conchiglioni Pasta, Taste the Difference 500g",Sainsbury's,"Dairy, eggs & chilled","Pizza, pasta & garlic bread",Pasta,,£2.00,,,£4.00 / kg,7779640.0,Dried bronze die durum wheat semolina pasta,,https://assets.sainsburys-groceries.co.uk/gol/7779640/1/640x640.jpg,,,https://www.sainsburys.co.uk/gol-ui/product/sainsburys-conchiglioni--taste-the-difference-500g,,2024-08-20T21:00:34.857984-04:00
66-2069-DAI,Charlie Bigham's Macaroni Cheese with Crispy Pancetta Pasta 670g,Charlie,"Dairy, eggs & chilled","Pizza, pasta & garlic bread",Pasta,,£9.50,,£8.50,£14.18 / kg,7562564.0,,,https://assets.sainsburys-groceries.co.uk/gol/7562564/1/640x640.jpg,,"Milk, Macaroni Pasta (Water, Durum Wheat Semolina), Cheddar Cheese (19%) (Milk), Water, Cream (Milk), Mozzarella Cheese (3%) (Milk), White Wine, Bacon (Pork, Salt, Preservatives: Sodium Nitrite*, Antioxidant: Ascorbic Acid), Ciabatta Breadcrumbs (Wheat Flour (Wheat Flour, Calcium Carbonate, Iron, Niacin, Thiamin), Sunflower Oil, Olive Oil, Yeast, Salt, Sea Salt), Regato Cheese (Milk), Butter (Milk), Wheat Flour (Wheat Flour, Calcium Carbonate, Iron, Niacin, Thiamin), Grana Padano Cheese (Milk, Preservative: Lysozyme** (Egg)), Mustard Powder, Cornflour, Salt, Rapeseed Oil, Parsley, Black Pepper, Ground Nutmeg, White Pepper, Rosemary, Secret ingredient: Obsession, *Don't worry, this is part of the traditional Curing method for Bacon, **Don't worry, this is traditionally used in Grana Padano Cheese",https://www.sainsburys.co.uk/gol-ui/product/charlie-bighams-macaroni-cheese-with-crispy-pancetta-pasta-670g,,2024-08-20T21:00:47.976781-04:00
66-2070-DAI,"Sainsbury's Fresh Radiatori, Taste the Difference 300g",Sainsbury's,"Dairy, eggs & chilled","Pizza, pasta & garlic bread",Pasta,,£1.75,,,£5.83 / kg,8159234.0,Fresh Free Range Egg Pasta,,https://assets.sainsburys-groceries.co.uk/gol/8159234/1/640x640.jpg,,,https://www.sainsburys.co.uk/gol-ui/product/sainsburys-fresh-radiatori-taste-the-difference-300g,,2024-08-20T21:01:09.476921-04:00
66-2071-DAI,"Crosta & Mollica Verdure Sourdough Pizza Grilled Vegetables, Taggiasca Olives & Basil Sauce 471g",Crosta,"Dairy, eggs & chilled","Pizza, pasta & garlic bread",Pizza,,£5.75,,,£12.21 / kg,8158868.0,,,https://assets.sainsburys-groceries.co.uk/gol/8158868/1/640x640.jpg,,"Wheat Flour, Grilled Vegetables (12.7%) (Red and Yellow Peppers, Courgettes, Sunflower Oil, Parsley, Salt, Chilli), Water, Basil Sauce (8.4%) (Basil, Olive Oil, Sunflower Oil, Water, Sugar, Maize Starch, Lemon Juice, Salt, Garlic), Tomato Puree, Tropea P.G.I. Red Onion*, Sunflower Oil, Grilled Onions, Artichokes, Taggiasca Olives (2.1%), Salt, Balsamic Vinegar (Wine Vinegar, Cooked Grape Must), Sugar, Thyme, Yeast, Black Pepper, Oregano, Basil, *Protected Geographical Indication",https://www.sainsburys.co.uk/gol-ui/product/crosta-mollica-verdure-sourdough-pizza-grilled-vegetables-taggiasca-olives-basil-sauce-471g,,2024-08-20T21:01:28.069304-04:00
66-2072-DAI,"La Famiglia Rana Prawn, Burrata & Lemon Zest Girasoli 250g",La,"Dairy, eggs & chilled","Pizza, pasta & garlic bread",Pasta,,£4.00,,,£16.00 / kg,8159306.0,"Fresh Egg Pasta with Prawn, Burrata Cheese and Lemon Zest ""Limone DI Sorrento IGP""",,https://assets.sainsburys-groceries.co.uk/gol/8159306/1/640x640.jpg,"Nutrient	as consumed Per 100g	as consumed Per 1/2 pack
Energy	893 kJ / 213 kcal	1116 kJ / 266 kcal
Fat	9.6 g	12 g
of which saturates	3.8 g	4.8 g
Carbohydrate	22 g	28 g
of which sugars	3.5 g	4.4 g
Fibre	3.4 g	4.3 g
Protein	8 g	10 g
Salt	0.88 g	1.1 g","Filling 59%: Prawn (Crustacean) 22%, Ricotta Cheese (from Milk), Burrata Cheese (from Milk) 10%, Mozzarella Cheese (from Milk), Cream (from Milk), Sunflower Oil, Vegetable Fibres (Corn And Potato), Whey Powder (from Milk), Mascarpone Cheese (from Milk), Breadcrumbs (Soft Wheat Flour, Water, Salt, Yeast), Salt, Extra Virgin Olive Oil, Garlic, Limone di Sorrento P.G.I.* Zest 0.3%, Starches (from Pea, Potato And Corn), Natural Flavourings, Pasta 41%: Soft Wheat Flour, Eggs 30%, Durum Wheat Semolina, *PGI: Protected Geographical Indication",https://www.sainsburys.co.uk/gol-ui/product/la-famiglia-rana-prawn-burrata-lemon-zest-mezzelune-250g,,2024-08-20T21:01:41.197450-04:00
66-2073-DAI,Sainsbury's Stonebaked Mexican Inspired Spicy Beef Taco 305g,Sainsbury's,"Dairy, eggs & chilled","Pizza, pasta & garlic bread",Pizza,,£3.75,,,£12.30 / kg,8181850.0,"Hand stretched stonebaked pizza base topped with spicy beef mix, fajita sauce, Mozzarella and tortilla chips",,https://assets.sainsburys-groceries.co.uk/gol/8181850/1/640x640.jpg,,,https://www.sainsburys.co.uk/gol-ui/product/sainsburys-stonebaked-global-mexican-beef-taco-305g,,2024-08-20T21:02:02.745658-04:00
66-2074-DAI,White Rabbit Proper Pepperoni Sourdough Gluten Free Pizza 355g,White,"Dairy, eggs & chilled","Pizza, pasta & garlic bread",Pizza,,£5.25,,,£15.00 / kg,8181621.0,"Sourdough gluten free pizza base with tomato sauce, mozzarella, pepperoni and bocconcini.",,https://assets.sainsburys-groceries.co.uk/gol/8181621/1/640x640.jpg,,"Flour Blend (Corn Starch, Rice, Sugar, Potato Starch, Psyllium, Stabilisers (Guar Gum, Hypromellose), Inulin, Maize, Buckwheat, Quinoa), Water, Mozzarella (13%) (Milk), Tomato Sauce (Tomato Pulp, Semi-Concentrate Tomato Paste, Sunflower Oil, Onion, Basil, Salt, Sugar, Garlic), Pepperoni (8%) (Pork, Salt, Dextrose, Natural Flavouring, Smoke Flavouring, Antioxidants (Rosemary Extract, Sodium Ascorbate), Preservatives (Sodium Nitrite)), Bocconcini (5%) (Pasteurised Skimmed Milk, Salt, Microbial Rennet, Starter Culture), Olive Pomace Oil, Salt, Yeast",https://www.sainsburys.co.uk/gol-ui/product/white-rabbit-pepperoni-pizza,,2024-08-20T21:02:15.847095-04:00
66-2075-DAI,Zizzi's Rustica Piccante Pepperoni Frozen Pizza 421g,Zizzi's,"Dairy, eggs & chilled",,,,£4.25,,£3.75,£10.10 / kg,8035222.0,"Oval shaped pizza hand-stretched and topped with mozzarella, large slices of salami, crumbled pepperoni and hot peppers. With an added sachet of chilli oil.",,https://assets.sainsburys-groceries.co.uk/gol/8035222/1/640x640.jpg,"Nutrient	when heated according to instructions Per 100g	when heated according to instructions Per 1/2 Pizza		when heated according to instruction Per 100ml
Energy	1074kJ / 256kcal	2015kJ / 501kcal
Fat	9.4g	18.4g
of which saturates	4.5g	8.8g
Carbohydrate	29.7g	58.2g
of which sugars	3.9g	7.6g
Fibre	3.0g	5.9g
Protein	11.6g	22.7g
Salt	1.6g	3.0g
Energy	3427kJ / 820kcal
Fat	91g
of which saturates	13g
Carbohydrate	0g
of which sugars	0g
Fibre	0g
Protein	0g
Salt	0g","Dough (58%) (Wheat Flour, Water, Durum Wheat Semolina, Extra Virgin Olive Oil, Salt, Flour Enhancer (Wheat Starch, Flour Treatment Agents: Ascorbic Acid, L-Cysteine), Yeast, Dried Barley Malt Extract), Tomato Sauce (Tomato Pulp, Salt, Dried Oregano, Dried Basil), Flaked Mozzarella Cheese (13%) (Mozzarella (Milk), Rice Flour), Sliced Spicy Paprika Salami (5%) (Pork, Pork Fat, Salt, Hot Paprika Powder, Spices, Sugar, Antioxidant (Ascorbic Acid), Preservative (Sodium Nitrite)), Crumbled Pepperoni (4%) (Pork, Pork Fat, Salt, Hot Red Pepper Powder, Chilli, Spices, Sugar, Antioxidant (Ascorbic Acid), Preservative (Sodium Nitrite)), Sliced Hot Peppers (3%) (Sliced Red Jalapeno Peppers, Sunflower Oil, Water, Salt, Acidity Regulator (Citric Acid), Antioxidant (Ascorbic Acid), Firming Agent (Calcium Chloride))",https://www.sainsburys.co.uk/gol-ui/product/zizzis-rustica-piccante-pizza-421g,,2024-08-20T21:02:29.084603-04:00
66-2076-DAI,Crosta & Mollica Pinsa Roman Pizza Tomato & Mozzarella 154g,Crosta,"Dairy, eggs & chilled","Pizza, pasta & garlic bread",Pizza,,£3.50,,,£22.73 / kg,8158863.0,Pinsa Tomato & Mozzarella,,https://assets.sainsburys-groceries.co.uk/gol/8158863/1/640x640.jpg,,"Wheat Flour, Mozzarella Cheese (26.5%) (Milk), Water, Tomato Puree (10.5%), Chopped Tomato (8.5%), Rice Flour, Sunflower Oil, Salt, Extra Virgin Olive Oil, Onion, Malted Wheat Flour, Yeast, Garlic, Basil",https://www.sainsburys.co.uk/gol-ui/product/crosta-mollica-pinsa-roman-pizza-tomato-mozzarella-154g,,2024-08-20T21:02:41.741722-04:00
66-2077-DAI,Pizza Express Classic American Pepperoni Pizza 458g,Pizza,"Dairy, eggs & chilled","Pizza, pasta & garlic bread",Pizza,,£6.50,,£4.50,£14.19 / kg,8158127.0,"A pizza base topped with tomato sauce, mozzarella cheese, pepperoni and a sprinkle of oregano and black pepper.",,https://assets.sainsburys-groceries.co.uk/gol/8158127/1/640x640.jpg,,"Wheat Flour (Wheat Flour, Calcium Carbonate, Iron, Niacin, Thiamin), Mozzarella Cheese (Milk), Water, Tomato, Pepperoni (9%) (Pork, Water, Durum Wheat Semolina, Salt, Cane Sugar, Dextrose, Caramelised Sugar, Antioxidants (Sodium Ascorbate, Extracts of Rosemary), Paprika Extract, Caraway, Glucose Syrup, Preservative (Sodium Nitrite), Coriander Extract, Garlic Extract, Pepper Extract, Ginger Extract), Tomato Purée, Rapeseed Oil, Semolina (Wheat), Salt, Sugar, Lemon Juice, Yeast, Oregano, Basil, Black Pepper",https://www.sainsburys.co.uk/gol-ui/product/pizza-express-classic-american-pepperoni-pizza-458g,,2024-08-20T21:02:49.526035-04:00
66-2078-DAI,Crosta & Mollica Pinsa Roman Pizza Salami & Mozzarella 160g,Crosta,"Dairy, eggs & chilled","Pizza, pasta & garlic bread",Pizza,,£3.50,,,£21.88 / kg,8158866.0,Pinsa Salami & Mozzarella,,https://assets.sainsburys-groceries.co.uk/gol/8158866/1/640x640.jpg,,"Wheat Flour, Mozzarella Cheese (16.5%) (Milk), Water, Tomato Puree (9.5%), Chopped Tomato (8%), Spicy Salami (7.5%) (Pork Meat, Salt, Natural Flavours, Chilli, Dextrose, Sugar, Smoke Flavouring, Antioxidant (Ascorbic Acid), Preservatives (Potassium Nitrate, Sodium Nitrite)), Rice Flour, Sunflower Oil, Extra Virgin Olive Oil, Salt, Onion, Malted Wheat Flour, Yeast, Garlic, Basil",https://www.sainsburys.co.uk/gol-ui/product/crosta-mollica-pinsa-roman-pizza-salami-mozzarella-160g,,2024-08-20T21:03:02.540190-04:00
66-2079-DAI,Dell Ugo Ricotta & Spinach Cannelloni 300g,Dell,"Dairy, eggs & chilled","Pizza, pasta & garlic bread",Pasta,,£4.20,,,£14.00 / kg,8180096.0,"Fresh, Gluten Free, Egg Pasta Tubes Filled with Ricotta Cheese and Spinach.",,https://assets.sainsburys-groceries.co.uk/gol/8180096/1/640x640.jpg,"Nutrient	as sold per 100g
Energy (kJ)	799kJ
Energy (kcal)	190kcal
Fat	7.0g
of which saturates	4.6g
Carbohydrate	23.2g
of which sugars	0.8g
Fibre	1.5g
Protein	7.8g
Salt	0.75g","Filling (60%) (Ricotta Cheese (Milk) (42%), Spinach (23%), Mature Cheddar Cheese (Milk), Gluten Free Breadcrumbs (Rice Flour, Water, Dextrose Monohydrate, Vegetable Fibre, Salt, Caramelised Sugar Syrup, Paprika Extract), Full Fat Soft Cheese (Milk), Pasteurised Free Range Egg, Sage, Salt, Ground Nutmeg, Ground Black Pepper), Pasta (40%) (Corn Flour (40%), Water, Rice Flour, Pasteurised Free Range Egg (6%))",https://www.sainsburys.co.uk/gol-ui/product/dell-ugo-ricotta-spinach-cannelloni-300g,,2024-08-20T21:03:15.775343-04:00
66-2080-DAI,Sainsbury's Stonebaked Global Spanish Chorizo & Patatas Bravas 285g,Sainsbury's,"Dairy, eggs & chilled","Pizza, pasta & garlic bread",Pizza,,£3.75,,,£13.16 / kg,8181852.0,"Hand stretched stonebaked pizza base topped with tomato & paprika sauce, Mozzarella cheese, roasted paprika potatoes, chorizo and yellow peppers",,https://assets.sainsburys-groceries.co.uk/gol/8181852/1/640x640.jpg,,,https://www.sainsburys.co.uk/gol-ui/product/sainsburys-stonebaked-global-spanish-tapas-pizza-base,,2024-08-20T21:03:37.305381-04:00
66-2081-DAI,Pizza Express Garlic & Mozzarella Flatbread 185g,Pizza,"Dairy, eggs & chilled",Naans & meal sides,All naans & meals sides,,£3.00,,,£16.22 / kg,8158092.0,Part-baked flatbread topped with a garlic & mozzarella butter spread blend. Finished with mozzarella petals.,,https://assets.sainsburys-groceries.co.uk/gol/8158092/1/640x640.jpg,,"Wheat Flour (Wheat Flour, Calcium Carbonate, Iron, Niacin, Thiamin), Water, Mozzarella Cheese (Milk) (12%), Butter (Milk) (2.5%), Durum Wheat Semolina, Palm Oil, Rapeseed Oil, Salt, Garlic, Yeast, Concentrated Lemon Juice, Parsley, Emulsifier (Mono- and Di-Glycerides of Fatty Acids), Flavouring, Colour (Carotenes)",https://www.sainsburys.co.uk/gol-ui/product/pizza-express-garlic-mozzarella-flatbread-185g,,2024-08-20T21:03:50.445052-04:00
66-2082-DAI,Sainsbury's Takeaway Mac & Cheese 560g,Sainsbury's,"Dairy, eggs & chilled",Discover,Pizza takeaway,,£5.25,,,£9.38 / kg,8181854.0,"Hand stretched pizza base topped with tomato sauce, Mozzarella and Cheddar cheese, macaroni pasta in a cheese sauce and breadcrumbs",,https://assets.sainsburys-groceries.co.uk/gol/8181854/1/640x640.jpg,,,https://www.sainsburys.co.uk/gol-ui/product/sainsburys-takeaway-mac-cheese-560g,,2024-08-20T21:04:11.542707-04:00
66-2083-DAI,Takul Halal Kitchen Pepperoni Stonebaked Pizza 335g,Takul,"Dairy, eggs & chilled",,,,£4.00,,,£11.94 / kg,8123373.0,"Topped with a rich tomato sauce, mozzarella & sliced pepperoni",,https://assets.sainsburys-groceries.co.uk/gol/8123373/1/640x640.jpg,,"Pizza Base (63%) (Wheat Flour, Water, Durum Semolina, Extra Virgin Olive Oil, Salt, Flour Enhancer (Wheat Starch, Flour Treatment Agent: Ascorbic Acid, L-Cystein), Yeast, Dried Barley Malt Extract), Tomato Sauce (14%) (Tomato Pulp, Salt, Oregano), Mozzarella Cheese (14%), Pepperoni (8%) (Turkey, Beef Fat, Beef, Salt, Flavouring, Milk Protein, Spices, Potato Starch, Glucose Syrup, Antioxidant (Sodium Ascorbate, Ascorbic Acid), Stabiliser (Triphosphates), Colouring (Carotenes), Smoke Flavouring, Preservative (Sodium Nitrite)), Pepperoni (2%) (Beef (43%), Turkey (28%), Water, Salt, Spices, Aromatic Plants and Spice Extract, Natural Aroma, Lactose, Glucose Syrup, Preservative (Sodium Nitrite))",https://www.sainsburys.co.uk/gol-ui/product/takul-halal-kitchen-pepperoni-stonebaked-pizza-335g,,2024-08-20T21:04:29.534067-04:00
66-2084-DAI,BOL One Pot Meal Coconut Lentil Turmeric Daal 450g,BOL,"Dairy, eggs & chilled",Ready meals,All ready meals,,£3.00,,£2.50,£6.67 / kg,8069495.0,"A smooth creamy coconut and chickpea daal, with chunky potatoes and spinach, gently spiced with turmeric",,https://assets.sainsburys-groceries.co.uk/gol/8069495/1/640x640.jpg,"Nutrient	per 100g	per BOL	RI* per BOL
Energy kJ	331	1490	18%
Energy kcal	79	356	18%
Fat (g)	1.6	7.2	10%
of which saturates (g)	1.1	5.0	25%
Carbohydrate (g)	8.5	38.3	15%
of which sugars (g)	0.7	3.2	4%
Fibre (g)	6.2	27.9	-
Protein (g)**	4.6	20.7	41%
Salt (g)	0.36	1.62	27%","Water, Chickpeas (17%), Lentils (7%), Potato (11%), Coconut Cream (6%), Tomatoes (Tomatoes, Acidity Regulator: Citric Acid), Roasted Onion Puree (Onions, Rapeseed Oil), Tomato Paste, Spinach (3%), Garlic, Ginger, Lemon Juice, Cumin, Turmeric, Salt, Rapeseed Oil, Coriander, Cardamom, Cinnamon, Nutmeg, Black Pepper, Chillies",https://www.sainsburys.co.uk/gol-ui/product/bol-one-pot-meal-coconut-lentil-turmeric-daal-450g,,2024-08-20T21:04:38.457442-04:00
66-2085-DAI,BOL One Pot Meal Spanish Butter Bean Stew 450g,BOL,"Dairy, eggs & chilled",Ready meals,All ready meals,,£3.00,,£2.50,£6.67 / kg,8069594.0,"A rich Spanish inspired smoky tomato stew, packed with protein-rich butter beans, grilled red peppers and black olives",,https://assets.sainsburys-groceries.co.uk/gol/8069594/1/640x640.jpg,"Nutrient	per 100g	per BOL	RI* per BOL
Energy kJ	284	1278	15%
Energy kcal	68	306	15%
Fat (g)	1.0	4.5	6%
of which saturates (g)	0.1	0.5	2%
Carbohydrate (g)	7.2	32.4	12%
of which sugars (g)	1.5	6.8	8%
Fibre (g)	6.6	29.7	-
Protein (g)**	4.5	20.3	41%
Salt (g)	0.40	1.79	30%","Water, Cannellini Beans, Green Lentils, Butter Beans (8%), Tomatoes (Tomatoes, Acidity Regulator: Citric Acid) (7%), Tomato Paste (4%), White Onion, Grilled Red Pepper, Spanish Style Seasoning (Tomato Powder, Garlic Powder, Salt, Ground Paprika, Smoked Paprika, Onion Powder, Ground Cumin, Chilli Powder, Demerara Sugar, Oregano, Crushed Chillies, Black Pepper, Sunflower Oil, Smoke Hickory Flavour, Natural Lemon Flavouring), Red Peppers, Kale, Millet Grains, Black Olives, Garlic, Rapeseed Oil, Parsley, Cornflour, Salt",https://www.sainsburys.co.uk/gol-ui/product/bol-one-pot-meal-spanish-butter-bean-stew-450g,,2024-08-20T21:04:46.990842-04:00
66-2086-DAI,Sainsbury's Baby Leaf Spinach 200g,Sainsbury's,"Dairy, eggs & chilled",Discover,Eat more fish,,£1.50,,,£7.50 / kg,7135828.0,Baby Leaf Spinach,,https://assets.sainsburys-groceries.co.uk/gol/7135828/1/640x640.jpg,,,https://www.sainsburys.co.uk/gol-ui/product/sainsburys-young-leaf-spinach-200g,,2024-08-20T21:05:07.859480-04:00
66-2087-DAI,Sainsbury's Poppadoms Plain 64g,Sainsbury's,"Dairy, eggs & chilled",Ready meals,All ready meals,,£1.50,,,£2.34 / 100g,7631771.0,Plain Indian style snack,,https://assets.sainsburys-groceries.co.uk/gol/7631771/1/640x640.jpg,,,https://www.sainsburys.co.uk/gol-ui/product/sainsburys-poppadoms-plain-80g,,2024-08-20T21:05:29.053343-04:00
66-2088-DAI,Birds Eye Garden Peas 375g,Birds,"Dairy, eggs & chilled",Ready meals,Prepared sides & vegetables,,£1.75,,£1.25,£4.67 / kg,7603015.0,Deliciously tender,,https://assets.sainsburys-groceries.co.uk/gol/7603015/1/640x640.jpg,"Nutrient	As Sold 100g Provdies:	Per Serving (80g) Microwaved Provides:		As Sold 100g Provdies:	Per Serving (80g) Microwaved Provides:
Energy - kJ	285kJ	229kJ
- kcal	68kcal	55kcal
Fat	0.7g	0.6g
of which saturates	0.1g	<0.1g
Carbohydrate	7.5g	6g
of which sugars	4.9g	3.9g
Fibre	6g	4.8g
Protein	4.9g	3.9g
Salt	<0.01g	<0.01g
Vitamin C	16mg 20% NRV#	12mg 15% NRV#",,https://www.sainsburys.co.uk/gol-ui/product/birds-eye-garden-peas-375g,,2024-08-20T21:05:45.343102-04:00
66-2089-DAI,"Sainsbury's Butternut Squash Slices, Inspired to Cook 400g",Sainsbury's,"Dairy, eggs & chilled",Ready meals,Prepared sides & vegetables,,£1.25,,,£3.13 / kg,7821945.0,Butternut squash,,https://assets.sainsburys-groceries.co.uk/gol/7821945/1/640x640.jpg,,,https://www.sainsburys.co.uk/gol-ui/product/sainsburys-butternut-squash-slices-400g,,2024-08-20T21:06:06.941086-04:00
66-2090-DAI,Sainsbury's Garlic & Coriander Naan x2 260g,Sainsbury's,"Dairy, eggs & chilled",Naans & meal sides,All naans & meals sides,,69p,,,27p / 100g,7684925.0,2 Garlic flavoured naans topped with dried coriander,,https://assets.sainsburys-groceries.co.uk/gol/7684925/1/640x640.jpg,,,https://www.sainsburys.co.uk/gol-ui/product/sainsburys-garlic---coriander-naan-x2-260g,,2024-08-20T21:06:27.924793-04:00
66-2091-DAI,Cauldron Falafels 200g,Cauldron,"Dairy, eggs & chilled",Ready meals,All ready meals,,£2.60,,£2.00,£13.00 / kg,7494734.0,"Falafels made with chickpeas, onion and coriander",,https://assets.sainsburys-groceries.co.uk/gol/7494734/1/640x640.jpg,,"Chickpeas (58%), Onion (11%), Seasoning [Wheat Flour (Wheat Flour, Calcium Carbonate, Iron, Niacin & Thiamine), Salt, Sugar, Cumin (0.3%), Coriander (0.3%), Parsley, Black Pepper, Raising Agent: Sodium Bicarbonate], Rapeseed Oil, Breadcrumb [Wheat Flour (Wheat Flour, Calcium Carbonate, Iron, Niacin & Thiamine), Salt, Yeast], Parsley, Coriander (0.8%), Garlic Purée",https://www.sainsburys.co.uk/gol-ui/product/cauldron-falafels-200g,,2024-08-20T21:06:35.529958-04:00
66-2092-DAI,"Sainsbury's Lasagne Ready Meal For 2, Taste the Difference 800g",Sainsbury's,"Dairy, eggs & chilled",Ready meals,All ready meals,,£6.75,,,£8.44 / kg,6765990.0,"British beef ragù with smoked pancetta bacon and red wine, with layers of egg pasta, topped with béchamel and Parmigiano Reggiano D.O.P cheese",,https://assets.sainsburys-groceries.co.uk/gol/6765990/1/640x640.jpg,,,https://www.sainsburys.co.uk/gol-ui/product/sainsburys-al-forno-lasagne--taste-the-difference-800g-6765990-p-44,,2024-08-20T21:06:56.916044-04:00
66-2093-DAI,Sainsbury's Spaghetti Bolognese Ready Meal For 1 400g,Sainsbury's,"Dairy, eggs & chilled",Ready meals,All ready meals,,£3.30,,,£8.25 / kg,7856486.0,"Spaghetti pasta with a British beef, tomato and red wine ragù sauce",,https://assets.sainsburys-groceries.co.uk/gol/7856486/1/640x640.jpg,,,https://www.sainsburys.co.uk/gol-ui/product/sainsburys-spaghetti-bolognese-400g-serves-1-,,2024-08-20T21:07:18.131731-04:00
66-2094-DAI,Charlie Bigham's Fish Pie 655g (Serves 2),Charlie,"Dairy, eggs & chilled",Discover,Meals for tonight,,£9.95,,£7.50,£15.19 / kg,7537809.0,"Delicate hake, salmon & smoked haddock in our traditional parsley sauce with creamy mashed potato & a crunchy Cheddar & breadcrumb topping.",,https://assets.sainsburys-groceries.co.uk/gol/7537809/1/640x640.jpg,,"Potatoes, Milk, Hake (11%) (Fish), Salmon (11%) (Fish), Cream (Milk), Butter (Milk), Smoked Haddock (3%) (Smoked Haddock (Fish), Salt), Wheat Flour (Wheat Flour, Calcium Carbonate, Iron, Niacin, Thiamin), Cheddar Cheese (Milk), Spinach, Breadcrumbs (Wheat Flour (Wheat Flour, Calcium Carbonate, Iron, Niacin, Thiamin), Salt, Yeast, Caramelised Sugar, Colours: Paprika Extract, Turmeric Extract), Double Cream (Milk), Salt, Parsley, Free-Range Egg Yolk, Fish Stock (Water, Salt, Fish Powder, Rapeseed Oil, Dried Cod (Fish), Anchovies (Fish), Lemon Juice Concentrate, Dried Onion, Dried Potato), Lemon Juice, White Pepper, Secret ingredient: Obsession",https://www.sainsburys.co.uk/gol-ui/product/charlie-bighams-fish-pie-655g,,2024-08-20T21:07:25.939948-04:00
66-2095-DAI,Sainsbury's Plain Naan x 2 260g,Sainsbury's,"Dairy, eggs & chilled",Naans & meal sides,All naans & meals sides,,69p,,,27p / 100g,7684928.0,2 Plain naan breads,,https://assets.sainsburys-groceries.co.uk/gol/7684928/1/640x640.jpg,,,https://www.sainsburys.co.uk/gol-ui/product/sainsburys-plain-naan-x-2-260g,,2024-08-20T21:07:47.139021-04:00
66-2096-DAI,Sainsbury's Chicken & Bacon Pasta Ready Meal For 1 400g,Sainsbury's,"Dairy, eggs & chilled",Discover,Simple meals,,£3.30,,,£8.25 / kg,7856397.0,"Penne pasta in a creamy white wine sauce with chicken, beechwood smoked bacon lardons and mature Cheddar cheese",,https://assets.sainsburys-groceries.co.uk/gol/7856397/1/640x640.jpg,,,https://www.sainsburys.co.uk/gol-ui/product/sainsburys-chicken-bacon-pasta-400g-serves-1-,,2024-08-20T21:08:08.118791-04:00
66-2097-DAI,Birds Eye Garden Peas 1.2kg,Birds,"Dairy, eggs & chilled",Ready meals,Prepared sides & vegetables,,£4.00,,£3.00,£3.33 / kg,7840821.0,Deliciously tender,,https://assets.sainsburys-groceries.co.uk/gol/7840821/1/640x640.jpg,"Nutrient	As Sold 100g Provides:	Per Serving Microwaved Provides:		As Sold 100g Provides:	Per Serving Microwaved Provides:
Energy - kJ	285kJ	229kJ
- kcal	68kcal	55kcal
Fat	0.7g	0.6g
- of which Saturates	0.1g	<0.1g
Carbohydrate	7.5g	6.0g
- of which Sugars	4.9g	3.9g
Fibre	6.0g	4.8g
Protein	4.9g	3.9g
Salt	<0.01g	<0.01g
Vitamin C	16mg 20% NRV	12mg 15% NRV#",,https://www.sainsburys.co.uk/gol-ui/product/birds-eye-garden-peas-13kg,,2024-08-20T21:08:24.388327-04:00
66-2098-DAI,Sainsbury's Mini Plain Naan x4 188g,Sainsbury's,"Dairy, eggs & chilled",Naans & meal sides,All naans & meals sides,,£1.00,,,53p / 100g,7684903.0,4 Mini plain naan breads,,https://assets.sainsburys-groceries.co.uk/gol/7684903/1/640x640.jpg,,,https://www.sainsburys.co.uk/gol-ui/product/sainsburys-mini-plain-naan-x4-188g,,2024-08-20T21:08:45.435679-04:00
66-2099-DAI,"Sainsbury's Diced Onions, Inspired to Cook 200g",Sainsbury's,"Dairy, eggs & chilled",Ready meals,Prepared sides & vegetables,,50p,,,£2.50 / kg,7820104.0,Diced Onions,,https://assets.sainsburys-groceries.co.uk/gol/7820104/1/640x640.jpg,,,https://www.sainsburys.co.uk/gol-ui/product/sainsburys-diced-onions-200g,,2024-08-20T21:09:07.058482-04:00
66-2100-DAI,"Sainsbury's Vintage Cheddar Macaroni Cheese Ready Meal For 1, Taste the Difference 375g",Sainsbury's,"Dairy, eggs & chilled",Discover,Meals for tonight,,£4.25,,,£11.33 / kg,7802830.0,Gobetti pasta with extra mature Cheddar and vintage Cheddar cheese sauce with ciabatta breadcrumb topping,,https://assets.sainsburys-groceries.co.uk/gol/7802830/1/640x640.jpg,,,https://www.sainsburys.co.uk/gol-ui/product/sainsburys-vintage-cheddar-mac-cheese-taste-the-difference-375g-serves-1-,,2024-08-20T21:09:28.783431-04:00
66-2101-DAI,"Sainsbury's Carrot, Cauliflower & Broccoli 240g",Sainsbury's,"Dairy, eggs & chilled",Discover,Eat more fish,,£1.10,,,£4.58 / kg,7177382.0,"Carrot, broccoli and cauliflower",,https://assets.sainsburys-groceries.co.uk/gol/7177382/1/640x640.jpg,,,https://www.sainsburys.co.uk/gol-ui/product/sainsburys-carrot--cauliflower---broccoli-240g,,2024-08-20T21:09:50.177010-04:00
66-2102-DAI,"Sainsbury’s Potato, Carrot & Swede Mash 400g",Sainsbury’s,"Dairy, eggs & chilled",Discover,Eat more fish,,£1.40,,,£3.50 / kg,6006822.0,"Mashed potato, carrot & swede blended with butter and seasoning",,https://assets.sainsburys-groceries.co.uk/gol/6006822/1/640x640.jpg,,,https://www.sainsburys.co.uk/gol-ui/product/sainsburys-carrot---swede-potato-mash-400g,,2024-08-20T21:10:11.361173-04:00
66-2103-DAI,Sainsbury's Ham & Mushroom Tagliatelle Ready Meal For 1 400g,Sainsbury's,"Dairy, eggs & chilled",Discover,Simple meals,,£3.30,,,£8.25 / kg,7856165.0,Tagliatelle pasta with smoked British formed ham with added water in a creamy cheese sauce topped with mushrooms,,https://assets.sainsburys-groceries.co.uk/gol/7856165/1/640x640.jpg,,,https://www.sainsburys.co.uk/gol-ui/product/sainsburys-ham-mushroom-tagliatelle-400g-serves-1-,,2024-08-20T21:10:32.916358-04:00
66-2104-DAI,Sainsbury's Chinese Chicken Chow Mein Ready Meal for 1 400g,Sainsbury's,"Dairy, eggs & chilled",Ready meals,All ready meals,,£3.30,,,£8.25 / kg,1235005.0,Cooked wheat noodles and vegetables with cooked marinated chicken breast slices in a soy and sesame sauce,,https://assets.sainsburys-groceries.co.uk/gol/1235005/1/640x640.jpg,,,https://www.sainsburys.co.uk/gol-ui/product/sainsburys-chicken-chow-mein-450g,,2024-08-20T21:10:54.939201-04:00
66-2105-DAI,Sainsbury's Chinese Duck In Plum Sauce with Egg Fried Rice Ready Meal For 1 400g,Sainsbury's,"Dairy, eggs & chilled",Ready meals,All ready meals,,£3.50,,,£8.75 / kg,6477738.0,"Roasted marinated British duck breast slices in a plum sauce with red pepper and water chestnuts, served with long grain rice with egg and peas",,https://assets.sainsburys-groceries.co.uk/gol/6477738/1/640x640.jpg,,,https://www.sainsburys.co.uk/gol-ui/product/sainsburys-duck-in-plum-sauce-with-egg-fried-rice-450g,,2024-08-20T21:11:16.351510-04:00
66-2106-DAI,Sainsbury's Beef Lasagne Ready Meal For 1 400g,Sainsbury's,"Dairy, eggs & chilled",Ready meals,All ready meals,,£3.30,,,£8.25 / kg,7856369.0,"British beef and red wine ragù sauce with sheets of egg pasta, béchamel sauce and mature Cheddar cheese",,https://assets.sainsburys-groceries.co.uk/gol/7856369/1/640x640.jpg,,,https://www.sainsburys.co.uk/gol-ui/product/sainsburys-beef-lasagne-400g-serves-1-,,2024-08-20T21:11:37.377599-04:00
66-2107-DAI,Cauldron Vegetarian Moroccan Spiced Falafels 180g,Cauldron,"Dairy, eggs & chilled",Ready meals,All ready meals,,£2.60,,,£14.44 / kg,6658890.0,"Falafels made from chickpeas & onion with paprika, cinnamon & ginger",,https://assets.sainsburys-groceries.co.uk/gol/6658890/1/640x640.jpg,,"Chickpeas (43%), Bulgur Wheat, Moroccan Paste [Water, Apricots (Apricots, Rice Flour, Preservative: Sulphur Dioxide), Dates (Dates, Rice Flour), Red Wine Vinegar (Sulphites), Sunflower Oil, Agave Syrup (0.3%), Garlic Purée, Paprika (0.3%), Cornflour, Red Chilli Purée, Salt, Cinnamon (0.1%), Coriander, Sugar, Cumin, Ginger (0.05%), Black Pepper], Water, Wheat Flour (Wheat Flour, Calcium Carbonate, Iron, Niacin & Thiamine), Rice Starch, Dried Apricots (3.8%), (Apricots, Rice Flour, Preservative: Sulphur Dioxide), Rapeseed Oil, Herbs & Spices (Coriander, Cumin, Oregano, Garlic), Onion (2%), Salt, Garlic Purée, Yeast",https://www.sainsburys.co.uk/gol-ui/product/cauldron-moroccan-falafels-180g,,2024-08-20T21:11:50.498878-04:00
66-2108-DAI,Charlie Bigham's Lasagne 690g (Serves 2),Charlie,"Dairy, eggs & chilled",Discover,Meals for tonight,,£9.50,,£7.50,£13.77 / kg,7537774.0,,,https://assets.sainsburys-groceries.co.uk/gol/7537774/1/640x640.jpg,,"Milk, Tomatoes, Egg Pasta (Durum Wheat Semolina, Water, Free-Range Egg), White Wine, British Beef (8%), Cheddar Cheese (Milk), British Pork (7%), Smoked Bacon (6%) (Pork, Salt, Preservatives: Potassium Nitrate, Sodium Nitrate, Sodium Nitrite*, Antioxidant: Sodium Ascorbate), Onions, Tomato Purée, Cream (Milk), Carrots, Wheat Flour (Wheat Flour, Calcium Carbonate, Iron, Niacin, Thiamin), Celery, Rapeseed Oil, Butter (Milk), Balsamic Vinegar of Modena (Wine Vinegar, Concentrated Grape Must), Cornflour, Beef Stock (Water, Beef Bones, Yeast Extract, Salt, Molasses, Tomato Purée, Rapeseed Oil, Dried Onions, Ground Black Pepper), Garlic Purée, Oregano, Salt, Parsley, Black Pepper, Ground Nutmeg, Ground Star Anise, White Pepper, Secret Ingredient: Obsession, *Don't worry this is a part of the traditional curing method of Smoked Bacon",https://www.sainsburys.co.uk/gol-ui/product/charlie-bighams-lasagne-690g,,2024-08-20T21:12:03.546304-04:00
66-2109-DAI,"Sainsbury's Chunky Triple Cook Chips, Taste the Difference 400g",Sainsbury's,"Dairy, eggs & chilled",Discover,Taste the Difference Dine in for £12 (valid for deliveries from 10th April),,£3.00,,,£7.50 / kg,8144031.0,Potato chips in a batter coating,,https://assets.sainsburys-groceries.co.uk/gol/8144031/1/640x640.jpg,,,https://www.sainsburys.co.uk/gol-ui/product/sainsburys-chunky-triple-cook-chips-taste-the-difference-400g,,2024-08-20T21:12:24.910086-04:00
66-2110-DAI,Sainsbury's Garlic & Coriander Mini Naan x4 188g,Sainsbury's,"Dairy, eggs & chilled",Naans & meal sides,All naans & meals sides,,£1.00,,,53p / 100g,7684923.0,4 Mini garlic flavoured naans topped with dried coriander,,https://assets.sainsburys-groceries.co.uk/gol/7684923/1/640x640.jpg,,,https://www.sainsburys.co.uk/gol-ui/product/sainsburys-garlic---coriander-mini-naan-x4-188g,,2024-08-20T21:12:46.095477-04:00
66-2111-DAI,Sainsbury's Potato Croquettes 220g,Sainsbury's,"Dairy, eggs & chilled",Ready meals,All ready meals,,£2.00,,,£9.09 / kg,6003232.0,6 Potato croquettes,,https://assets.sainsburys-groceries.co.uk/gol/6003232/1/640x640.jpg,,,https://www.sainsburys.co.uk/gol-ui/product/sainsburys-potato-croquettes-220g,,2024-08-20T21:13:08.379957-04:00
66-2112-DAI,Sainsbury's Indian Chicken Korma with Pilau Rice Ready Meal for 1 400g,Sainsbury's,"Dairy, eggs & chilled",Discover,Curry night,,£3.30,,£2.75,£8.25 / kg,7807364.0,"Cooked marinated chicken breast pieces in a mild coconut and cashew nut sauce, served with pilau rice",,https://assets.sainsburys-groceries.co.uk/gol/7807364/1/640x640.jpg,,,https://www.sainsburys.co.uk/gol-ui/product/sainsburys-chicken-korma---rice-450g,,2024-08-20T21:13:24.745219-04:00
66-2113-DAI,"Sainsbury's Chunky Mediterranean Style Vegetables, Inspired to Cook 600g",Sainsbury's,"Dairy, eggs & chilled",Discover,Eat more fish,,£2.50,,£2.25,£4.17 / kg,7822243.0,"Butternut squash, courgette, red onion and red pepper.",,https://assets.sainsburys-groceries.co.uk/gol/7822243/1/640x640.jpg,,,https://www.sainsburys.co.uk/gol-ui/product/sainsburys-chunky-mediterranean-vegetables-600g,,2024-08-20T21:13:41.156912-04:00
66-2114-DAI,Sainsbury's Tuna Pasta Bake Melt Ready Meal For 1 400g,Sainsbury's,"Dairy, eggs & chilled",Discover,Simple meals,,£3.30,,,£8.25 / kg,7856805.0,"Tomato sauce with pasta shells and tuna, topped with a béchamel sauce and grated mature Cheddar cheese",,https://assets.sainsburys-groceries.co.uk/gol/7856805/1/640x640.jpg,,,https://www.sainsburys.co.uk/gol-ui/product/sainsburys-tuna-pasta-melt-400g-serves-1-,,2024-08-20T21:14:02.698471-04:00
66-2115-DAI,Charlie Bigham's Fish Pie For 1 340g,Charlie,"Dairy, eggs & chilled",Ready meals,All ready meals,,£6.00,,,£17.65 / kg,8023242.0,"Delicate hake, salmon & smoked haddock in our traditional parsley sauce with creamy mashed potato & a crunchy Cheddar & breadcrumb topping.",,https://assets.sainsburys-groceries.co.uk/gol/8023242/1/640x640.jpg,"Nutrient	as sold Per 100g:	as sold Per pack:
Energy	531kJ, 127kcal	1807kJ, 432kcal
Fat	7.0g	23.9g
(of which saturates)	3.9g	13.1g
Carbohydrate	8.2g	27.8g
(of which sugars)	1.1g	3.7g
Protein	7.4g	25.3g
Fibre	0.7g	2.5g
Salt	0.63g	2.15g","Potatoes, Milk, Hake (13%) (Fish), Salmon (10%) (Fish), Cream (Milk), Butter (Milk), Smoked Haddock (3%) (Smoked Haddock (Fish), Salt), Wheat Flour (Wheat Flour, Calcium Carbonate, Iron, Niacin, Thiamin), Spinach, Cheddar Cheese (Milk), Breadcrumbs (Wheat Flour (Wheat Flour, Calcium Carbonate, Iron, Niacin, Thiamin), Salt, Yeast, Caramelised Sugar, Colours (Paprika Extract, Turmeric Extract)), Double Cream (Milk), Free-Range Egg Yolk, Salt, Parsley, Fish Stock (Water, Salt, Fish Powder, Rapeseed Oil, Cod Powder (Fish), Anchovies (Fish), Lemon Juice Concentrate, Dried Onion, Potato Flakes), Lemon Juice, White Pepper, Secret ingredient: Obsession",https://www.sainsburys.co.uk/gol-ui/product/charlie-bighams-fish-pie-for-1-340g,,2024-08-20T21:14:16.187464-04:00
66-2116-DAI,"Sainsbury's Fish Pie, Taste the Difference 800g (Serves 2)",Sainsbury's,"Dairy, eggs & chilled",Discover,Simple meals,,£7.00,,,£8.75 / kg,7333055.0,"Mashed potato with smoked haddock, salmon, pollock and King prawns in a creamy cheese sauce topped with an extra mature Cheddar cheese breadcrumb",,https://assets.sainsburys-groceries.co.uk/gol/7333055/1/640x640.jpg,,,https://www.sainsburys.co.uk/gol-ui/product/sainsburys-fish-pie--taste-the-difference-800g-7333055-p-44,,2024-08-20T21:14:37.650931-04:00
66-2117-DAI,Sainsbury's Vegetable Spring Rolls x4 240g,Sainsbury's,"Dairy, eggs & chilled",Ready meals,All ready meals,,£2.70,,,£11.25 / kg,7942482.0,"4 Crispy pastry rolls filled with carrots, red peppers, cabbage, water chestnuts and bean sprouts seasoned with ginger and sesame oil",,https://assets.sainsburys-groceries.co.uk/gol/7942482/1/640x640.jpg,,,https://www.sainsburys.co.uk/gol-ui/product/sainsburys-vegetable-spring-rolls-x4-240g,,2024-08-20T21:14:59.239838-04:00
66-2118-DAI,Sainsbury's Indian Chicken Jalfrezi with Pilau Rice Ready Meal for 1 400g,Sainsbury's,"Dairy, eggs & chilled",Discover,Curry night,,£3.30,,£2.75,£8.25 / kg,7807379.0,"Cooked marinated chicken breast pieces in a hot tomato sauce with onions and green peppers, served with cooked pilau rice",,https://assets.sainsburys-groceries.co.uk/gol/7807379/1/640x640.jpg,,,https://www.sainsburys.co.uk/gol-ui/product/sainsburys-chicken-jalfrezi---rice-450g,,2024-08-20T21:15:15.483503-04:00
66-2119-DAI,Sainsbury's Tomato & Mozzarella Pasta Bake Ready Meal For 1 400g,Sainsbury's,"Dairy, eggs & chilled",Ready meals,All ready meals,,£3.30,,,£8.25 / kg,7856776.0,Penne pasta in a tomato and basil sauce with mozzarella and Cheddar cheese,,https://assets.sainsburys-groceries.co.uk/gol/7856776/1/640x640.jpg,,,https://www.sainsburys.co.uk/gol-ui/product/sainsburys-tomato-mozzarella-pasta-400g-serves-1-,,2024-08-20T21:15:36.524977-04:00
66-2120-DAI,"Sainsbury's Dauphinoise Potatoes with Garlic and Nutmeg, Taste the Difference 400g",Sainsbury's,"Dairy, eggs & chilled",Discover,Taste the Difference Dine in for £12 (valid for deliveries from 10th April),,£3.00,,,£7.50 / kg,8144533.0,Sliced British potatoes in a cream sauce topped with mature Cheddar cheese.,,https://assets.sainsburys-groceries.co.uk/gol/8144533/1/640x640.jpg,,,https://www.sainsburys.co.uk/gol-ui/product/sainsburys-dauphinoise-potatoes-with-garlic-and-nutmeg-taste-the-difference-400g,,2024-08-20T21:15:57.570651-04:00
66-2121-DAI,Sainsbury's Shepherds Pie 400g (Serves 1),Sainsbury's,"Dairy, eggs & chilled",Ready meals,All ready meals,,£3.30,,£2.50,£8.25 / kg,1192193.0,Minced lamb with onions and carrots in gravy topped with mashed potato,,https://assets.sainsburys-groceries.co.uk/gol/1192193/1/640x640.jpg,,,https://www.sainsburys.co.uk/gol-ui/product/sainsburys-british-classic-shepherds-pie-450g,,2024-08-20T21:16:14.390027-04:00
66-2122-DAI,Birds Eye Petits Pois 545g,Birds,"Dairy, eggs & chilled",Ready meals,Prepared sides & vegetables,,£2.85,,,£5.23 / kg,7840798.0,Petits Pois,,https://assets.sainsburys-groceries.co.uk/gol/7840798/1/640x640.jpg,"Nutrient	As Sold 100g Provides:	Per Serving Microwaved Provides:		As Sold 100g Provides:	Per Serving Microwaved Provides:
Energy - kJ	285kJ	229kJ
- kcal	68kcal	55kcal
Fat	0.7g	0.6g
- of which Saturates	0.1g	<0.1g
Carbohydrate	7.5g	6.0g
- of which Sugars	4.9g	3.9g
Fibre	6.0g	4.8g
Protein	4.9g	3.9g
Salt	<0.01g	<0.01g
Vitamin C	16mg 20% NRV	12mg 15% NRV#",,https://www.sainsburys.co.uk/gol-ui/product/birds-eye-petits-pois-545g,,2024-08-20T21:16:36.035423-04:00
66-2123-DAI,"Sainsbury's Cauliflower Cheese, Taste the Difference 400g",Sainsbury's,"Dairy, eggs & chilled",Discover,Taste the Difference Dine in for £12 (valid for deliveries from 10th April),,£3.00,,,£7.50 / kg,8165797.0,"Cauliflower florets in a Cheddar and Regato cheese sauce topped with Emmental cheese, breadcrumbs and herbs.",,https://assets.sainsburys-groceries.co.uk/gol/8165797/1/640x640.jpg,,,https://www.sainsburys.co.uk/gol-ui/product/sainsburys-cauliflower-cheese-taste-the-difference-400g,,2024-08-20T21:16:57.642601-04:00
66-2124-DAI,Sainsbury's Spaghetti Carbonara Ready Meal For 1 400g,Sainsbury's,"Dairy, eggs & chilled",Ready meals,All ready meals,,£3.30,,,£8.25 / kg,7856731.0,Spaghetti pasta in a creamy cheese sauce topped with beechwood smoked bacon lardons,,https://assets.sainsburys-groceries.co.uk/gol/7856731/1/640x640.jpg,,,https://www.sainsburys.co.uk/gol-ui/product/sainsburys-spaghetti-carbonara-400g-serves-1-,,2024-08-20T21:17:19.100407-04:00
66-2125-DAI,Stamford Street Co. Spaghetti Bolognese Ready Meal For 1 400g,Stamford,"Dairy, eggs & chilled",Ready meals,All ready meals,,85p,,,£2.13 / kg,7645618.0,Spaghetti with a beef andtomato sauce,,https://assets.sainsburys-groceries.co.uk/gol/7645618/1/640x640.jpg,,,https://www.sainsburys.co.uk/gol-ui/product/sainsburys-spaghetti-bolognese--basics-400g,,2024-08-20T21:17:39.767059-04:00
66-2126-DAI,"Sainsbury's Mashed Potato Seasoned with Cracked Black Pepper, Taste the Difference 400g",Sainsbury's,"Dairy, eggs & chilled",Discover,Meals for tonight,,£2.50,,,£6.25 / kg,6020572.0,"Maris Piper mashed potato with double cream, butter and black pepper",,https://assets.sainsburys-groceries.co.uk/gol/6020572/1/640x640.jpg,,,https://www.sainsburys.co.uk/gol-ui/product/sainsburys-maris-piper-mash--taste-the-difference-450g,,2024-08-20T21:18:00.773310-04:00
66-2127-DAI,Sainsbury's Onion Bhaji x4 200g,Sainsbury's,"Dairy, eggs & chilled",Discover,Curry night,,£1.70,,£1.50,£8.50 / kg,7942163.0,Lightly spiced onion bhajis made with coriander and black onion seeds deep fried until golden,,https://assets.sainsburys-groceries.co.uk/gol/7942163/1/640x640.jpg,,,https://www.sainsburys.co.uk/gol-ui/product/sainsburys-onion-bhajia-x4-200g,,2024-08-20T21:18:17.060346-04:00
66-2128-DAI,Sainsbury's Indian Butter Chicken with Pilau Rice Ready Meal for 1 400g,Sainsbury's,"Dairy, eggs & chilled",Discover,Curry night,,£3.30,,£2.75,£8.25 / kg,7872411.0,"Cooked marinated chicken breast pieces in a cream, tomato, butter and cashew nut sauce, served with cooked pilau rice",,https://assets.sainsburys-groceries.co.uk/gol/7872411/1/640x640.jpg,,,https://www.sainsburys.co.uk/gol-ui/product/sainsburys-indian-butter-chicken-rice-400g-serves-1-,,2024-08-20T21:18:33.856473-04:00
66-2129-DAI,Sainsbury's Chicken Dinner 400g (Serves 1),Sainsbury's,"Dairy, eggs & chilled",Discover,Simple meals,,£3.95,,,£9.88 / kg,7992604.0,"Chicken breast in a chicken gravy served with roast potatoes, carrots, peas and a pork stuffing ball",,https://assets.sainsburys-groceries.co.uk/gol/7992604/1/640x640.jpg,,,https://www.sainsburys.co.uk/gol-ui/product/sainsburys-chicken-dinner-400g,,2024-08-20T21:18:55.067532-04:00
66-2130-DAI,Sainsbury's Edamame Beans 175g,Sainsbury's,"Dairy, eggs & chilled",Ready meals,Prepared sides & vegetables,,£1.75,,,£10.00 / kg,7838981.0,Edamame Beans,,https://assets.sainsburys-groceries.co.uk/gol/7838981/1/640x640.jpg,,,https://www.sainsburys.co.uk/gol-ui/product/sainsburys-edamame-beans-175g,,2024-08-20T21:19:16.444370-04:00
66-2131-DAI,Charlie Bigham's Chicken Tikka Masala 805g (Serves 2),Charlie,"Dairy, eggs & chilled",Ready meals,All ready meals,,£9.50,,,£11.80 / kg,7700737.0,"Tender marinated chicken in our spicy, creamy masala sauce, topped with fresh chilli & served with pilau rice",,https://assets.sainsburys-groceries.co.uk/gol/7700737/1/640x640.jpg,,"Cooked Rice (Water, Rice), Chicken (19%), Onions, Cream (Milk), Milk, Butter (Milk), Rapeseed Oil, Tomato Purée, Mango Chutney (Sugar, Mangoes, Salt, Acidity Regulator: Acetic Acid, Cayenne Pepper, Ginger, Garlic), Ginger Purée, Lemon Juice, Garlic Purée, Cornflour, Salt, Lime Pickle (Lime, Water, Sunflower Oil, Salt, Green Chillies, Chilli Powder, Acidity Regulator: Acetic Acid, Mustard Seeds, Cumin Powder, Turmeric Powder), Ground Coriander, Red Chillies, Parsley, Ground Cumin, Nigella Seeds, Smoked Paprika, Yellow Mustard Seeds, Ground Fenugreek, Ground Chillies, Cayenne Pepper, Ground Black Pepper, Ground Cinnamon, Ground Dill, Ground Turmeric, Sunflower Oil, Ground Ginger, Coriander Seeds, Colour: Paprika Extract, Ground Cardamom, Ground Cloves, Secret Ingredient: Obsession",https://www.sainsburys.co.uk/gol-ui/product/charlie-bighams-tikka-masala-805g,,2024-08-20T21:19:31.341027-04:00
66-2132-DAI,"Sainsbury's Chicken Tikka Masala with Pilau Rice, Taste the Difference Ready Meal for 1 400g",Sainsbury's,"Dairy, eggs & chilled",Discover,Curry night,,£4.25,,,£10.63 / kg,7802533.0,"Chargrilled marinated chicken breast pieces in a creamy spiced tomato and onion sauce with red peppers, served with cooked saffron pilau rice",,https://assets.sainsburys-groceries.co.uk/gol/7802533/1/640x640.jpg,,,https://www.sainsburys.co.uk/gol-ui/product/sainsburys-chicken-tikka-masala---rice--taste-the-difference-450g-7802533-p-44,,2024-08-20T21:19:52.873950-04:00
66-2133-DAI,Sainsbury's Chinese Crispy Sweet & Sour Chicken with Egg Fried Rice Ready Meal For 1 400g,Sainsbury's,"Dairy, eggs & chilled",Ready meals,All ready meals,,£3.30,,,£8.25 / kg,7542224.0,"Crispy battered chicken breast fillets in a sweet and sour sauce with onion, red pepper and pineapple, served with long grain rice with egg and peas",,https://assets.sainsburys-groceries.co.uk/gol/7542224/1/640x640.jpg,,,https://www.sainsburys.co.uk/gol-ui/product/sainsburys-crispy-sweet---sour-chicken-with-rice-400g,,2024-08-20T21:20:14.439957-04:00
66-2134-DAI,Sainsbury's Chinese Crispy Lemon Chicken Ready Meal Main For 2 350g,Sainsbury's,"Dairy, eggs & chilled",Discover,Meals for tonight,,£4.00,,£3.50,£11.43 / kg,7420177.0,Crispy battered chicken breast fillets served with a lemon sauce,,https://assets.sainsburys-groceries.co.uk/gol/7420177/1/640x640.jpg,,,https://www.sainsburys.co.uk/gol-ui/product/sainsburys-crispy-chicken-with-lemon-sauce-340g,,2024-08-20T21:20:30.855505-04:00
66-2135-DAI,"Sainsbury's Beef Hash, Taste the Difference 400g (Serves 1)",Sainsbury's,"Dairy, eggs & chilled",Discover,Meals for tonight,,£4.25,,£3.50,£10.63 / kg,7802821.0,Marinated braised beef brisket in an ale gravy topped with roasted diced potatoes,,https://assets.sainsburys-groceries.co.uk/gol/7802821/1/640x640.jpg,,,https://www.sainsburys.co.uk/gol-ui/product/steak-hash--taste-the-difference-400g-7802821-p,,2024-08-20T21:20:47.225582-04:00
66-2136-DAI,Sainsbury's Indian Vegetable Samosas x4 200g (Serves 2),Sainsbury's,"Dairy, eggs & chilled",Discover,Curry night,,£2.15,,£1.75,£10.75 / kg,7534091.0,"Potato, peas and carrots flavoured with ginger and spices encased in a poppy seed pastry",,https://assets.sainsburys-groceries.co.uk/gol/7534091/1/640x640.jpg,,,https://www.sainsburys.co.uk/gol-ui/product/sainsburys-indian-vegetable-samosas-x4-200g,,2024-08-20T21:21:02.860113-04:00
66-2137-DAI,Sharwood's Mango Chutney 360g,Sharwood's,"Dairy, eggs & chilled",Discover,Curry night,,£2.50,,£2.25,69p / 100g,2016702.0,,,https://assets.sainsburys-groceries.co.uk/gol/2016702/1/640x640.jpg,"Nutrient	as sold Per 100g	as sold Per 1 tbsp (20g)
Energy (kJ)	1020kJ	204kJ
Energy (kcal)	240kcal	48kcal
Fat	<0.5g	<0.5g
of which Saturates	<0.1g	<0.1g
Carbohydrates	59.5g	11.9g
of which Sugars	44.7g	8.9g
Fibre	<0.5g	<0.5g
Protein	<0.5g	<0.5g
Salt	2.90g	0.58g","Sugar, Mangoes (45%), Salt, Acid (Acetic Acid), Spices",https://www.sainsburys.co.uk/gol-ui/product/sharwoods-mango-chutney-360g,,2024-08-20T21:21:16.194143-04:00
66-2138-DAI,"Sainsbury's Green Vegetable Selection, Taste the Difference 250g",Sainsbury's,"Dairy, eggs & chilled",Discover,Taste the Difference Dine in for £12 (valid for deliveries from 10th April),,£3.00,,,£12.00 / kg,8142825.0,"A mix of spring greens, peas, leeks and Tenderstem® broccoli with a roast garlic butter",,https://assets.sainsburys-groceries.co.uk/gol/8142825/1/640x640.jpg,"Nutrient	(microwaved) per 100g	(microwaved) per 1/2 pack	(microwaved) % adult RI per 1/2 pack	adult RI
Energy kJ	364	424	-	8400
Energy kcal	87	102	5%	2000
Fat	3.5g	4.0g	6%	70g
of which saturates	2.1g	2.4g	12%	20g
Carbohydrate	8.1g	9.5g	4%	260g
of which sugars	3.9g	4.5g	5%	90g
Fibre	4.0g	4.7g	-	-
Protein	3.8g	4.5g	9%	50g
Salt	0.07g	0.08g	1%	6g","Peas (49%), Leeks (23%), Spring Greens (12%), Tenderstem® Broccoli (12%), Roast Garlic Butter (4.0%) (Salted Butter (Butter (Cows' Milk), Salt), Garlic Purée)",https://www.sainsburys.co.uk/gol-ui/product/sainsburys-green-vegetable-selection-taste-the-difference-250g,,2024-08-20T21:21:29.458509-04:00
66-2139-DAI,Sainsbury's Peshwari Naan x2 260g,Sainsbury's,"Dairy, eggs & chilled",Naans & meal sides,All naans & meals sides,,69p,,,27p / 100g,7684935.0,2 Naan breads made with sultanas and desiccated coconut,,https://assets.sainsburys-groceries.co.uk/gol/7684935/1/640x640.jpg,,,https://www.sainsburys.co.uk/gol-ui/product/sainsburys-peshwari-naan-x2-260g,,2024-08-20T21:21:50.915987-04:00
66-2140-DAI,Sainsburys Mini Macaroni Cheese Ready Meal For 1 250g,Sainsburys,"Dairy, eggs & chilled",Ready meals,All ready meals,,£2.00,,,£8.00 / kg,7876897.0,Macaroni pasta in a creamy cheese sauce topped with mature Cheddar cheese,,https://assets.sainsburys-groceries.co.uk/gol/7876897/1/640x640.jpg,,,https://www.sainsburys.co.uk/gol-ui/product/sainsburys-mini-macaroni-cheese-270g,,2024-08-20T21:22:12.076652-04:00
66-2141-DAI,Sainsbury's Thai Green Chicken Curry with Sticky Jasmine Rice Ready Meal for 1 400g,Sainsbury's,"Dairy, eggs & chilled",Ready meals,All ready meals,,£3.30,,,£8.25 / kg,7542205.0,"Cooked marinated chicken breast pieces in a coconut and lemongrass sauce with green beans, butternut squash, bamboo shoots and water chestnuts, served with jasmine rice",,https://assets.sainsburys-groceries.co.uk/gol/7542205/1/640x640.jpg,,,https://www.sainsburys.co.uk/gol-ui/product/sainsburys-thai-green-curry---rice-450g,,2024-08-20T21:22:33.587144-04:00
66-2142-DAI,Sainsbury’s Fish Pie 400g (Serves 1),Sainsbury’s,"Dairy, eggs & chilled",Ready meals,All ready meals,,£3.30,,£2.50,£8.25 / kg,7161384.0,"Pollock and smoked hake in a cheese sauce, topped with mashed potato, extra mature Cheddar cheese and parsley Crumb",,https://assets.sainsburys-groceries.co.uk/gol/7161384/1/640x640.jpg,,,https://www.sainsburys.co.uk/gol-ui/product/sainsburys-classic-cumberland-fish-pie-450g,,2024-08-20T21:22:49.894146-04:00
66-2143-DAI,"Sainsbury's Beans, Tenderstem & Baby Corn 240g",Sainsbury's,"Dairy, eggs & chilled",Discover,Eat more fish,,£2.50,,£2.00,£10.42 / kg,7821873.0,"Fine Beans, Tenderstem® broccoli & Babycorn",,https://assets.sainsburys-groceries.co.uk/gol/7821873/1/640x640.jpg,,,https://www.sainsburys.co.uk/gol-ui/product/sainsburys-beans--tenderstem---baby-corn-240g,,2024-08-20T21:23:06.101830-04:00
66-2144-DAI,Sainsbury's Vegetable Spring Rolls x16 288g,Sainsbury's,"Dairy, eggs & chilled",Ready meals,All ready meals,,£2.50,,,£8.68 / kg,8026449.0,Filo pastry rolls filled with a seasoned vegetable mix,,https://assets.sainsburys-groceries.co.uk/gol/8026449/1/640x640.jpg,,,https://www.sainsburys.co.uk/gol-ui/product/sainsburys-vegetable-spring-rolls-x16-288g,,2024-08-20T21:23:27.581763-04:00
66-2145-DAI,Rustlers Microwave Quarter Pounder 190g (Serves 1),Rustlers,"Dairy, eggs & chilled",Ready meals,All ready meals,,£2.00,,,£1.05 / 100g,3259894.0,"Quarter pounder beef burger in a sesame seeded bun, with a cheese slice and a sachet of Rustlers sauce.",,https://assets.sainsburys-groceries.co.uk/gol/3259894/1/640x640.jpg,"Nutrient	Per 100g	Per Portion (190g)
Energy	1156kJ/ 277kcal	2197kJ/ 526kcal
Fat	15.0g	28.4g
of which saturates	6.2g	11.8g
Carbohydrate	21.4g	40.7g
of which sugars	3.5g	6.6g
Protein	13.1g	24.9g
Salt	1.5g	2.8g","Beef Burger (43%) [Beef, Beef Fat, Soya Protein, Salt, Wheat Flour*, Dextrose, Sugar, Stabiliser: E451; Egg White Powder, Yeast Extract, Hydrolysed Soya Protein, Barley Malt Extract, Flavourings], Sesame Seeded Bun [Wheat Flour*, Water, Rapeseed Oil, Yeast, Sesame Seeds, Sugar, Salt, Wheat Gluten, Emulsifiers: E472e, E471; Preservative: E282; Antioxidant: E300], Rustlers Sauce [Tomato Puree, Spirit Vinegar, Onion, Sugar, Cornflour, Rapeseed Oil, Mustard Seeds, Salt, Gherkin, Spices, Preservative: E202; Mustard Flour, Flavouring, Colour: E160c; Dill Oil], Processed Cheese Slice [Cheese (Milk), Water, Butter (Milk), Skimmed Milk Powder, Whey Powder (Milk), Emulsifying Salts: E452, E331, E339; Flavouring (Milk), Milk Protein, Calcium Phosphate, Salt, Colours: E160a, E160c; Acidity Regulator: E330], *Wheat Flour with Calcium, Iron, Niacin & Thiamin, Iron, Niacin, Thiamin, Beef Burger contains 85% Beef",https://www.sainsburys.co.uk/gol-ui/product/rustlers-microwave-quarter-pounder-190g,,2024-08-20T21:23:40.770709-04:00
66-2146-DAI,Sainsbury's Sausage Pasta Bake Ready Meal For 1 400g,Sainsbury's,"Dairy, eggs & chilled",Ready meals,All ready meals,,£3.30,,,£8.25 / kg,7856475.0,"Penne pasta with British pork sausage filled into beef casings, in a tomato and basil sauce",,https://assets.sainsburys-groceries.co.uk/gol/7856475/1/640x640.jpg,,,https://www.sainsburys.co.uk/gol-ui/product/sainsburys-sausage-pasta-400g-serves-1-,,2024-08-20T21:24:01.531625-04:00
66-2147-DAI,"Sainsbury's Cottage Pie, Taste the Difference 800g (Serves 2)",Sainsbury's,"Dairy, eggs & chilled",Ready meals,All ready meals,,£6.75,,,£8.44 / kg,7333025.0,Mashed potato with British beef in red wine gravy topped with extra mature Cheddar cheese and breadcrumb,,https://assets.sainsburys-groceries.co.uk/gol/7333025/1/640x640.jpg,,,https://www.sainsburys.co.uk/gol-ui/product/sainsburys-cottage-pie--taste-the-difference-800g-7333025-p-44,,2024-08-20T21:24:24.091664-04:00
66-2148-DAI,Sainsbury's Indian Vegetable Biryani with Basmati Rice Ready Meal for 1 400g,Sainsbury's,"Dairy, eggs & chilled",Discover,Curry night,,£3.30,,£2.75,£8.25 / kg,7811440.0,"Mixed vegetables with cooked basmati rice, a spiced tomato and mint sauce and fried onions",,https://assets.sainsburys-groceries.co.uk/gol/7811440/1/640x640.jpg,,,https://www.sainsburys.co.uk/gol-ui/product/sainsburys-vegetable-biryani-450g,,2024-08-20T21:24:40.694786-04:00
66-2149-DAI,Sainsbury's Cumberland Pie 400g (Serves 1),Sainsbury's,"Dairy, eggs & chilled",Ready meals,All ready meals,,£3.30,,£2.50,£8.25 / kg,1190472.0,Beef and vegetables in gravy topped with mashed potato and a cheese crumb,,https://assets.sainsburys-groceries.co.uk/gol/1190472/1/640x640.jpg,,,https://www.sainsburys.co.uk/gol-ui/product/sainsburys-classic-cumberland-pie-450g,,2024-08-20T21:24:57.189511-04:00
66-2150-DAI,"Sainsbury's Lamb Moussaka, Taste the Difference 400g (Serves 1)",Sainsbury's,"Dairy, eggs & chilled",Discover,Meals for tonight,,£4.25,,£3.50,£10.63 / kg,6302030.0,"A lamb ragù sauce with red wine, layered with potato and aubergines, topped with a creamy béchamel sauce, cheese and paprika",,https://assets.sainsburys-groceries.co.uk/gol/6302030/1/640x640.jpg,,,https://www.sainsburys.co.uk/gol-ui/product/sainsburys-lamb-moussaka--taste-the-difference-400g,,2024-08-20T21:25:13.832426-04:00
66-2151-DAI,Patak’s Plain Poppadoms x8,Patak’s,"Dairy, eggs & chilled",Discover,Curry night,,£2.25,,£1.50,£3.52 / 100g,7975226.0,Ready to Eat Restaurant Style Pappadums.,,https://assets.sainsburys-groceries.co.uk/gol/7975226/1/640x640.jpg,"Nutrient	Per 100g	Per Pappadum
Energy	1946kJ/ 466kcal	156kJ/ 37kcal
Fat	25g	2.0g
of which saturates	2.1g	0.2g
Carbohydrate	38g	3.1g
of which sugars	1.1g	0.1g
Fibre	9.1g	0.7g
Protein	18g	1.5g
Salt	3.20g	0.26g","Lentil Flour, Rapeseed Oil, Salt, Raising Agents (Calcium Hydroxide, Sodium Carbonates, Diphosphates)",https://www.sainsburys.co.uk/gol-ui/product/pataks-plain-pappadums-x-8,,2024-08-20T21:25:22.599361-04:00
66-2152-DAI,Sainsbury's Spaghetti Meatballs Ready Meal For 1 400g,Sainsbury's,"Dairy, eggs & chilled",Ready meals,All ready meals,,£3.30,,,£8.25 / kg,7856748.0,Spaghetti pasta in a tomato and basil sauce with British pork and beef meatballs,,https://assets.sainsburys-groceries.co.uk/gol/7856748/1/640x640.jpg,,,https://www.sainsburys.co.uk/gol-ui/product/sainsburys-spaghetti-meatballs-400g-serves-1-,,2024-08-20T21:25:44.142582-04:00
66-2153-DAI,Sainsbury's Indian King Prawn Makhani with Pilau Rice Ready Meal for 1 400g,Sainsbury's,"Dairy, eggs & chilled",Discover,Curry night,,£3.50,,£3.00,£8.75 / kg,7807322.0,"Cooked marinated king prawns in a mild cream, tomato and cashew nut sauce, served with cooked pilau rice",,https://assets.sainsburys-groceries.co.uk/gol/7807322/1/640x640.jpg,,,https://www.sainsburys.co.uk/gol-ui/product/sainsburys-prawn-makhani---rice-450g,,2024-08-20T21:26:00.443570-04:00
66-2154-DAI,Charlie Bigham's Lasagne for 1 355g,Charlie,"Dairy, eggs & chilled",Ready meals,All ready meals,,£6.00,,,£16.90 / kg,7987258.0,,,https://assets.sainsburys-groceries.co.uk/gol/7987258/1/640x640.jpg,,"Milk, Tomatoes, Egg Pasta (Durum Wheat Semolina, Water, Free-Range Egg), White Wine, Cheddar Cheese (Milk), British Beef (7%), British Pork (7%), Smoked Bacon (6%) (Pork, Salt, Preservatives: Potassium Nitrate, Sodium Nitrate, Sodium Nitrite, Antioxidant: Sodium Ascorbate), Onions, Tomato Purée, Cream (Milk), Carrots, Wheat Flour (Wheat Flour, Calcium Carbonate, Iron, Niacin, Thiamin), Celery, Rapeseed Oil, Butter (Milk), Balsamic Vinegar of Modena (Wine Vinegar, Concentrated Grape Must), Cornflour, Chicken Liver, Beef Stock (Water, Beef Bone, Yeast Extract, Salt, Molasses, Tomato Purée, Rapeseed Oil, Dried Onions, Ground Black Pepper), Garlic Purée, Salt, Oregano, Parsley, Black Pepper, Ground Nutmeg, Ground Star Anise, White Pepper, Secret ingredient: Obsession",https://www.sainsburys.co.uk/gol-ui/product/charlie-bighams-lasagne-for-1-355g,,2024-08-20T21:26:19.742420-04:00
66-2155-DAI,Sainsbury's Mashed Potato 800g,Sainsbury's,"Dairy, eggs & chilled",Discover,Eat more fish,,£2.25,,,£2.81 / kg,6859987.0,"Mashed potato with butter, single cream and seasoning",,https://assets.sainsburys-groceries.co.uk/gol/6859987/1/640x640.jpg,,,https://www.sainsburys.co.uk/gol-ui/product/sainsburys-classic-buttery-mash-side-for-4-800g,,2024-08-20T21:26:41.794287-04:00
66-2156-DAI,Sainsbury's Duck Spring Roll x4 200g,Sainsbury's,"Dairy, eggs & chilled",Ready meals,All ready meals,,£2.90,,,£14.50 / kg,7942463.0,"4 Crispy pastry spring rolls filled with British shredded duck, spring onions and hoisin sauce",,https://assets.sainsburys-groceries.co.uk/gol/7942463/1/640x640.jpg,,,https://www.sainsburys.co.uk/gol-ui/product/sainsburys-duck-spring-roll-x4-200g,,2024-08-20T21:27:03.619368-04:00
66-2157-DAI,"Sainsbury's Beef Bolognese with Tagliatelle Ready Meal For 1, Taste the Difference 400g",Sainsbury's,"Dairy, eggs & chilled",Ready meals,All ready meals,,£4.25,,,£10.63 / kg,8116536.0,"Tagliatelle with British beef, tomato, mushroom and pancetta bolognese, with Parmigiano Reggiano D.O.P cheese",,https://assets.sainsburys-groceries.co.uk/gol/8116536/1/640x640.jpg,,,https://www.sainsburys.co.uk/gol-ui/product/sainsburys-beef-bolognese-with-tagliatelle-taste-the-difference-400g,,2024-08-20T21:27:25.019756-04:00
66-2158-DAI,Sainsbury's Indian Snack Selection 288g (Serves 2),Sainsbury's,"Dairy, eggs & chilled",Discover,Curry night,,£2.75,,£2.50,£9.55 / kg,7534089.0,4 Onion bhajis,,https://assets.sainsburys-groceries.co.uk/gol/7534089/1/640x640.jpg,,,https://www.sainsburys.co.uk/gol-ui/product/sainsburys-indian-snack-selection-288g,,2024-08-20T21:27:40.590894-04:00
66-2159-DAI,Sainsbury's Butternut Squash & Spinach Croquettes 225g,Sainsbury's,"Dairy, eggs & chilled",Ready meals,Prepared sides & vegetables,,£2.25,,,£10.00 / kg,7821759.0,"Mashed butternut squash, potato and spinach in a parsley crumb and batter coating",,https://assets.sainsburys-groceries.co.uk/gol/7821759/1/640x640.jpg,,,https://www.sainsburys.co.uk/gol-ui/product/sainsburys-butternut-squash---spinach-croquettes,,2024-08-20T21:28:02.771991-04:00
66-2160-DAI,"Sainsbury's Ham & Leek Gratin in Rich Cheese Sauce, Taste the Difference 400g (Serves 1)",Sainsbury's,"Dairy, eggs & chilled",Discover,Meals for tonight,,£4.25,,£3.50,£10.63 / kg,7583037.0,Smoked ham with a creamy cheese sauce and leeks topped with potato slices and an extra mature Cheddar cheese crumb,,https://assets.sainsburys-groceries.co.uk/gol/7583037/1/640x640.jpg,,,https://www.sainsburys.co.uk/gol-ui/product/sainsburys-wiltshire-ham-gratin--taste-the-difference-400g-7583037-p-44,,2024-08-20T21:28:19.041906-04:00
66-2161-DAI,Charlie Bigham's Thai Red Curry 835g (Serves 2),Charlie,"Dairy, eggs & chilled",Ready meals,All ready meals,,£9.50,,,£11.38 / kg,7755321.0,"Tender chicken in our Thai red curry sauce with coconut cream, edamame beans, lime leaves and lemongrass.",,https://assets.sainsburys-groceries.co.uk/gol/7755321/1/640x640.jpg,,"Water, Chicken (18%), Coconut, Rice (15%), Onions, Bamboo Shoots, Edamame Beans (Soya), Rapeseed Oil, Lemon Juice, Ginger Purée, Demerara Sugar, Fish Sauce (Anchovy Extract (Fish), Salt, Sugar), Lime Leaves, Red Chillies*, Lime Juice, Garlic Purée, Salt, Lemongrass, Galangal, Cornflour, Basil, Coriander, Garlic, Shallot, Coriander Seeds, Kaffir Lime Peel, Cumin Seeds, Paprika, Ground Coriander, Ground Cumin, Ground White Pepper, Ground Fennel Seeds, Cardamom, Shrimp (Crustaceans), Fish, Ground Star Anise, Ground Cardamom, Ground Cinnamon, Turmeric, Mace, Sunflower Oil, Colour Paprika Extract, *As you would expect, this has a bit of a kick",https://www.sainsburys.co.uk/gol-ui/product/charlie-bighams-thai-red-curry-835g-serves-2-,,2024-08-20T21:28:32.415613-04:00
66-2162-DAI,"Sainsbury's Indian Aromatic Onion Bhaji, Taste the Difference 150g",Sainsbury's,"Dairy, eggs & chilled",Discover,Curry night,,£2.25,,,£14.06 / kg,6843458.0,"Hand finished bhaji made with sliced onion, herbs and chilli in a lightly spiced batter",,https://assets.sainsburys-groceries.co.uk/gol/6843458/1/640x640.jpg,,,https://www.sainsburys.co.uk/gol-ui/product/sainsburys-mini-onion-bahjia--taste-the-difference-150g,,2024-08-20T21:28:53.789424-04:00
66-2163-DAI,Sainsbury's Indian Chicken Tikka Masala Ready Meal Main For 2 400g,Sainsbury's,"Dairy, eggs & chilled",Discover,Curry night,,£4.25,,£3.75,£10.63 / kg,1190847.0,"Cooked marinated chicken breast pieces in a spiced cream, tomato, yogurt and cashew nut sauce",,https://assets.sainsburys-groceries.co.uk/gol/1190847/1/640x640.jpg,,,https://www.sainsburys.co.uk/gol-ui/product/sainsburys-chicken-tikka-masala-400g-1190847-p-44,,2024-08-20T21:29:10.105167-04:00
66-2164-DAI,"Sainsbury's Shepherd's Pie, Taste the Difference 400g (Serves 1)",Sainsbury's,"Dairy, eggs & chilled",Ready meals,All ready meals,,£4.25,,£3.50,£10.63 / kg,8165807.0,"Mashed potato with lamb, carrots and swede in redcurrant jelly gravy topped with extra mature Cheddar cheese and breadcrumbs",,https://assets.sainsburys-groceries.co.uk/gol/8165807/1/640x640.jpg,,,https://www.sainsburys.co.uk/gol-ui/product/sainsburys-shepherds-pie-taste-the-difference-400g,,2024-08-20T21:29:26.295990-04:00
66-2165-DAI,Albert Bartlett Classic Fries 300g,Albert,"Dairy, eggs & chilled",Ready meals,All ready meals,,£2.00,,,£6.67 / kg,7943737.0,Potato chips in a light and crispy batter.,,https://assets.sainsburys-groceries.co.uk/gol/7943737/1/640x640.jpg,"Nutrient	Oven Cooked: Per 100g	Oven Cooked: Per 150g	%RI Provided Per 150g	RI*
Energy kJ	780	1170	14	8400
Energy kcal	186	279	14	2000
Fat (g)	6.4	9.6	14	70
- of which saturates (g)	0.6	0.9	5	20
Carbohydrates (g)	27.0	41.0	16	260
- of which sugars (g)	0.2	0.3	<1	90
Fibre (g)	3.1	4.7	-	-
Protein (g)	3.8	5.7	11	50
Salt (g)	0.53	0.80	13	6","Albert Bartlett Rooster® Potato (92%), Sunflower Oil, Rice Flour, Potato Starch, Maize Starch, Pea Flour, Rice Starch, Salt, Dextrose, Turmeric, Paprika Extract",https://www.sainsburys.co.uk/gol-ui/product/albert-bartlett-rooster-fries-300g,,2024-08-20T21:29:39.614470-04:00
66-2166-DAI,Little Dish Mild Chicken Korma Kid's Meal 1-5 Yrs 200g,Little,"Dairy, eggs & chilled",Baby meals,All baby meals,,£2.85,,,£14.25 / kg,8142732.0,,,https://assets.sainsburys-groceries.co.uk/gol/8142732/1/640x640.jpg,"Nutrient	100g	200g pack
Energy (kJ/kcal)	494/ 118	988/ 236
Fat	3.1g	6.2g
of which saturates	1.7g	3.4g
Carbohydrate	17.1g	34.2g
of which sugars	1.4g	2.8g
Fibre	0.9g	1.8g
Protein	5.5g	11.0g
Salt	0.23g	0.46g","Cooked Rice (45%), Cooked Chicken (12%)*, Water, Coconut Milk (8%)**, Sweet Potato (5%), Onion, Yellow Pepper (4.5%), Mango (3.5%), Cornflour, Rapeseed Oil, Yeast Extract, Tomato Purée, Ginger Purée, Desiccated Coconut, Spices, Garlic Purée, Lemon Juice, Sunflower Oil, *Cooked Chicken contains: Chicken (99%), Cornflour, **Coconut Milk contains: Coconut Extract, Water",https://www.sainsburys.co.uk/gol-ui/product/little-dish-mild-chicken-korma-1-5-yrs-kids-meal-200g,,2024-08-20T21:29:57.739426-04:00
66-2167-DAI,Sainsbury's Chicken Tikka Masala & Pilau Rice Ready Meal For 1 400g,Sainsbury's,"Dairy, eggs & chilled",Ready meals,All ready meals,,£2.00,,,£5.00 / kg,7571612.0,Chicken breast pieces in a spiced tomato and yogurt sauce with long grain turmeric rice.,,https://assets.sainsburys-groceries.co.uk/gol/7571612/1/640x640.jpg,,,https://www.sainsburys.co.uk/gol-ui/product/sainsburys-chicken-tikka-masala---rice-400g,,2024-08-20T21:30:19.203014-04:00
66-2168-DAI,Sainsbury's Cheese & Garlic Mushrooms 200g,Sainsbury's,"Dairy, eggs & chilled",Ready meals,Prepared sides & vegetables,,£2.10,,,£10.50 / kg,7888565.0,Cheese and garlic stuffed mushrooms,,https://assets.sainsburys-groceries.co.uk/gol/7888565/1/640x640.jpg,,,https://www.sainsburys.co.uk/gol-ui/product/sainsburys-cheese---garlic-mushrooms-220g,,2024-08-20T21:30:40.609377-04:00
66-2169-DAI,Sainsbury's Vegetable Lasagne Ready Meal For 1 400g,Sainsbury's,"Dairy, eggs & chilled",Ready meals,All ready meals,,£3.30,,,£8.25 / kg,7856820.0,"A tomato, aubergine, red pepper and courgette sauce with sheets of egg pasta, topped with a béchamel sauce and mature Cheddar cheese.",,https://assets.sainsburys-groceries.co.uk/gol/7856820/1/640x640.jpg,,,https://www.sainsburys.co.uk/gol-ui/product/sainsburys-vegetable-lasagne-400g-serves-1-,,2024-08-20T21:31:02.125884-04:00
66-2170-DAI,Sainsbury's Sides Breaded Chicken Pops 250g,Sainsbury's,"Dairy, eggs & chilled",Discover,Pizza takeaway,,£3.25,,,£13.00 / kg,8041577.0,Chopped and shaped British chicken pieces in a breadcrumb coating,,https://assets.sainsburys-groceries.co.uk/gol/8041577/1/640x640.jpg,,,https://www.sainsburys.co.uk/gol-ui/product/sainsburys-sides-breaded-chicken-pops-250g,,2024-08-20T21:31:23.725064-04:00
66-2171-DAI,Sainsbury's Four Cheese Filled Ravioli Ready Meal For 1 400g,Sainsbury's,"Dairy, eggs & chilled",Discover,Simple meals,,£3.30,,,£8.25 / kg,7977135.0,Four cheese filled ravioli in a tomato and basil sauce,,https://assets.sainsburys-groceries.co.uk/gol/7977135/1/640x640.jpg,,,https://www.sainsburys.co.uk/gol-ui/product/sainsburys-four-cheese-filled-ravioli-400g-serves-1-,,2024-08-20T21:31:45.129912-04:00
66-2172-DAI,Rustlers Microwave BBQ Rib 157g,Rustlers,"Dairy, eggs & chilled",Ready meals,All ready meals,,£2.00,,,£1.27 / 100g,7693465.0,Chopped and shaped pork with BBQ seasoning in a sesame seeded bun and a sachet of BBQ sauce.,,https://assets.sainsburys-groceries.co.uk/gol/7693465/1/640x640.jpg,"Nutrient	Per 100g	Per Portion (157g)
Energy	1051kJ/ 251kcal	1651kJ/ 394kcal
Fat	10.9g	17.2g
of which saturates	3.6g	5.7g
Carbohydrate	24.2g	38.0g
of which sugars	4.9g	7.7g
Protein	12.9g	20.2g
Salt	1.3g	2.0g","BBQ Pork Rib (48%) [Pork, Water, Soya Protein, Acidity Regulator: E325; Maltodextrin, Sugar, Salt, Stabiliser: E451, Onion Powder, Garlic Powder, Smoke Flavouring, Yeast Extract, Spice, Antioxidant: E392; Sunflower Oil], Sesame Seeded Bun [Wheat Flour (with Calcium, Iron, Niacin & Thiamin), Water, Sugar, Rapeseed Oil, Yeast, Sesame Seeds, Salt, Wheat Gluten, Antioxidant: E300; Preservative: E282; Emulsifier: E472e; Wheat Starch], BBQ Sauce [Tomato Puree, Sugar, Spirit Vinegar, Molasses, Cornflour, Salt, Caramelised Sugar, Flavouring, Spices, Onion Powder, Garlic Powder, Smoke Flavouring], BBQ Pork Rib Burger contains 85% Pork",https://www.sainsburys.co.uk/gol-ui/product/rustlers-microwave-bbq-rib-157g,,2024-08-20T21:31:58.429141-04:00
66-2173-DAI,Sainsbury's Cod in Parsley Sauce 400g (Serves 1),Sainsbury's,"Dairy, eggs & chilled",Ready meals,All ready meals,,£3.75,,,£9.38 / kg,7544427.0,"Cod in a cream and parsley sauce with a buttery mashed potato, carrots and peas",,https://assets.sainsburys-groceries.co.uk/gol/7544427/1/640x640.jpg,,,https://www.sainsburys.co.uk/gol-ui/product/sainsburys-classic-cod-in-parsley-sauce-420g,,2024-08-20T21:32:20.980507-04:00
66-2174-DAI,"Sainsbury's Spinach & Ricotta Cannelloni Ready Meal For 1, Be Good To Yourself 400g",Sainsbury's,"Dairy, eggs & chilled",Ready meals,All ready meals,,£3.50,,,£8.75 / kg,7214548.0,"Cannelloni pasta filled with spinach and ricotta cheese with a tomato sauce, topped with béchamel and extra mature Cheddar cheese",,https://assets.sainsburys-groceries.co.uk/gol/7214548/1/640x640.jpg,,,https://www.sainsburys.co.uk/gol-ui/product/sainsburys-spinach---ricotta-cannelloni--be-good-to-yourself-400g,,2024-08-20T21:32:42.582374-04:00
66-2175-DAI,Sainsbury's Beef Hotpot 400g (Serves 1),Sainsbury's,"Dairy, eggs & chilled",Ready meals,All ready meals,,£3.30,,£2.50,£8.25 / kg,1190526.0,"Beef with onion, carrot and peas in gravy topped with sliced potato",,https://assets.sainsburys-groceries.co.uk/gol/1190526/1/640x640.jpg,,,https://www.sainsburys.co.uk/gol-ui/product/sainsburys-british-classic-minced-beef-hotpot-450g,,2024-08-20T21:32:58.779756-04:00
66-2176-DAI,Little Dish Spaghetti & Meatballs Kid's Meal 1-5 Yrs 200g,Little,"Dairy, eggs & chilled",Baby meals,All baby meals,,£2.85,,,£14.25 / kg,8142743.0,,,https://assets.sainsburys-groceries.co.uk/gol/8142743/1/640x640.jpg,"Nutrient	100g	200g pack
Energy (kJ/kcal)	452/ 108	904/ 216
Fat	4.3g	8.6g
of which saturates	1.4g	2.8g
Carbohydrate	13.3g	26.6g
of which sugars	2.7g	5.4g
Fibre	1.3g	2.6g
Protein	4.1g	8.2g
Salt	0.21g	0.42g","Cooked Spaghetti (27%)*, Tomato (21%), Water, Beef Meatballs (12%)**, Carrot (9%), Onion (5%), Tomato Purée, Cornflour, Rapeseed Oil, Herbs, Yeast Extract, Garlic Purée, Sunflower Oil, Spices, *Cooked Spaghetti contains: Water, Durum Wheat, **Beef Meatballs Contain: Beef (79%), Water, Rice Flour, Red Pepper, Dietary Fibre, Potato Starch, Onion, Yeast Extract, Herbs, Spices, Apple Extract, Rice",https://www.sainsburys.co.uk/gol-ui/product/little-dish-spaghetti-meatballs-1-5-yrs-200g,,2024-08-20T21:33:17.924033-04:00
66-2177-DAI,Plant Pioneers Vegan Tikka Masala & Pilau Rice Ready Meal for 1 400g,Plant,"Dairy, eggs & chilled",,,,£3.50,,,£8.75 / kg,8031778.0,"Cooked marinated soya protein pieces in a spiced coconut, tomato and coriander sauce, served with basmati rice cooked with whole spices and turmeric",,https://assets.sainsburys-groceries.co.uk/gol/8031778/1/640x640.jpg,,,https://www.sainsburys.co.uk/gol-ui/product/plant-pioneer-tikka-masala-rice-400g,,2024-08-20T21:33:44.502988-04:00
66-2178-DAI,Plant Pioneers Lentil Cottage Pie with Potato & Sweet Potato Mash 400g (Serves 1),Plant,"Dairy, eggs & chilled",Ready meals,All ready meals,,£3.50,,,£8.75 / kg,7607941.0,"Lentils, carrot and red wine sauce with potato and sweet potato mash",,https://assets.sainsburys-groceries.co.uk/gol/7607941/1/640x640.jpg,,,https://www.sainsburys.co.uk/gol-ui/product/sainsburys-vegetarian-cottage-pie-400g,,2024-08-20T21:34:07.342770-04:00
66-2179-DAI,Sainsbury's Indian Chicken Tikka Biryani with Basmati Rice Ready Meal for 1 400g,Sainsbury's,"Dairy, eggs & chilled",Discover,Curry night,,£3.30,,£2.75,£8.25 / kg,7808239.0,"Cooked basmati rice with cooked marinated chicken breast pieces, a spiced tomato and mint sauce and fried onions",,https://assets.sainsburys-groceries.co.uk/gol/7808239/1/640x640.jpg,,,https://www.sainsburys.co.uk/gol-ui/product/sainsburys-chicken-tikka-biryani-450g,,2024-08-20T21:34:23.627445-04:00
66-2180-DAI,Sainsbury's Cheddar Mashed Potato 400g,Sainsbury's,"Dairy, eggs & chilled",Ready meals,All ready meals,,£2.00,,£1.75,£5.00 / kg,6288595.0,British mashed potato with Cheddar cheese,,https://assets.sainsburys-groceries.co.uk/gol/6288595/1/640x640.jpg,,,https://www.sainsburys.co.uk/gol-ui/product/sainsburys-cheddar-mash-potato-450g,,2024-08-20T21:34:39.800746-04:00
66-2181-DAI,Sainsbury's Chinese Egg Fried Rice Ready Meal Side For 2 400g,Sainsbury's,"Dairy, eggs & chilled",Discover,Meals for tonight,,£2.10,,,£5.25 / kg,7768021.0,"Cooked long grain rice with scrambled egg, onion, peas and soy sauce",,https://assets.sainsburys-groceries.co.uk/gol/7768021/1/640x640.jpg,,,https://www.sainsburys.co.uk/gol-ui/product/sainsburys-egg-fried-rice-400g,,2024-08-20T21:35:00.915892-04:00
66-2182-DAI,Little Dish Chicken & Veg Risotto Kid's Meal 1-5 Yrs 200g,Little,"Dairy, eggs & chilled",Baby meals,All baby meals,,£2.85,,,£14.25 / kg,8143087.0,,,https://assets.sainsburys-groceries.co.uk/gol/8143087/1/640x640.jpg,"Nutrient	100g	200g pack
Energy (kJ/kcal)	412/ 99	824/ 198
Fat	3.7g	7.4g
of which saturates	1.7g	3.4g
Carbohydrate	8.9g	17.8g
of which sugars	1.8g	3.6g
Fibre	1.9g	3.8g
Protein	6.5g	13.0g
Salt	0.16g	0.32g","Cooked Rice (24%), Onion (14%), Water, Tomato (13%), Cooked Chicken (12%)*, Butternut Squash (4%), Sweet Potato (4%), Double Cream (Milk), Medium Fat Hard, Cheese (Milk) (3%), Tomato Purée, Herbs, Cheddar Cheese (Milk) (1%), Yeast Extract, Rapeseed Oil, Cornflour, Garlic Purée, Sunflower Oil, Spices, *Cooked Chicken contains: Chicken (99%), Cornflour",https://www.sainsburys.co.uk/gol-ui/product/little-dish-chicken-veg-risotto-1-5-yrs-200g,,2024-08-20T21:35:19.439543-04:00
66-2183-DAI,Sainsbury's Chinese Crispy Sweet & Sour Chicken Ready Meal Main For 2 350g,Sainsbury's,"Dairy, eggs & chilled",Discover,Meals for tonight,,£4.00,,£3.50,£11.43 / kg,7768107.0,Crispy battered chicken breast fillets served with a sweet and sour sauce,,https://assets.sainsburys-groceries.co.uk/gol/7768107/1/640x640.jpg,,,https://www.sainsburys.co.uk/gol-ui/product/sainsburys-crispy-chicken-with-sweet---sour-350g,,2024-08-20T21:35:36.155692-04:00
66-2184-DAI,SO Organic Super Firm Smoked Vegan Tofu 300g,SO,"Dairy, eggs & chilled",Ready meals,Vegetarian ready meals,,£2.50,,,£8.33 / kg,8078474.0,Organic smoked tofu,,https://assets.sainsburys-groceries.co.uk/gol/8078474/1/640x640.jpg,,,https://www.sainsburys.co.uk/gol-ui/product/so-organic-super-firm-smoked-tofu-300g,,2024-08-20T21:35:57.554745-04:00
66-2185-DAI,Sainsbury's Chicken Casserole 400g,Sainsbury's,"Dairy, eggs & chilled",Ready meals,All ready meals,,£3.30,,£2.50,£8.25 / kg,1216653.0,Chicken breast and thigh with carrots and swede in gravy topped with herb dumplings,,https://assets.sainsburys-groceries.co.uk/gol/1216653/1/640x640.jpg,,,https://www.sainsburys.co.uk/gol-ui/product/sainsburys-british-classic-chicken-casserole-450g,,2024-08-20T21:36:13.985895-04:00
66-2186-DAI,"Sainsbury's Chicken & King Prawn Paella, Taste the Difference 400g (Serves 1)",Sainsbury's,"Dairy, eggs & chilled",Discover,Meals for tonight,,£4.25,,£3.50,£10.63 / kg,7168029.0,"Saffron flavoured risotto rice with a tomato, Spanish chorizo and smoked paprika sauce, marinated chicken, King prawns, peas and red peppers",,https://assets.sainsburys-groceries.co.uk/gol/7168029/1/640x640.jpg,,,https://www.sainsburys.co.uk/gol-ui/product/sainsburys-paella--taste-the-difference-400g-7168029-p-44,,2024-08-20T21:36:30.714545-04:00
66-2187-DAI,Charlie Bigham's Chicken Tikka For 1 403g,Charlie,"Dairy, eggs & chilled",Ready meals,All ready meals,,£6.00,,£5.50,£14.89 / kg,8023205.0,,,https://assets.sainsburys-groceries.co.uk/gol/8023205/1/640x640.jpg,,"Cooked Rice (Water, Rice), Chicken (19%), Onions, Cream (Milk), Milk, Butter (Milk), Rapeseed Oil, Tomato Purée, Mango Chutney (Sugar, Mangoes, Salt, Acidity Regulator: Acetic Acid, Cayenne Pepper, Ginger, Garlic), Ginger Purée, Lemon Juice, Garlic Purée, Cornflour, Red Chillies, Salt, Lime Pickle (Lime, Water, Sunflower Oil, Salt, Green Chillies, Chilli Powder, Acidity Regulator: Acetic Acid, Mustard Seeds, Cumin Powder, Turmeric Powder), Ground Coriander, Nigella Seeds, Parsley, Ground Cumin, Smoked Paprika, Yellow Mustard Seeds, Ground Fenugreek, Ground Chillies, Cayenne Pepper, Ground Black Pepper, Ground Cinnamon, Ground Dill, Ground Turmeric, Sunflower Oil, Ground Ginger, Coriander Seeds, Colour: Paprika Extract, Ground Cardamom, Ground Cloves, Secret ingredient: Obsession",https://www.sainsburys.co.uk/gol-ui/product/charlie-bighams-chicken-tikka-for-1-403g,,2024-08-20T21:36:45.336982-04:00
66-2188-DAI,Little Dish Classic Fish Pie Kid's Meal 1-5 Yrs 200g,Little,"Dairy, eggs & chilled",Baby meals,All baby meals,,£2.85,,,£14.25 / kg,8142722.0,,,https://assets.sainsburys-groceries.co.uk/gol/8142722/1/640x640.jpg,,"Potato (33%), Carrot (14%), Whole Milk, Pollock (Fish) (12%), Water, Double Cream (Milk) (6%), Onion (3.5%), Cheddar Cheese (Milk) (2.5%), Leek (2.5%), Haricot Beans, Rapeseed Oil, Cornflour, Parsley, Butter (Milk), Lemon Juice, Sunflower Oil, Nutmeg, White Pepper",https://www.sainsburys.co.uk/gol-ui/product/little-dish-classic-fish-pie-1-5-yrs-kids-meal-200g,,2024-08-20T21:37:15.849951-04:00
66-2189-DAI,Sainsbury's Indian Plain Naan x2 260g,Sainsbury's,"Dairy, eggs & chilled",Naans & meal sides,All naans & meals sides,,£1.50,,£1.25,£5.77 / kg,7080527.0,2 Plain naan breads,,https://assets.sainsburys-groceries.co.uk/gol/7080527/1/640x640.jpg,,,https://www.sainsburys.co.uk/gol-ui/product/sainsburys-plain-naan-260g,,2024-08-20T21:37:32.424065-04:00
66-2190-DAI,Charlie Bigham's Cottage Pie Meals 325g,Charlie,"Dairy, eggs & chilled",Ready meals,Just Cook & Slow Cooked,,£6.00,,,£18.46 / kg,8092081.0,,,https://assets.sainsburys-groceries.co.uk/gol/8092081/1/640x640.jpg,"Nutrient	as sold Per 100g:	as sold Per pack:
Energy	513kJ, 122kcal	1667kJ, 397kcal
Fat	5.4g	17.6g
(of which saturates)	2.2g	7.3g
Carbohydrate	9.3g	30.2g
(of which sugars)	0.5g	1.6g
Fibre	0.9g	2.9g
Protein	8.7g	28.4g
Salt	0.53g	1.72g","Potatoes, British Beef (33%), Carrots, Onions, Red Wine, Cheddar Cheese (Milk), Celery, Cornflour, Beef Stock (Water, Beef Bones, Yeast Extract, Salt, Molasses, Tomato Purée, Rapeseed Oil, Dried Onions, Ground Black Pepper), Double Cream (Milk), Tomato Purée, Butter (Milk), Red Wine Stock (Red Wine Concentrate, Yeast Extract, Dried Potatoes, Salt, Sugar, Dried Onions, Rapeseed Oil, Ground Black Pepper, Thyme), Rapeseed Oil, Garlic Purée, Free-Range Egg Yolk, Breadcrumbs (Wheat Flour (Wheat Flour, Calcium Carbonate, Iron, Niacin, Thiamin), Yeast, Salt), Parmigiano Reggiano Cheese (Milk), Dijon Mustard (Water, Mustard Seeds, Vinegar, Salt), Salt, Parsley, Black Pepper, Rosemary, Thyme, Secret ingredient: obsession",https://www.sainsburys.co.uk/gol-ui/product/charlie-bighams-cottage-pie-meals-325g,,2024-08-20T21:37:52.070249-04:00
66-2191-DAI,Sainsbury's Lamb Hotpot 400g,Sainsbury's,"Dairy, eggs & chilled",Ready meals,All ready meals,,£3.30,,£2.50,£8.25 / kg,7992647.0,"Minced lamb with onion, carrot and peas in gravy topped with sliced potato",,https://assets.sainsburys-groceries.co.uk/gol/7992647/1/640x640.jpg,,,https://www.sainsburys.co.uk/gol-ui/product/sainsburys-lamb-hotpot-400g,,2024-08-20T21:38:08.625466-04:00
66-2192-DAI,"Sainsbury's Chicken Jambalaya, Be Good To Yourself Ready Meal for 1 400g",Sainsbury's,"Dairy, eggs & chilled",Ready meals,All ready meals,,£3.50,,,£8.75 / kg,7542408.0,"Seasoned rice with tomato, red, green and jalapeño peppers with chargrilled marinated chicken breast pieces and smoked pancetta",,https://assets.sainsburys-groceries.co.uk/gol/7542408/1/640x640.jpg,,,https://www.sainsburys.co.uk/gol-ui/product/sainsburys-jambalaya--be-good-to-yourself-400g,,2024-08-20T21:38:30.078318-04:00
66-2193-DAI,Sainsbury's Indian Aloo Saag Ready Meal Side For 2 300g,Sainsbury's,"Dairy, eggs & chilled",Discover,Curry night,,£2.50,,£2.25,£8.33 / kg,1164862.0,"Potato and spinach cooked with tomato, coriander, coconut and cumin",,https://assets.sainsburys-groceries.co.uk/gol/1164862/1/640x640.jpg,,,https://www.sainsburys.co.uk/gol-ui/product/sainsburys-indian-aloo-saag-300g-serves-2-,,2024-08-20T21:38:46.796265-04:00
66-2194-DAI,Sainsbury's Indian Chicken Pakoras Ready Meal Side For 2 x2 100g,Sainsbury's,"Dairy, eggs & chilled",Discover,Curry night,,£2.50,,£2.25,£25.00 / kg,7807460.0,"Chicken breast fillet coated in a spicy marinade with ginger, curry leaves and fenugreek",,https://assets.sainsburys-groceries.co.uk/gol/7807460/1/640x640.jpg,,,https://www.sainsburys.co.uk/gol-ui/product/sainsburys-chicken-pakora-100g,,2024-08-20T21:39:02.970512-04:00
66-2195-DAI,"Sainsbury's Royal Chicken Biryani Ready Meal For 1, Taste the Difference 380g",Sainsbury's,"Dairy, eggs & chilled",,,,£4.25,,,£11.18 / kg,8187452.0,"Mildly spiced basmati rice with sultanas and dried cranberries in a tomato, cashew nut and mint sauce with chargrilled marinated chicken breast pieces, almond flakes and coriander leaf",,https://assets.sainsburys-groceries.co.uk/gol/8187452/1/640x640.jpg,,,https://www.sainsburys.co.uk/gol-ui/product/sainsburys-royal-chicken-biryani-taste-the-difference-380g,,2024-08-20T21:39:30.142372-04:00
66-2196-DAI,Vivera Plant Shawarma Kebab 175g,Vivera,"Dairy, eggs & chilled",Ready meals,Ready meals by cuisine,,£2.60,,,£14.86 / kg,7862378.0,Precooked plant-based slices made from hydrated soya protein and seasoned with shawarma herbs.,,https://assets.sainsburys-groceries.co.uk/gol/7862378/1/640x640.jpg,"Nutrient	per 100g	RI per 100g		per 100g	RI per 100g
Energy	590 kJ / 141 kcal	7 %
Fats	7.2 g	10 %
of which saturates	0.8 g	4 %
Carbohydrates	1.3 g	<1 %
of which sugars	0.4 g	<1 %
Dietary fibre	4.9 g	-
Protein	15 g	30 %
Salt	1.2 g	20 %
Iron	3.9 mg (28%**)	-
Vitamin B12	0.53 µg (21%**)	-","Hydrated Vegetable Protein [Water, Soya Protein [22%]] [87%], Vegetable Oils (Rapeseed, Sunflower), Vinegar, Spices, Salt, Natural Flavourings, Vegetables [Paprika, Onion], Water, Garlic, Paprika Concentrate, Lovage, Vitamins and Minerals [Vitamin B12, Iron]",https://www.sainsburys.co.uk/gol-ui/product/vivera-veggie-kebab-175g,,2024-08-20T21:39:44.150787-04:00
66-2197-DAI,"Sainsbury's Aromatic Garlic & Coriander Naans, Taste Difference x2 280g",Sainsbury's,"Dairy, eggs & chilled",Naans & meal sides,All naans & meals sides,,£2.00,,,£7.14 / kg,6317780.0,2 Naan breads made with garlic and coriander,,https://assets.sainsburys-groceries.co.uk/gol/6317780/1/640x640.jpg,,,https://www.sainsburys.co.uk/gol-ui/product/sainsburys-garlic---coriander-naan-bread-x2--taste-the-difference,,2024-08-20T21:40:06.047834-04:00
66-2198-DAI,Sainsbury's Chicken Arrabbiata Ready Meal For 1 400g,Sainsbury's,"Dairy, eggs & chilled",Discover,Simple meals,,£3.30,,,£8.25 / kg,7856043.0,Penne pasta and chicken in a tomato and chilli sauce with mature Cheddar cheese,,https://assets.sainsburys-groceries.co.uk/gol/7856043/1/640x640.jpg,,,https://www.sainsburys.co.uk/gol-ui/product/js-chicken-arrabbiata-400g,,2024-08-20T21:40:27.298862-04:00
66-2199-DAI,"Sainsbury's Cauliflower Cheese, Taste the Difference 600g",Sainsbury's,"Dairy, eggs & chilled",Ready meals,All ready meals,,£4.25,,,£7.08 / kg,8108047.0,"Cauliflower florets in a Cheddar and Regato cheese sauce topped with Emmental cheese, breadcrumbs and herbs",,https://assets.sainsburys-groceries.co.uk/gol/8108047/1/640x640.jpg,"Nutrient	(oven cooked) per 100g	(oven cooked) per 1/4 pack	% adult RI per 1/4 pack	adult RI
Energy kJ	480	634	-	8400
Energy kcal	115	152	8%	2000
Fat	6.3g	8.3g	12%	70g
- saturates	4.0g	5.3g	27%	20g
- mono-unsaturates	1.4g	1.9g	-	-
- polyunsaturates	0.3g	0.4g	-	-
Carbohydrate	8.4g	11.1g	4%	260g
- sugars	2.7g	3.6g	4%	90g
- starch	5.5g	7.3g	-	-
Fibre	0.9g	1.1g	-	-
Protein	5.8g	7.6g	15%	50g
Salt	0.60g	0.79g	13%	6g","Cauliflower (43%), Semi Skimmed Cows' Milk, Extra Mature Cheddar Cheese (10%) (Cows' Milk), Water, Single Cream (4.5%) (Cows' Milk), Regato Cheese (2.5%) (Cows' Milk), Maize Starch, Fortified British Wheat Flour (Wheat Flour, Calcium Carbonate, Iron, Niacin, Thiamin), Emmental Cheese (1.5%) (Cows' Milk), Onion, Butter (Cows' Milk), Salt, Rosemary, Parsley, Mustard Powder, Yeast",https://www.sainsburys.co.uk/gol-ui/product/sainsburys-cauliflower-cheese-taste-the-difference-600g,,2024-08-20T21:40:43.143124-04:00
66-2200-DAI,Sainsbury's Indian Chicken Jalfrezi Ready Meal Main For 2 400g,Sainsbury's,"Dairy, eggs & chilled",Discover,Curry night,,£4.25,,£3.75,£10.63 / kg,1210958.0,Cooked marinated chicken breast pieces in a hot tomato sauce with onions and green peppers,,https://assets.sainsburys-groceries.co.uk/gol/1210958/1/640x640.jpg,,,https://www.sainsburys.co.uk/gol-ui/product/sainsburys-indian-chicken-jalfrezi-400g-serves-2-,,2024-08-20T21:40:59.501819-04:00
66-2201-DAI,Sainsbury's Indian Bombay Potato Ready Meal Side For 2 300g,Sainsbury's,"Dairy, eggs & chilled",Discover,Curry night,,£2.50,,£2.25,£8.33 / kg,1191691.0,Potato and onion cooked in a spiced tomato sauce with coriander and cumin,,https://assets.sainsburys-groceries.co.uk/gol/1191691/1/640x640.jpg,,,https://www.sainsburys.co.uk/gol-ui/product/sainsburys-indian-bombay-potato-300g-serves-2-,,2024-08-20T21:41:17.922990-04:00
66-2202-DAI,Sainsbury's Bolognese Pasta Bake Melt Ready Meal For 1 400g,Sainsbury's,"Dairy, eggs & chilled",Ready meals,All ready meals,,£3.30,,,£8.25 / kg,7856466.0,"British beef and red wine ragù sauce with penne pasta, béchamel sauce and mature Cheddar cheese",,https://assets.sainsburys-groceries.co.uk/gol/7856466/1/640x640.jpg,,,https://www.sainsburys.co.uk/gol-ui/product/sainsburys-bolognese-melt-400g-serves-1-,,2024-08-20T21:41:44.890812-04:00
66-2203-DAI,Sainsbury's Chinese Beef In Black Bean & Rice Ready Meal for 1 400g,Sainsbury's,"Dairy, eggs & chilled",Ready meals,All ready meals,,£3.50,,,£8.75 / kg,7318791.0,"Cooked marinated beef slices in a black soya bean sauce with onion and red pepper, served with long grain rice with egg and peas",,https://assets.sainsburys-groceries.co.uk/gol/7318791/1/640x640.jpg,,,https://www.sainsburys.co.uk/gol-ui/product/sainsburys-beef-in-black-bean---rice-450g,,2024-08-20T21:42:09.121568-04:00
66-2204-DAI,Sainsbury's Singapore Noodles Ready Meal for 1 400g,Sainsbury's,"Dairy, eggs & chilled",Ready meals,All ready meals,,£3.30,,,£8.25 / kg,7318958.0,"Cooked rice noodles and vegetables with roasted marinated chicken breast slices, marinated British pork slices and prawns in a medium spiced sauce",,https://assets.sainsburys-groceries.co.uk/gol/7318958/1/640x640.jpg,,,https://www.sainsburys.co.uk/gol-ui/product/sainsburys-singapore-noodles-450g,,2024-08-20T21:42:34.467845-04:00
66-2205-DAI,"Sainsbury's Sweet & Sour Chicken with Egg Fried Rice, Taste the Difference Ready Meal for 1 400g",Sainsbury's,"Dairy, eggs & chilled",,,,£4.25,,,£10.63 / kg,8053773.0,"Fried battered chicken in a sweet and sour sauce with peppers and pineapple, served with long grain rice, egg and peas",,https://assets.sainsburys-groceries.co.uk/gol/8053773/1/640x640.jpg,,,https://www.sainsburys.co.uk/gol-ui/product/sainsburys-sweet-sour-chicken-with-egg-fried-rice-taste-the-difference-400g,,2024-08-20T21:43:01.538005-04:00
66-2206-DAI,"Sainsbury's Chicken & King Prawn Paella, Taste the Difference 800g (Serves 2)",Sainsbury's,"Dairy, eggs & chilled",Discover,Simple meals,,£6.75,,,£8.44 / kg,7168021.0,"Saffron flavoured risotto rice with a tomato, Spanish chorizo and smoked paprika sauce, marinated chicken, King prawns, peas and red peppers",,https://assets.sainsburys-groceries.co.uk/gol/7168021/1/640x640.jpg,,,https://www.sainsburys.co.uk/gol-ui/product/sainsburys-paella--taste-the-difference-bistro-800g,,2024-08-20T21:43:23.362137-04:00
66-2207-DAI,Sainsbury's Indian Pilau Rice Ready Meal Side For 2 400g,Sainsbury's,"Dairy, eggs & chilled",Discover,Curry night,,£2.10,,£1.85,£5.25 / kg,7807485.0,Basmati rice cooked with whole spices and turmeric,,https://assets.sainsburys-groceries.co.uk/gol/7807485/1/640x640.jpg,,,https://www.sainsburys.co.uk/gol-ui/product/sainsburys-pilau-rice-400g,,2024-08-20T21:43:39.689226-04:00
66-2208-DAI,Sainsbury’s Pub Classics Beer Battered Fish & Chips with a Pea Puree 450g,Sainsbury’s,"Dairy, eggs & chilled",Ready meals,Ready meals for one,,£4.00,,,£8.89 / kg,7992676.0,Chips with beer battered cod and a pea purée,,https://assets.sainsburys-groceries.co.uk/gol/7992676/1/640x640.jpg,,,https://www.sainsburys.co.uk/gol-ui/product/sainsburys-pub-fish-chips-peas-450g,,2024-08-20T21:44:02.800631-04:00
66-2209-DAI,"Sainsbury's Mediterranean Vegetable Pasta Ready Meal For 1, Be Good To Yourself 380g",Sainsbury's,"Dairy, eggs & chilled",Ready meals,All ready meals,,£3.50,,,£9.21 / kg,7214579.0,"Pasta shells with a tomato and basil sauce, cooked red and yellow peppers and chargrilled courgettes",,https://assets.sainsburys-groceries.co.uk/gol/7214579/1/640x640.jpg,,,https://www.sainsburys.co.uk/gol-ui/product/sainsburys-mediterrean-vegetable-pasta--be-good-to-yourself-400g,,2024-08-20T21:44:24.906765-04:00
66-2210-DAI,Sainsbury's Mini Garlic & Coriander Naans x4,Sainsbury's,"Dairy, eggs & chilled",Naans & meal sides,All naans & meals sides,,£1.15,,,29p / ea,7885433.0,4 Mini naan breads made with garlic and topped with dried coriander,,https://assets.sainsburys-groceries.co.uk/gol/7885433/1/640x640.jpg,,,https://www.sainsburys.co.uk/gol-ui/product/sainsburys-mini-garlic---coriander-naans-x4,,2024-08-20T21:44:46.317595-04:00
66-2211-DAI,"Sainsbury's Summer Pesto & Lemon Chicken Bake, Taste the Difference 400g (Serves 1)",Sainsbury's,"Dairy, eggs & chilled",Ready meals,All ready meals,,£4.25,,£3.50,£10.63 / kg,8185499.0,Cooked Chicken Breast with roasted sliced potatoes and garlic marinated courgette in a basil pesto and lemon sauce topped with sundried Tomato breadcrumb mix,,https://assets.sainsburys-groceries.co.uk/gol/8185499/1/640x640.jpg,,,https://www.sainsburys.co.uk/gol-ui/product/sainsburys-summer-pesto-lemon-chicken-bake-taste-the-difference-x4,,2024-08-20T21:45:02.610184-04:00
66-2212-DAI,The Gym Kitchen Thai Green Chicken Curry Ready Meal for 1 400g,The,"Dairy, eggs & chilled",Ready meals,All ready meals,,£3.75,,£3.00,£9.38 / kg,8181986.0,"Cooked chicken breast pieces in a Thai style curry sauce with brown rice, carrots, peas and edamame soya beans.",,https://assets.sainsburys-groceries.co.uk/gol/8181986/1/640x640.jpg,"Nutrient	(microwaved) Per pack	(microwaved) Per 100g	RI (%)*
Energy kJ	1493	394	-
Energy kcal	355	94	19%
Fat, total	8.0g	2.5g	14%
- saturates	4.0g	1.1g	21%
Carbohydrate	40.4g	10.7g	16%
- sugars	7.5g	2.0g	8%
Fibre	6.7g	1.8g	-
Protein	31g	7.9g	60%
Salt	1.5g	0.40g	25%","Cooked Vegetable Rice Mix [Carrots, Onions, Water, Brown Rice, Peas, Edamame Soya Beans, Lime Leaf, Red Chillies], Cooked Chicken Breast (20%) [Chicken Breast, Cornflour], Water, Coconut Milk, Onions, Semi-Skimmed Milk, Herbs, Lemongrass, Ginger Purée, Garlic Purée, Green Chilli Purée, Fish Sauce [Water, Anchovy Extract (Fish), Salt, Sugar], Cornflour, Galangal, Salt, Sugar, Rapeseed Oil, Spices, Gelling Agent (Pectin), Concentrated Lime Juice, Red Chillies",https://www.sainsburys.co.uk/gol-ui/product/the-gym-kitchen-thai-green-chicken-curry-400g,,2024-08-20T21:45:10.629689-04:00
66-2213-DAI,Sainsbury's Beef Lasagne Ready Meal For 4 1.5kg,Sainsbury's,"Dairy, eggs & chilled",Ready meals,All ready meals,,£7.90,,,£5.27 / kg,8105954.0,"British beef and red wine ragù sauce with sheets of egg pasta, béchamel sauce and mature Cheddar cheese",,https://assets.sainsburys-groceries.co.uk/gol/8105954/1/640x640.jpg,,,https://www.sainsburys.co.uk/gol-ui/product/sainsburys-italian-style-beef-lasagne-15kg,,2024-08-20T21:45:32.118543-04:00
66-2214-DAI,Sainsbury's Chinese Chicken Curry & Rice Ready Meal For 1 400g,Sainsbury's,"Dairy, eggs & chilled",Ready meals,All ready meals,,£3.30,,,£8.25 / kg,7542221.0,"Cooked marinated chicken breast pieces in a spiced curry sauce, served with long grain rice with egg and peas",,https://assets.sainsburys-groceries.co.uk/gol/7542221/1/640x640.jpg,,,https://www.sainsburys.co.uk/gol-ui/product/sainsburys-chinese-chicken-curry---rice-450g,,2024-08-20T21:45:53.905325-04:00
66-2215-DAI,Sainsbury's Indian Chicken Madras with Pilau Rice Ready Meal for 1 400g,Sainsbury's,"Dairy, eggs & chilled",,,,£3.30,,£2.75,£8.25 / kg,7807390.0,"Cooked marinated chicken breast pieces in a hot tomato and coconut sauce made with onions, coriander, curry leaves and spices, served with cooked pilau rice",,https://assets.sainsburys-groceries.co.uk/gol/7807390/1/640x640.jpg,,,https://www.sainsburys.co.uk/gol-ui/product/sainsburys-chicken-madras---rice-450g,,2024-08-20T21:46:16.476708-04:00
66-2216-DAI,Sainsbury's Carrot & Swede Mash 400g,Sainsbury's,"Dairy, eggs & chilled",,,,£1.60,,,£4.00 / kg,1190625.0,"British mashed potato, carrot and swede with butter",,https://assets.sainsburys-groceries.co.uk/gol/1190625/1/640x640.jpg,,,https://www.sainsburys.co.uk/gol-ui/product/sainsburys-carrot---swede-mash-450g,,2024-08-20T21:46:43.057591-04:00
66-2217-DAI,Weight Watchers Sweet & Sour Chicken Ready Meal 320g,Weight,"Dairy, eggs & chilled",Ready meals,All ready meals,,£2.50,,,£7.81 / kg,7879645.0,Tender chicken pieces in a sweet and sour sauce with rice and vegetables,,https://assets.sainsburys-groceries.co.uk/gol/7879645/1/640x640.jpg,,"Cooked Long Grain White Rice (39%, Water, White Rice), Water, Cooked Chicken Pieces (15%, Chicken, Salt, Stabilisers - Di, Tri- and Polyphosphates), Sugar, Carrot, Tomato Ketchup (Tomato, Vinegar, Sugar, Salt, Spice and Herb Extracts (contains Celery), Spice), Red Pepper, Water Chestnut, Pineapple, Barley Malt Vinegar, Modified Maize Starch, Soy Sauce (Water, Soy Sauce (Water, Soybean, Wheat, Salt), Salt, Sugar, Molasses), Ginger Purée, Tomato Purée, Chicken Bouillon (Chicken Stock (Water, Chicken Fat, Chicken Extract, Salt), Natural Flavourings, Salt, Sugar, Cornflour), Rapeseed Oil, Garlic Purée, Colour (Paprika Extract), Thickener (Agar)",https://www.sainsburys.co.uk/gol-ui/product/weight-watchers-from-heinz-sweet---sour-chicken-ready-meal-320g,,2024-08-20T21:46:56.468723-04:00
66-2218-DAI,Sainsbury's Broccoli Cheese 400g,Sainsbury's,"Dairy, eggs & chilled",Ready meals,All ready meals,,£2.25,,,£5.63 / kg,6855581.0,Broccoli florets with cheese sauce and extra mature cheddar cheese.,,https://assets.sainsburys-groceries.co.uk/gol/6855581/1/640x640.jpg,,,https://www.sainsburys.co.uk/gol-ui/product/sainsburys-broccolli-cheese-400g,,2024-08-20T21:47:18.035499-04:00
66-2219-DAI,"Sainsbury's Roasted Vegetable Lasagne Ready Meal For 1, Taste the Difference 400g",Sainsbury's,"Dairy, eggs & chilled",Discover,Meals for tonight,,£4.25,,,£10.63 / kg,8079648.0,"Egg pasta sheets with a mushroom and lentil ragù, topped with béchamel sauce, roasted vegetables, mozzarella and regato cheese",,https://assets.sainsburys-groceries.co.uk/gol/8079648/1/640x640.jpg,,,https://www.sainsburys.co.uk/gol-ui/product/sainsburys-roasted-vegetable-lasagne-taste-the-difference-400g,,2024-08-20T21:47:39.969867-04:00
66-2220-DAI,Stamford Street Food Co. Cauliflower Cheese 350g,Stamford,"Dairy, eggs & chilled",Ready meals,All ready meals,,£1.25,,,£3.57 / kg,8145145.0,Cauliflower florets with mature cheddar cheese sauce,,https://assets.sainsburys-groceries.co.uk/gol/8145145/1/640x640.jpg,"Nutrient	as consumed per 100g:	Per 1/2 Pack:
Energy	269kJ/ 64kcal	445kJ/ 106kcal
Fat	3.0g	5.0g
of which saturates	1.7g	2.8g
Carbohydrate	5.3g	8.7g
of which sugars	2.6g	4.3g
Protein	3.5g	5.8g
Salt	0.25g	0.41g","Cauliflower, Semi Skimmed Cows' Milk, Water, Caernarfon Cheddar Cheese (7%) (Cows' Milk, Salt, Starter Culture, Vegetarian Rennet), Maize Starch, Fortified Wheat Flour (Wheat Flour, Calcium Carbonate, Iron, Niacin, Thiamin), Salt, Mustard Powder, White Pepper",https://www.sainsburys.co.uk/gol-ui/product/stamford-street-food-co-cauliflower-cheese-350g,,2024-08-20T21:47:53.378083-04:00
66-2221-DAI,Annabel Karmel Beef Cottage Pie Toddler Meal 200g 12 Month+,Annabel,"Dairy, eggs & chilled",Baby meals,All baby meals,,£2.85,,,£14.25 / kg,6516358.0,"Minced British beef, carrot, onion and red pepper in gravy topped with Cheddar cheese mash.",,https://assets.sainsburys-groceries.co.uk/gol/6516358/1/640x640.jpg,"Nutrient	per 100g	per cooked meal
Energy	435kJ/ 104kcal	835kJ/ 199kcal
Fat	4.6g	8.9g
of which saturates	2.4g	4.6g
Carbohydrates	9.9g	19.1g
of which sugars	2.2g	4.3g
Fibre	0.7g	1.3g
Protein	5.2g	9.9g
Salt	0.20g	0.38g
Sodium	0.08g	0.16g","Sauce (50%) (Tomato (26%), Beef (24%), Carrot (9%), Onion (8%), Apple Puree, Water, Garlic Puree, Worcester Sauce (Water, Spirit Vinegar, Sugar, Salt, Tamarind Paste, Onion Powder, Garlic Powder, Lemon Concentrate, Ground Ginger, Ground Cloves, Chilli Powder), Red Pepper, Slow Roasted Tomato Paste (Slow Roasted Tomato, Sunflower Oil, Spirit Vinegar, Tomato Paste, Sugar, Sea Salt, Dried Garlic, Black Pepper, Rosemary, Rubbed Basil, Water), Tomato Paste, Yeast Extract, Red Wine Vinegar, Beef Stock (Beef, Yeast Extract, Natural Flavouring, Salt, Tomato Paste, Molasses, Lemon Juice Concentrate, Onion Powder), Thyme, Basil, Oregano, Cornflour, Rapeseed Oil, Stabiliser (Agar), Black Pepper), Potato and Cheese Mash (50%) (Potato, Milk, Mature Cheddar Cheese (Milk), Butter (Milk))",https://www.sainsburys.co.uk/gol-ui/product/annabel-karmel-beef-cottage-pie-200g,,2024-08-20T21:48:07.090174-04:00
66-2222-DAI,Sainsbury's Braised Beef & Mash 400g (Serves 1),Sainsbury's,"Dairy, eggs & chilled",Discover,Simple meals,,£3.50,,,£8.75 / kg,7992506.0,Beef in gravy with mashed potato,,https://assets.sainsburys-groceries.co.uk/gol/7992506/1/640x640.jpg,,,https://www.sainsburys.co.uk/gol-ui/product/sainsburys-braised-beef-with-mash-peas-400g,,2024-08-20T21:48:28.887133-04:00
66-2223-DAI,Sainsbury's Vegetable Selection with Herb Butter 340g,Sainsbury's,"Dairy, eggs & chilled",Discover,Eat more fish,,£2.65,,,£7.79 / kg,7519475.0,"A mix of baby potatoes, carrots, savoy cabbage and spring greens with a herb butter",,https://assets.sainsburys-groceries.co.uk/gol/7519475/1/640x640.jpg,,,https://www.sainsburys.co.uk/gol-ui/product/sainsburys-vegetable-selection-with-herb-butter-340g,,2024-08-20T21:48:50.553606-04:00
66-2224-DAI,Sainsbury's Duck Spring Rolls 10 200g,Sainsbury's,"Dairy, eggs & chilled",Ready meals,All ready meals,,£2.50,,,£12.50 / kg,7862723.0,"Vegetables and shredded duck with rice noodles in a seasoned sauce, encased in crisp golden pastry",,https://assets.sainsburys-groceries.co.uk/gol/7862723/1/640x640.jpg,,,https://www.sainsburys.co.uk/gol-ui/product/sainsburys-duck-spring-rolls-10-200g,,2024-08-20T21:49:12.813880-04:00
66-2225-DAI,Sainsbury's Indian Saag Paneer Ready Meal Side For 2 300g,Sainsbury's,"Dairy, eggs & chilled",Discover,Curry night,,£2.50,,£2.25,£8.33 / kg,1210941.0,Paneer cheese and spinach in a tomato and cream sauce,,https://assets.sainsburys-groceries.co.uk/gol/1210941/1/640x640.jpg,,,https://www.sainsburys.co.uk/gol-ui/product/sainsburys-indian-saag-paneer-300g-serves-2-,,2024-08-20T21:49:29.490434-04:00
66-2226-DAI,Wasabi Chicken Katsu Curry with Rice 450g,Wasabi,"Dairy, eggs & chilled",Discover,Simple meals,,£4.50,,,£10.00 / kg,7954893.0,"Curry sauce with white onion, carrot and potato, served with cooked white long grain rice and breaded chicken breast",,https://assets.sainsburys-groceries.co.uk/gol/7954893/1/640x640.jpg,"Nutrient	as consumed per 100g
Energy (KJ)	655
Energy (Kcal)	156
Fat (g)	6.0
of which saturate fat (g)	2.3
Carbohydrate (g)	21.2
of which sugars (g)	1.3
Protein (g)	4.8
Salt (g)	0.85","Curry Sauce (44%) (Water, Curry Paste (Vegetable Oils (Palm Oil, Canola Oil), Wheat Flour, Sugar, Salt, Curry Powder (Turmeric, Coriander, Cumin, Fenugreek, Cinnamon, Fennel, Red Pepper, Dill, Dried Tangerine Peel, Spices), Corn Starch, Onion Powder (Onion Flakes, Soybean Powder, Glucose, Maltose), Dextrin, Garlic Powder (Dried Garlic, Defatted Soybean, Glucose, Maltose), Flavour Enhancers (E621, E631, E627), Colour (E150(a)), Yeast Extract, Emulsifiers (E473, E322 (Soya), E471), Soybean Paste (Soybean, Salt, Rice), Defatted Soybean, Acidity Regulators (E296, E330), Red Pepper, Fermented Wheat Seasoning (Wheat, Yeast Extract, Dextrin), Flavourings), White Onion, Carrot, Potato, Rapeseed Oil), Cooked White Long Grain Rice (Water, White Long Grain Rice), Breaded Chicken Breast (19%) (Chicken Breast, Batter Mix (Water, Flour Mix (Wheat Flour (Wheat Flour, Calcium Carbonate, Iron, Niacin, Thiamin), Salt)), Breadcrumb (Wheat Flour (Wheat Flour, Calcium, Carbonate, Iron, Niacin, Thiamin), Yeast, Sunflower Oil, Sugar, Acid (E270), Antioxidant (E300)), Brine Mix (Water, Maize Starch, Salt, Acidity Regulator (E500), Spirit Vinegar Powder, Tapioca Starch, Dried Glucose Syrup), Predust (Wheat Flour (Wheat Flour, Calcium Carbonate, Iron, Niacin, Thiamin), Rice), Rapeseed Oil, Panko Breadcrumb (Wheat Flour, Vegetable Oil (Palm Oil, Antioxidant (E306)), Salt, Yeast, Colour (E160(c))))",https://www.sainsburys.co.uk/gol-ui/product/wasabi-sushi-bento-chicken-katsu-curry-with-rice-450g,,2024-08-20T21:49:42.550612-04:00
66-2227-DAI,"Sainsbury's Lamb Moussaka, Taste the Difference 800g (Serves 2)",Sainsbury's,"Dairy, eggs & chilled",Ready meals,All ready meals,,£6.75,,,£8.44 / kg,7332067.0,"A lamb ragù sauce with red wine, layered with potato and aubergines, topped with a creamy béchamel sauce, cheese and paprika",,https://assets.sainsburys-groceries.co.uk/gol/7332067/1/640x640.jpg,,,https://www.sainsburys.co.uk/gol-ui/product/sainsburys-moussaka--taste-the-difference-800g-7332067-p-44,,2024-08-20T21:50:03.820445-04:00
66-2228-DAI,"Sainsbury's Indian Takeaway Chicken Tikka, Korma, Rice & Naans Ready Meal for 2 1.4kg",Sainsbury's,"Dairy, eggs & chilled",Discover,Curry night,,£8.95,,,£6.19 / kg,7983431.0,"1 Pilau rice, 1 chicken korma, 1 chicken tikka masala, 2 plain naan breads, 8 onion bhajis",,https://assets.sainsburys-groceries.co.uk/gol/7983431/1/640x640.jpg,,,https://www.sainsburys.co.uk/gol-ui/product/sainsburys-takeaway-for-2-tikka-korma-1446g,,2024-08-20T21:50:27.214269-04:00
66-2229-DAI,"Sainsbury's Chicken Caesar Bake with a Crunchy Bacon Crumb, Taste the Difference 450g",Sainsbury's,"Dairy, eggs & chilled",Discover,Taste the Difference Dine in for £12 (valid for deliveries from 10th April),,£6.75,,,£15.00 / kg,8183721.0,"Cooked chicken breast in Parmigiano Reggiano, Regato cheese, fish sauce, garlic and mustard sauce, topped with a Beechwood smoked bacon and parsley breadcrumb",,https://assets.sainsburys-groceries.co.uk/gol/8183721/1/640x640.jpg,,,https://www.sainsburys.co.uk/gol-ui/product/sainsburys-chicken-caesar-bake-with-a-crunchy-bacon-crumb-taste-the-difference-450g,,2024-08-20T21:50:49.390270-04:00
66-2230-DAI,"Sainsbury's Beef Stroganoff with Wild Rice, Taste the Difference 400g (Serves 1)",Sainsbury's,"Dairy, eggs & chilled",Discover,Meals for tonight,,£4.25,,£3.50,£10.63 / kg,6385906.0,Long grain and wild rice with marinated British diced beef in a creamy mushroom and brandy sauce with roasted mushroom and onions,,https://assets.sainsburys-groceries.co.uk/gol/6385906/1/640x640.jpg,,,https://www.sainsburys.co.uk/gol-ui/product/stroganoff-with-wild-rice--taste-the-difference-450g-6385906-p,,2024-08-20T21:51:05.750509-04:00
66-2231-DAI,"Sainsbury's Tomato & Basil Chicken, Be Good To Yourself 400g (Serves 1)",Sainsbury's,"Dairy, eggs & chilled",Ready meals,All ready meals,,£3.50,,,£8.75 / kg,7214566.0,Chicken in a tomato and basil sauce with roasted baby potatoes.,,https://assets.sainsburys-groceries.co.uk/gol/7214566/1/640x640.jpg,,,https://www.sainsburys.co.uk/gol-ui/product/sainsburys-tomato---basil-chicken--be-good-to-yourself-400g,,2024-08-20T21:51:27.989608-04:00
66-2232-DAI,Rustlers All Day Breakfast Sausage Muffin 155g,Rustlers,"Dairy, eggs & chilled",Discover,Simple meals,,£1.50,,,97p / 100g,7947926.0,"A sausage patty in an English muffin, with a cheese slice and a sachet of tomato ketchup.",,https://assets.sainsburys-groceries.co.uk/gol/7947926/1/640x640.jpg,"Nutrient	Per 100g	Per Portion (155g)
Energy	955kJ/ 228kcal	1481kJ/ 353kcal
Fat	8.5g	13.2g
of which saturates	3.4g	5.3g
Carbohydrate	26.8g	41.5g
of which sugars	5.9g	9.2g
Protein	9.9g	15.3g
Salt	1.1g	1.7g","English Muffin [Wheat Flour*, Water, Yeast, Yellow Polenta, Rice Flour, Sugar, Wheat Gluten, Salt, Rapeseed Oil, Dried Rye Sourdough, Preservative: E282; Acidity Regulator: E334, E341; Emulsifier E472e; Antioxidant: E300], Sausage Patty (27%) [Pork, Soya Protein, Rusk (Wheat Flour*), Salt, Dextrose, Pork Fat, Yeast Extract, Spices, Sage], Tomato Ketchup [Tomato Puree, Sugar, Spirit Vinegar, Cornflour, Salt, Rapeseed Oil, Onion Powder, Spices, Garlic Powder], Processed Cheese Slice [Cheese (Milk), Water, Butter (Milk), Skimmed Milk Powder, Whey Powder (Milk), Emulsifying Salts: E452, E331, E339; Flavouring (Milk), Milk Protein, Calcium Phosphate, Salt, Colours: E160a, E160c; Acidity Regulator: E330], Sausage Patty contains 78% Pork, *Wheat Flour with Calcium, Iron, Niacin & Thiamin",https://www.sainsburys.co.uk/gol-ui/product/rustlers-all-day-breakfast-sausage-muffin-155g,,2024-08-20T21:51:41.289707-04:00
66-2233-DAI,Sainsbury's Beef Lasagne Ready Meal For 2 750g,Sainsbury's,"Dairy, eggs & chilled",Discover,Meals for tonight,,£4.25,,,£5.67 / kg,7462064.0,"British beef and red wine ragù sauce with sheets of egg pasta, béchamel sauce and mature Cheddar cheese",,https://assets.sainsburys-groceries.co.uk/gol/7462064/1/640x640.jpg,,,https://www.sainsburys.co.uk/gol-ui/product/sainsburys-beef-lasagne-800g,,2024-08-20T21:52:05.033649-04:00
66-2234-DAI,Charlie Bigham's Cottage Pie 650g (Serves 2),Charlie,"Dairy, eggs & chilled",Discover,Meals for tonight,,£9.50,,£8.50,£14.62 / kg,7537785.0,,,https://assets.sainsburys-groceries.co.uk/gol/7537785/1/640x640.jpg,,"Potatoes, British Beef (34%), Carrots, Onions, Red Wine, Celery, Cheddar Cheese (Milk), Cornflour, Beef Stock (Water, Beef Bones, Yeast Extract, Salt, Molasses, Tomato Purée, Rapeseed Oil, Dried Onions, Ground Black Pepper), Double Cream (Milk), Tomato Puree, Butter (Milk), Red Wine Stock (Red Wine Concentrate, Yeast Extract, Dried Potatoes, Salt, Sugar, Dried Onions, Rapeseed Oil, Ground Black Pepper, Thyme), Rapeseed Oil, Garlic Purée, Free-Range Egg Yolk, Breadcrumbs (Wheat Flour (Wheat Flour, Calcium Carbonate, Iron, Niacin, Thiamin), Yeast, Salt), Parmigiano Reggiano Cheese (Milk), Dijon Mustard (Water, Mustard Seeds, Vinegar, Salt), Salt, Parsley, Black Pepper, Rosemary, Thyme, Secret ingredient: obsession",https://www.sainsburys.co.uk/gol-ui/product/charlie-bighams-cottage-pie-650g,,2024-08-20T21:52:18.520319-04:00
66-2235-DAI,"Sainsbury's Indian Takeaway Chicken Tikka, Jalfrezi, Rice & Naans Ready Meal for 2 1.4kg",Sainsbury's,"Dairy, eggs & chilled",Discover,Curry night,,£8.95,,,£6.19 / kg,7983393.0,"1 Pilau rice, 1 chicken jalfrezi, 1 chicken tikka masala, 2 plain naan breads, 8 onion bhajis",,https://assets.sainsburys-groceries.co.uk/gol/7983393/1/640x640.jpg,,,https://www.sainsburys.co.uk/gol-ui/product/sainsburys-takeaway-for-2-tikka-jalfrezi-1446g,,2024-08-20T21:52:39.594980-04:00
66-2236-DAI,Annabel Karmel Mild Chicken Tikka with Rice 1+ Years 200g,Annabel,"Dairy, eggs & chilled",Ready meals,All ready meals,,£2.85,,,£14.25 / kg,8190460.0,Cooked basmati rice with chicken breast in a mild spiced tomato sauce.,,https://assets.sainsburys-groceries.co.uk/gol/8190460/1/640x640.jpg,"Nutrient	per 100g	per cooked meal
Energy	454kJ/ 108kcal	873kJ/ 207kcal
Fat	1.9g	3.6g
of which saturates	0.7g	1.4g
Carbohydrates	15.4g	29.5g
of which sugars	2.1g	4.1g
Fibre	1.8g	3.5g
Protein	6.4g	12.4g
Salt	0.21g	0.41g
Sodium	0.09g	0.16g","Cooked Basmati Rice (47%) (Water, Basmati Rice), Chicken Breast (14%) (Chicken Breast, Rice Starch, Salt), Tomato, Water, Onion, Apple Puree, Tomato Paste, Rapeseed Oil, Creamed Coconut, Ginger Puree, Mango Chutney (Sugar, Mango, Salt, Ginger, Acidity Regulator (Acetic Acid), Garlic, Cayenne Pepper), Chicken Stock (Chicken, Rehydrated Potato Flake, Yeast Extract, Salt), Cornflour, Yeast Extract, Vegetable Stock (Water, Yeast Extract, Salt, Onion Powder, Carrot Juice Concentrate, Dehydrated Potato, Sunflower Oil, Sugar, Leek Powder, Lemon Juice Concentrate, Garlic Powder), Ground Coriander, Lemon Juice Concentrate, Desiccated Coconut, Ground Turmeric, Ground Cumin, Garlic Puree, Ground Black Pepper, Ground Paprika, Ground Cassia, Ground Star Anise, Ground Ginger, Ground Cardamom, Ground Pimento, Ground Bay Leaf, Ground Clove, Ground Nutmeg",https://www.sainsburys.co.uk/gol-ui/product/annabel-karmel-mild-chicken-tikka-with-rice-1-years-200g,,2024-08-20T21:52:54.050831-04:00
66-2237-DAI,Sainsbury's Shepherd's Pie 750g (Serves 2),Sainsbury's,"Dairy, eggs & chilled",Ready meals,All ready meals,,£4.25,,£3.75,£5.67 / kg,7877486.0,Minced lamb with onions and carrots in gravy topped with mashed potato,,https://assets.sainsburys-groceries.co.uk/gol/7877486/1/640x640.jpg,,,https://www.sainsburys.co.uk/gol-ui/product/sainsburys-classic-shepherds-pie-800g,,2024-08-20T21:53:10.994683-04:00
66-2238-DAI,Sainsbury's Indian Tadka Daal Ready Meal Side For 2 300g,Sainsbury's,"Dairy, eggs & chilled",Discover,Curry night,,£2.50,,£2.25,£8.33 / kg,1191707.0,"Split pigeon peas and split chickpeas cooked with tomato, coriander and cumin",,https://assets.sainsburys-groceries.co.uk/gol/1191707/1/640x640.jpg,,,https://www.sainsburys.co.uk/gol-ui/product/sainsburys-indian-tadka-daal-300g-serves-2-,,2024-08-20T21:53:27.338287-04:00
66-2239-DAI,Annabel Karmel Chicken & Potato Pie Toddler Meal 200g 12 Month+,Annabel,"Dairy, eggs & chilled",Baby meals,All baby meals,,£2.85,,,£14.25 / kg,6516360.0,Chicken pieces in a cream sauce topped with a carrot and cheese mashed potato.,,https://assets.sainsburys-groceries.co.uk/gol/6516360/1/640x640.jpg,"Nutrient	per 100g	per cooked meal
Energy	415kJ/ 99kcal	774kJ/ 185kcal
Fat	4.5g	8.4g
of which saturates	2.9g	5.4g
Carbohydrates	6.9g	12.9g
of which sugars	0.9g	1.7g
Fibre	1.8g	3.4g
Protein	6.8g	12.7g
Salt	0.21g	0.39g
Sodium	0.08g	0.15g","Potato, Water, Carrot, Chicken Breast (11%), Onion, Double Cream (Milk), Mature Cheddar Cheese (Milk), Milk, Butter (Milk), Cornflour, Thyme, Rapeseed Oil, Chicken Stock (Chicken, Yeast Extract, Water, Salt, Potato Flake), Lemon Juice Concentrate, Parsley",https://www.sainsburys.co.uk/gol-ui/product/annabel-karmel-chicken---potato-pie-200g,,2024-08-20T21:53:40.575392-04:00
66-2240-DAI,Sainsbury's Cottage Pie 750g (Serves 2),Sainsbury's,"Dairy, eggs & chilled",Ready meals,All ready meals,,£4.25,,£3.75,£5.67 / kg,7877462.0,"Beef, onion and carrot in gravy topped with mashed potato",,https://assets.sainsburys-groceries.co.uk/gol/7877462/1/640x640.jpg,,,https://www.sainsburys.co.uk/gol-ui/product/sainsburys-classic-cottage-pie-800g,,2024-08-20T21:53:57.367929-04:00
66-2241-DAI,Charlie Bigham's Chilli Con Carne 840g (Serves 2),Charlie,"Dairy, eggs & chilled",Ready meals,All ready meals,,£9.50,,,£11.31 / kg,7700739.0,,,https://assets.sainsburys-groceries.co.uk/gol/7700739/1/640x640.jpg,,"Cooked Rice (Water, Rice), British Beef (16%), Tomatoes, Onions, Red Kidney Beans, Red Peppers, Black-Eye Beans, White Wine, Sweetcorn, Carrots, Cheddar Cheese (Milk), Rapeseed Oil, Lemon Juice, Chorizo (Pork, Pork Fat, Paprika, Salt, Garlic), Celery, Tomato Purée, Lime Juice, Garlic Purée, Soy Sauce (Water, Soya Beans, Wheat, Salt), Honey, Chicken Stock (Chicken, Dried Potatoes, Water, Yeast Extract, Salt, Chicken Fat), Red Pepper Flakes, Semi-Dried Tomatoes, Beef Stock (Yeast Extract, Water, Beef Bone Stock, Salt, Molasses, Tomato Purée, Dried Onions, Sunflower Oil, Black Pepper), Cornflour, Salt, Oregano, Ground Cumin, Parsley, Sunflower Oil, Wheat Flour (Wheat Flour, Calcium Carbonate, Iron, Niacin, Thiamin), Chipotle Peppers, White Wine Vinegar, Ground Coriander, Smoked Paprika, Tomato Paste, Chillies, Black Pepper, Thyme, Sugar, Dried Oregano, Ground Star Anise, Extra Virgin Olive Oil, Ground Bay Leaves, Colour: Paprika Extract, Garlic, Onion, Secret ingredient: obsession",https://www.sainsburys.co.uk/gol-ui/product/charlie-bighams-chilli-con-carne-840g-serves-2-,,2024-08-20T21:54:15.827262-04:00
66-2242-DAI,Sainsbury's Sweet Potato & Red Onion Bhaji x4 200g,Sainsbury's,"Dairy, eggs & chilled",Discover,Curry night,,£2.00,,£1.75,£10.00 / kg,7942323.0,"Lightly spiced bhajis made with sweet potato, red onion and black onion seeds",,https://assets.sainsburys-groceries.co.uk/gol/7942323/1/640x640.jpg,,,https://www.sainsburys.co.uk/gol-ui/product/sainsburys-sweet-potato-red-onion-bhajia-x4-200g,,2024-08-20T21:54:32.061295-04:00
66-2243-DAI,Rustlers Hot Dog 146g,Rustlers,"Dairy, eggs & chilled",Ready meals,All ready meals,,£1.50,,£1.25,£1.03 / 100g,7784576.0,Hot dog sausage in a soft bun with a sachet of tomato ketchup and mustard.,,https://assets.sainsburys-groceries.co.uk/gol/7784576/1/640x640.jpg,"Nutrient	Per 100g	Per Portion (146g)
Energy	1070kJ/ 255kcal	1562kJ/ 372kcal
Fat	10.6g	15.5g
of which saturates	3.3g	4.8g
Carbohydrate	29.9g	43.7g
of which sugars	7.5g	10.9g
Protein	9.2g	13.4g
Salt	1.5g	2.3g","Hot Dog Bun [Wheat Flour (with Calcium, Iron, Niacin & Thiamin), Water, Sugar, Rapeseed Oil, Yeast, Salt, Wheat Gluten, Preservative: E282; Emulsifier: E472e; Wheat Starch, Antioxidant: E300], Hot Dog Sausage (36%) [Pork, Water, Pork Fat, Potato Starch, Salt, Dextrose, Spices, Stabilisers: E450, E451, E452; Smoke Flavouring, Beef Collagen, Acid: E330; Flavouring, Potato Fibre, Antioxidant: E300, E301; Preservative; E250], Tomato Ketchup [Sugar, Tomato Puree, Spirit Vinegar, Rapeseed Oil, Cornflour, Salt, Onion Powder, Spices, Garlic Powder], Mustard [Water, Spirit Vinegar, Mustard Flour, Mustard Bran, Salt, Sugar, Cornflour, Turmeric, Paprika]",https://www.sainsburys.co.uk/gol-ui/product/rustlers-hot-dog-146g,,2024-08-20T21:54:39.492021-04:00
66-2244-DAI,Sainsbury's Indian Lamb Rogan Josh with Pilau Rice Ready Meal for 1 400g,Sainsbury's,"Dairy, eggs & chilled",Discover,Curry night,,£3.50,,£3.00,£8.75 / kg,7807338.0,"Cooked marinated New Zealand lamb in a medium spiced onion and tomato sauce with yogurt and coriander, served with cooked pilau rice",,https://assets.sainsburys-groceries.co.uk/gol/7807338/1/640x640.jpg,,,https://www.sainsburys.co.uk/gol-ui/product/sainsburys-lamb-rogan-josh---rice-450g,,2024-08-20T21:54:56.667470-04:00
66-2245-DAI,"Sainsbury's Slow Cooked Smoky Gammon Shanks, Taste the Difference 515g",Sainsbury's,"Dairy, eggs & chilled",Discover,Taste the Difference Dine in for £12 (valid for deliveries from 10th April),,£6.50,,,£12.62 / kg,8169897.0,"Slow cooked, cured British pork gammon shanks with a sachet of honey and mustard glaze",,https://assets.sainsburys-groceries.co.uk/gol/8169897/1/640x640.jpg,,,https://www.sainsburys.co.uk/gol-ui/product/sainsburys-slow-cooked-smoky-gammon-shanks-taste-the-difference-515g,,2024-08-20T21:55:18.479416-04:00
66-2246-DAI,Cathedral City Cottage Pie 400g,Cathedral,"Dairy, eggs & chilled",Ready meals,All ready meals,,£4.00,,£3.50,£10.00 / kg,8193802.0,Mashed Potato with British beef in a red wine gravy topped with Cheddar Cheese.,,https://assets.sainsburys-groceries.co.uk/gol/8193802/1/640x640.jpg,"Nutrient	(ovenbaked) per 100g	(ovenbaked) per pack	Reference Intake
Energy	574kJ/ 137kcal	2229kJ/ 533kcal	8400kJ/ 2000kcal
Fat	7.4g	29g	70g
(of which saturates)	4.4g	17g	20g
Carbohydrate	10g	39g	260g
(of which sugars)	1.2g	4.7g	90g
Fibre	0.6g	2.3g	-
Protein	7.4g	29g	50g
Salt	0.65g	2.5g	6g","Potato (39%), Beef (17%), Cathedral City Cheddar Cheese (Milk) (14%), Water, Onions, Carrots, Red Wine, Cornflour, Butter (Milk), Beef Bouillon (Beef Stock, Yeast Extract, Beef Fat, Salt, Tomato Concentrate, Carrot Juice from Concentrate, Tomato Paste, Onions, Carrots, Black Pepper), Worcester Sauce (Water, Spirit Vinegar, Sugar, Tamarind Extract, Onion, Garlic, Ginger, Concentrated Lemon Juice, Clove, Chilli), Wheat Flour (Wheat Flour, Calcium Carbonate, Iron, Niacin (B3), Thiamin (B1)), Salt, Tomato Paste, Colour (Plain Caramel), Yeast Extract, Black Pepper, White Pepper",https://www.sainsburys.co.uk/gol-ui/product/cathedral-city-cottage-pie-400g,,2024-08-20T21:55:28.881736-04:00
66-2247-DAI,"Sainsbury's Chicken & Bacon Pasta Bake Ready Meal For 2, Taste The Difference 750g",Sainsbury's,"Dairy, eggs & chilled",Ready meals,Ready meals by cuisine,,£6.75,,,£9.00 / kg,7964497.0,"Pasta with British marinated chicken breast and beechwood smoked British bacon lardons with added water in a cheese sauce, topped with a basil crumb",,https://assets.sainsburys-groceries.co.uk/gol/7964497/1/640x640.jpg,,,https://www.sainsburys.co.uk/gol-ui/product/sainsburys-taste-the-difference-chicken-bacon-pasta-bake-750g,,2024-08-20T21:55:50.726347-04:00
66-2248-DAI,Sainsbury's Garlic & Coriander Poppadoms 80g,Sainsbury's,"Dairy, eggs & chilled",Ready meals,All ready meals,,£1.50,,,£1.88 / 100g,7691552.0,Garlic and coriander Indian style snack,,https://assets.sainsburys-groceries.co.uk/gol/7691552/1/640x640.jpg,,,https://www.sainsburys.co.uk/gol-ui/product/sainsburys-garlic---coriander-poppadoms-80g,,2024-08-20T21:56:12.273924-04:00
66-2249-DAI,Patak's Lime Pickle 283g,Patak's,"Dairy, eggs & chilled",Ready meals,All ready meals,,£2.50,,,88p / 100g,3863954.0,"Lime Pickle, with a Delicious Blend of Tangy Lime and Traditional Spices.",,https://assets.sainsburys-groceries.co.uk/gol/3863954/1/640x640.jpg,"Nutrient	Per 100g
Energy	770kJ/ 187kcal
Fat	17g
of which saturates	1.2g
Carbohydrate	2.5g
of which sugars	2.2g
Protein	2.3g
Salt	8.9g","Limes (66%), Rapeseed Oil, Salt, Ground Spices (3%) [Spices, Paprika, Mustard], Acid (Acetic Acid), Cracked Yellow Mustard Seed (2%), Cracked Fenugreek Seed",https://www.sainsburys.co.uk/gol-ui/product/pataks-lime-pickle-283g,,2024-08-20T21:56:25.461923-04:00
66-2250-DAI,Weight Watchers Chicken & Lemon Risotto Ready Meal 320g,Weight,"Dairy, eggs & chilled",Ready meals,All ready meals,,£2.50,,,£7.81 / kg,7879989.0,Marinated chicken slices with a touch of lemon zest sauce mixed with rice & vegetables,,https://assets.sainsburys-groceries.co.uk/gol/7879989/1/640x640.jpg,,"Water, Cooked White Long Grain Rice (28%, Water, Long Grain Rice), Cooked Marinated Chicken (12%, Chicken, Maltodextrin, Dextrose, Tapioca Starch, Salt, Maize Flour, Onion Powder, Yeast Extract, Herbs (Oregano, Basil, Parsley), Natural Flavourings (Lime, Coriander, Lemon), Sugar, Tomato Powder, Garlic, Acidity Regulator - Citric Acid, Lemon Powder, Colour - Paprika Extract, Thickener - Carrageenan, Modified Maize Starch, Stabilisers - Tri and Polyphosphates), Peas, Red Peppers, Whey Powder (Milk), Half Cream (Milk), Modified Maize Starch, Celery, Milk, Chicken Stock (Yeast Extract, Water, Salt, Chicken Extract, Chicken Fat, Natural Flavouring, Carrot Juice Concentrate, Cornflour, Onion, Onion Powder, Carrot), Lemon Juice, Lemon Zest, White Wine, Sugar, Thickener - Agar, Natural Lemongrass Flavouring, Basil, Yeast Extract",https://www.sainsburys.co.uk/gol-ui/product/weight-watchers-from-heinz-chicken---lemon-risotto-ready-meal-320g,,2024-08-20T21:56:38.532985-04:00
66-2251-DAI,Sainsbury's Pub Classics Chilli Con Carne & Rice 500g (Serves 1),Sainsbury's,"Dairy, eggs & chilled",Discover,Simple meals,,£4.00,,,£8.00 / kg,7992513.0,Minced beef with red peppers and red kidney beans in a chilli spiced tomato sauce with long grain rice.,,https://assets.sainsburys-groceries.co.uk/gol/7992513/1/640x640.jpg,,,https://www.sainsburys.co.uk/gol-ui/product/sainsburys-pub-chilli-con-carne-rice-500g,,2024-08-20T21:57:00.124082-04:00
66-2252-DAI,Sainsbury's Indian Butter Chicken Ready Meal Main For 2 400g,Sainsbury's,"Dairy, eggs & chilled",Discover,Curry night,,£4.25,,£3.75,£10.63 / kg,1191073.0,"Cooked marinated chicken breast pieces in a cream, tomato, butter and cashew nut sauce",,https://assets.sainsburys-groceries.co.uk/gol/1191073/1/640x640.jpg,,,https://www.sainsburys.co.uk/gol-ui/product/sainsburys-indian-butter-chicken-400g-serves-2-,,2024-08-20T21:57:17.804079-04:00
66-2253-DAI,Wasabi Home Bento Spicy Korean Chicken Pops 150g,Wasabi,"Dairy, eggs & chilled",Ready meals,All ready meals,,£2.75,,,£18.33 / kg,8157606.0,Fried Korean style chicken breast pieces coated in sweet and spicy sauce with sugars and sweetener,,https://assets.sainsburys-groceries.co.uk/gol/8157606/1/640x640.jpg,"Nutrient	as consumed per 100g	as consumed per pack
Energy (kJ)	1082	1545
Energy (kcal)	258	369
Fat (g)	11.6	16.6
of which saturate fat (g)	1.2	1.8
Carbohydrate (g)	21.1	30.1
of which sugars (g)	8.2	11.7
Protein (g)	16.5	23.5
Salt (g)	1.50	2.15","Fried Chicken (Chicken Breast (46%), Coating (Potato Starch, Rice Flour, Dried Potato, Tapioca Starch, Garlic Powder, Ginger, Raising Agents (E450(i), E500(ii))), Brining Mix (Water, Maize Starch, Salt, Acidity Regulator (E500), Spirit Vinegar Powder, Tapioca Starch, Dried Glucose Syrup), Marinade Mix (Marinade (Wheat Flour (Wheat Flour, Calcium Carbonate, Iron, Niacin, Thiamin), Paprika, White Pepper, Salt, Dried Yeast, Raising Agent (E500(ii))), Rapeseed Oil, Water), Rapeseed Oil), Sweet and Spicy Sauce (Sweet Chilli Sauce (Sugar, Water, Red Pepper, Garlic, Salt, Modified Corn Starch, Acidity Regulator (E260)), Water, Corn Syrup, Sugar, High Fructose Corn Syrup, White Onion, Red Pepper Paste (Water, Corn Syrup, Wheat Flour, Wheat, Salt, Red Pepper Powder, Roasted Soybean Powder, Alcohol, Garlic, Flavour Enhancer (E621), Soybean, Onion, Fermented Soybean), Garlic, Distilled Vinegar, Tomato Paste, Salt, Modified Corn Starch, Crushed Pineapple, Pineapple Extract, Soybean Sauce (Water, Defatted Soybean, Salt, Wheat Flour, Alcohol), Alcohol, Red Pepper Powder, Stabiliser (E415), Yeast Extract Powder, Colour (E160(c)), Flavour Enhancer (E621), Black Pepper Powder, Acidity Regulators (E260, E330, E331), Oleoresin Capsicum, Sweetener (E950), Cinnamon Powder, Flavouring), Carolina Reaper Chilli Powder)",https://www.sainsburys.co.uk/gol-ui/product/wasabi-home-bento-spicy-korean-chicken-pops-150g,,2024-08-20T21:57:31.825194-04:00
66-2254-DAI,"Sainsbury's Spinach & Ricotta Cannelloni Ready Meal For 1, Taste the Difference 400g",Sainsbury's,"Dairy, eggs & chilled",Discover,Meals for tonight,,£4.25,,,£10.63 / kg,7964617.0,"Cannelloni pasta filled with spinach, ricotta and pea filling in a tomato sauce, layered with a cheese sauce and topped with extra mature Cheddar cheese",,https://assets.sainsburys-groceries.co.uk/gol/7964617/1/640x640.jpg,,,https://www.sainsburys.co.uk/gol-ui/product/sainsburys-taste-the-difference-spinach-ricotta-cannelloni-400g,,2024-08-20T21:57:53.834662-04:00
66-2255-DAI,"Sainsbury's Lasagne, Taste the Difference 700g",Sainsbury's,"Dairy, eggs & chilled",Discover,Taste the Difference Dine in for £12 (valid for deliveries from 10th April),,£6.25,,,£8.93 / kg,8165098.0,"British beef ragù with smoked pancetta bacon and red wine, with layers of egg pasta, topped with béchamel and Parmigiano Reggiano D.O.P cheese",,https://assets.sainsburys-groceries.co.uk/gol/8165098/1/640x640.jpg,,,https://www.sainsburys.co.uk/gol-ui/product/sainsburys-lasagne-taste-the-difference-700g,,2024-08-20T21:58:15.405186-04:00
66-2256-DAI,Charlie Bigham's Thai Green Curry & Fragrant Rice 805g,Charlie,"Dairy, eggs & chilled",Ready meals,All ready meals,,£9.50,,£8.50,£11.80 / kg,8023156.0,,,https://assets.sainsburys-groceries.co.uk/gol/8023156/1/640x640.jpg,,"Cooked Rice (Water, Rice), Chicken (19%), Coconut, Water, Onions, Ginger Purée, Rapeseed Oil, Lemon Juice, Bamboo Shoots, Demerara Sugar, Fish Sauce (Anchovy Extract (Fish), Salt, Sugar), Lime Juice, Cornflour, Spinach, Basil, Lime Leaves, Lemongrass, Parsley, Garlic Purée, Galangal, Salt, Sunflower Oil, Coriander, Red Pepper Flakes, Green Chillies, Garlic, Ground Turmeric, Ground Cumin, Ground Coriander, Shrimp (Crustaceans), Makrut Lime Peel, Coriander Seeds, Pepper, Turmeric, Secret Ingredient: Obsession",https://www.sainsburys.co.uk/gol-ui/product/charlie-bighams-thai-green-curry-fragrant-rice-805g,,2024-08-20T21:58:28.504500-04:00
66-2257-DAI,Sainsbury's Indian Chapatti x2 170g,Sainsbury's,"Dairy, eggs & chilled",Discover,Curry night,,£1.25,,£1.00,£7.35 / kg,7080467.0,2 Unleavened flatbreads,,https://assets.sainsburys-groceries.co.uk/gol/7080467/1/640x640.jpg,,,https://www.sainsburys.co.uk/gol-ui/product/sainsburys-chapatti-170g,,2024-08-20T21:58:45.144802-04:00
66-2258-DAI,Sainsbury's Chicken Tikka Samosas x4 200g,Sainsbury's,"Dairy, eggs & chilled",Discover,Curry night,,£2.80,,£2.50,£14.00 / kg,7942370.0,"Potato, chicken breast, chicken thigh and peas flavoured with ginger, garlic and spices encased in pastry",,https://assets.sainsburys-groceries.co.uk/gol/7942370/1/640x640.jpg,,,https://www.sainsburys.co.uk/gol-ui/product/sainsburys-chicken-tikka-samosas-x4-200g,,2024-08-20T21:59:01.385899-04:00
66-2259-DAI,Charlie Bigham's Macaroni Cheese with Crispy Pancetta for 1 340g,Charlie,"Dairy, eggs & chilled",Ready meals,All ready meals,,£6.00,,,£17.65 / kg,7987261.0,,,https://assets.sainsburys-groceries.co.uk/gol/7987261/1/640x640.jpg,"Nutrient	as sold Per 100g	as sold Per pack:
Energy	835kJ, 200kcal	2839kJ, 680kcal
Fat	11.1g	37.6g
(of which saturates)	6.2g	21.1g
Carbohydrate	15.2g	51.8g
(of which sugars)	1.4g	4.8g
Protein	9.5g	32.2g
Fibre	0.7g	2.4g
Salt	0.77g	2.61g","Macaroni Pasta (Water, Durum Wheat Semolina), Milk, Cheddar Cheese (18%) (Milk), Water, Cream (Milk), Mozzarella Cheese (4%) (Milk), Bacon (Pork, Salt, Preservatives: Sodium Nitrite, Antioxidant: Ascorbic Acid), White Wine, Ciabatta Breadcrumbs (Wheat Flour (Wheat Flour, Calcium Carbonate, Iron, Niacin, Thiamin), Sunflower Oil, Olive Oil, Yeast, Salt, Sea Salt), Regato Cheese (Milk), Butter (Milk), Wheat Flour (Wheat Flour, Calcium Carbonate, Iron, Niacin, Thiamin), Grana Padano Cheese (Milk, Preservative: Lysozyme (Egg)), Mustard Powder, Cornflour, Rapeseed Oil, Salt, Parsley, Black Pepper, Rosemary, Ground Nutmeg, White Pepper, Secret ingredient: Obsession",https://www.sainsburys.co.uk/gol-ui/product/charlie-bighams-macaroni-cheese-with-crispy-pancetta-for-1-340g,,2024-08-20T21:59:19.645265-04:00
66-2260-DAI,Weight Watchers Beef Lasagne Ready Meal 320g,Weight,"Dairy, eggs & chilled",Ready meals,All ready meals,,£2.50,,,£7.81 / kg,7879932.0,Lasagne filled with minced beef in a rich tomato sauce topped with béchamel sauce and cheese,,https://assets.sainsburys-groceries.co.uk/gol/7879932/1/640x640.jpg,,"Water, Beef (12%), Lasagne (11%) (Durum Wheat Semolina, Water), Tomatoes, Milk, Reduced Fat Cheese (Milk), Mushrooms, Semi-Skimmed Milk, Tomato Purée, Onions, Modified Maize Starch, Red Peppers, Red Wine, Fortified Wheat Flour (contains Calcium Carbonate, Iron, Thiamin, Niacin), Half Cream (Milk), Garlic Purée, Salt, Sugar, Yeast Extract, Oregano, Basil, Black Pepper, Thickener Agar, Onion Powder, Whey Powder (Milk), Non-Hydrogenated Palm Oil, Skimmed Milk Powder, Milk Proteins",https://www.sainsburys.co.uk/gol-ui/product/weight-watchers-from-heinz-core-beef-lasagne-ready-meal-320g,,2024-08-20T21:59:32.622683-04:00
66-2261-DAI,Sainsbury's Indian Vegetable Masala Ready Meal Side For 2 300g,Sainsbury's,"Dairy, eggs & chilled",Discover,Curry night,,£2.50,,£2.25,£8.33 / kg,7807468.0,"Mixed vegetables and chickpeas in a medium spiced sauce made with tomato, coriander and spices",,https://assets.sainsburys-groceries.co.uk/gol/7807468/1/640x640.jpg,,,https://www.sainsburys.co.uk/gol-ui/product/sainsburys-vegetable-masala-300g,,2024-08-20T21:59:48.326004-04:00
66-2262-DAI,Sainsbury's Chinese Crispy Seaweed Ready Meal Side For 2 50g,Sainsbury's,"Dairy, eggs & chilled",Discover,Meals for tonight,,£1.50,,,£30.00 / kg,7768099.0,Fried spring greens sprinkled with five spice seasoning,,https://assets.sainsburys-groceries.co.uk/gol/7768099/1/640x640.jpg,,,https://www.sainsburys.co.uk/gol-ui/product/sainsburys-crispy-seaweed-50g,,2024-08-20T22:00:09.719517-04:00
66-2263-DAI,"Sainsbury's Fish Pie, Taste the Difference 700g",Sainsbury's,"Dairy, eggs & chilled",Discover,Taste the Difference Dine in for £12 (valid for deliveries from 10th April),,£6.75,,,£9.64 / kg,8183726.0,"Mashed potato with smoked haddock, salmon, pollock and King prawns in a creamy cheese sauce topped with an extra mature Cheddar cheese breadcrumb",,https://assets.sainsburys-groceries.co.uk/gol/8183726/1/640x640.jpg,,,https://www.sainsburys.co.uk/gol-ui/product/sainsburys-fish-pie-taste-the-difference-700g,,2024-08-20T22:00:31.532942-04:00
66-2264-DAI,"Sainsbury's Thai Inspired Green Chicken Curry Ready Meal For 1, Taste the Difference 400g",Sainsbury's,"Dairy, eggs & chilled",Ready meals,All ready meals,,£4.25,,,£10.63 / kg,8169315.0,"Chargrilled marinated chicken breast pieces and vegetables in a coconut, lemongrass and lime leaf sauce, served with coconut jasmine rice",,https://assets.sainsburys-groceries.co.uk/gol/8169315/1/640x640.jpg,,,https://www.sainsburys.co.uk/gol-ui/product/sainsburys-thai-inspired-green-chicken-curry-taste-the-difference-400g-8169315-p-44,,2024-08-20T22:00:52.923838-04:00
66-2265-DAI,Sainsbury's Indian Garlic & Coriander Naan 260g,Sainsbury's,"Dairy, eggs & chilled",Naans & meal sides,All naans & meals sides,,£1.50,,,£5.77 / kg,7080519.0,2 Naan breads made with garlic and coriander,,https://assets.sainsburys-groceries.co.uk/gol/7080519/1/640x640.jpg,,,https://www.sainsburys.co.uk/gol-ui/product/sainsburys-garlic---coriander-naan-260g,,2024-08-20T22:01:14.387724-04:00
66-2266-DAI,Sainsbury's Chapattis x2 200g,Sainsbury's,"Dairy, eggs & chilled",Discover,Curry night,,£1.00,,,50p / 100g,7684939.0,2 Unleavened flatbreads,,https://assets.sainsburys-groceries.co.uk/gol/7684939/1/640x640.jpg,,,https://www.sainsburys.co.uk/gol-ui/product/sainsburys-chapattis-x2-200g,,2024-08-20T22:01:36.170591-04:00
66-2267-DAI,Sainsbury's Chicken & Bacon Bake Taste the Difference 400g (Serves 1),Sainsbury's,"Dairy, eggs & chilled",Ready meals,All ready meals,,£4.25,,£3.50,£10.63 / kg,8121508.0,Diced chicken breast with roasted potato and bacon in a creamy chicken sauce topped with an extra mature Cheddar cheese crumb.,,https://assets.sainsburys-groceries.co.uk/gol/8121508/1/640x640.jpg,,,https://www.sainsburys.co.uk/gol-ui/product/sainsburys-chicken-bacon-bake-autumn-edition-taste-the-difference-400g,,2024-08-20T22:01:52.632985-04:00
66-2268-DAI,Sainsbury's Rumbledethumps 400g,Sainsbury's,"Dairy, eggs & chilled",Ready meals,All ready meals,,£2.25,,£2.00,£5.63 / kg,1318333.0,Diced swede and potato in mashed potato with sliced cabbage and topped with grated Cheddar cheese.,,https://assets.sainsburys-groceries.co.uk/gol/1318333/1/640x640.jpg,,,https://www.sainsburys.co.uk/gol-ui/product/sainsburys-rumbledethumps-450g,,2024-08-20T22:02:08.814948-04:00
66-2269-DAI,"Sainsbury's Thai Red Prawn Curry with Jasmine Rice Ready Meal For 1, Taste the Difference 400g",Sainsbury's,"Dairy, eggs & chilled",Ready meals,All ready meals,,£4.25,,,£10.63 / kg,8169313.0,"Cooked king prawns and vegetables in a coconut, lemongrass and red chilli sauce, served with coconut jasmine rice",,https://assets.sainsburys-groceries.co.uk/gol/8169313/1/640x640.jpg,,,https://www.sainsburys.co.uk/gol-ui/product/sainsburys-thai-red-prawn-curry-with-coconut-jasmine-rice-taste-the-difference-400g,,2024-08-20T22:02:30.323560-04:00
66-2270-DAI,Gressingham Plum & Hoisin Sauce 320g,Gressingham,"Dairy, eggs & chilled",Ready meals,Prepared sides & vegetables,,£2.65,,,83p / 100g,7512942.0,Delicious with Duck,,https://assets.sainsburys-groceries.co.uk/gol/7512942/1/640x640.jpg,"Nutrient	per 100g
Energy	888kJ/ 209kcal
Fat	0g
of which saturates	0g
Carbohydrate	51g
of which sugars	41g
Fibre	0g
Protein	1.1g
Salt	2.1g","Sugar (Sugar, Cane Molasses), Water, Plum (10%), Yellow Bean Sauce (Soya Beans, Water, Salt, Wheat Flour (Wheat Flour, Calcium Carbonate, Iron, Nicotinamide, Thiamine), Sugar, Salt), Dark Soya Sauce (Water, Salt Colour: Caramel, Sugar, Soya Beans, Wheat), Red Wine Vinegar, Rice Vinegar, Thickener: Modified Maize Starch, Black Treacle, Light Soy Sauce (Water, Salt, Soya Beans, Wheat Flour), Red Chilli Puree (Red Chilli, White Wine Vinegar, Sunflower Oil, Salt, Stabiliser: Guar Gum), Ginger Puree, Rapeseed Oil, Garlic Powder, Spices (Fennel, Cinnamon, Black Pepper, Star Anise, Cloves, Paprika, Chilli)",https://www.sainsburys.co.uk/gol-ui/product/gressingham-plum---hoisin-sauce-320g,,2024-08-20T22:02:43.521196-04:00
66-2271-DAI,The Gym Kitchen Chicken Tikka Ready Meal for 1 400g,The,"Dairy, eggs & chilled",Ready meals,All ready meals,,£3.75,,£3.00,£9.38 / kg,8181992.0,"Marinated chicken breast pieces with a spiced brown rice, lentils and cauliflower topped with spring greens.",,https://assets.sainsburys-groceries.co.uk/gol/8181992/1/640x640.jpg,"Nutrient	(microwaved) Per pack	(microwaved) Per 100g	RI (%)*
Energy kJ	1616	414	-
Energy kcal	384	98	19%
Fat, total	6.8g	1.7g	10%
- saturates	4.7g	1.2g	24%
Carbohydrate	40g	10g	15%
- sugars	7.2g	1.8g	8%
Fibre	12.6g	2.7g	-
Protein	34g	8.8g	68%
Salt	1.2g	0.31g	20%","Cooked Spiced Brown Rice (56%) [Tomato Passata, Water, Brown Rice, Onions, Coconut Milk, Garlic Purée, Ginger Purée, Salt, Cumin Seeds, Turmeric, Chilli Powder, Cardamom, Cinnamon Powder], Cooked Marinated Chicken Breast (21%) [Chicken Breast, Tomato Paste, Ginger Purée, Garlic Purée, Yogurt Powder (Milk), Cornflour, Green Chilli Purée, Salt, Chilli Powder, Fenugreek, Coriander Powder, Cumin Powder, Ginger Powder, Cinnamon Powder, Black Pepper, Mace, Star Anise, Turmeric, Basil Flakes, Paprika Extract], Cauliflower (11%), Green Lentils (7%), Spring Greens (5%)",https://www.sainsburys.co.uk/gol-ui/product/the-gym-kitchen-chicken-tikka-400g,,2024-08-20T22:02:51.510947-04:00
66-2272-DAI,Cathedral City Macaroni Cheese 400g,Cathedral,"Dairy, eggs & chilled",Ready meals,All ready meals,,£4.00,,£3.50,£10.00 / kg,8193808.0,"Cooked Macaroni pasta in a cheese sauce topped with Cheddar Cheese, breadcrumb and parsley.",,https://assets.sainsburys-groceries.co.uk/gol/8193808/1/640x640.jpg,"Nutrient	(ovenbaked) per 100g	(ovenbaked) per pack	Reference Intake
Energy	807kJ/ 193kcal	3163kJ/ 757kcal	8400kJ/ 2000kcal
Fat	10g	40g	70g
(of which saturates)	6.3g	25g	20g
Carbohydrate	16g	64g	260g
(of which sugars)	2.6g	10g	90g
Fibre	0.9g	3.5g	-
Protein	8.2g	32g	50g
Salt	0.77g	3.0g	6g","Cooked Macaroni Pasta (29%) (Water, Durum Wheat Semolina), Whole Milk, Cathedral City Cheddar Cheese (Milk) (20%), Water, Double Cream (Milk), Ciabatta Style Breadcrumb (Wheat Flour (Wheat Flour, Calcium Carbonate, Iron, Niacin (B3), Thiamin (B1)), Yeast, Salt, Olive Oil), Breadcrumb (Wheat Flour (Wheat Flour, Calcium Carbonate, Iron, Niacin (B3), Thiamin (B1)), Rapeseed Oil, Yeast, Salt, Caramelised Sugar, Colour (Paprika Extract), Turmeric Extract), Red Leicester Cheese (Red Leicester Cheese (Milk), Colour (Carotenes)), Cornflour, Wheat Flour (Wheat Flour, Calcium carbonate, Iron, Niacin (B3), Thiamin (B1)), Dijon Mustard (Water, Mustard Seeds, Spirit Vinegar, Salt), Salt, Parsley, White Pepper",https://www.sainsburys.co.uk/gol-ui/product/cathedral-city-macaroni-cheese-400g,,2024-08-20T22:02:59.792515-04:00
66-2273-DAI,Sainsbury's Tuna & Sweetcorn Pasta 300g,Sainsbury's,"Dairy, eggs & chilled",Ready meals,All ready meals,,£2.95,,,98p / 100g,8168429.0,"Cooked pasta with tuna, sweetcorn & red onion in a mayonnaise dressing",,https://assets.sainsburys-groceries.co.uk/gol/8168429/1/640x640.jpg,,,https://www.sainsburys.co.uk/gol-ui/product/sainsburys-tuna-sweetcorn-pasta-300g,,2024-08-20T22:03:21.650554-04:00
66-2274-DAI,Annabel Karmel Tasty Chicken Tikka with Fluffy Rice 1+ Years 200g,Annabel,"Dairy, eggs & chilled",Ready meals,All ready meals,,£2.20,,,£11.00 / kg,8079800.0,"Chicken in a mild tomato, butternut squash and garam masala sauce with cooked long grain rice.",,https://assets.sainsburys-groceries.co.uk/gol/8079800/1/640x640.jpg,"Nutrient	per 100g	per meal
Energy	486kJ/ 116kcal	972kJ/ 232kcal
Fat	3.1g	6.2g
of which saturates	1.2g	2.4g
Carbohydrate	15.5g	31g
of which sugars	3.4g	6.8g
Fibre	1.9g	3.8g
Protein	5.4g	10.8g
Salt	0.27g	0.54g
Sodium	0.11g	0.22g","Sauce (58%) [Water, Tomato (19%), Butternut Squash (14%), Mango Chutney (5%) (Mango, Sugar, Salt, Acidity Regulator (Acetic Acid), Garlic, Ginger, Chilli), Onion Puree (Onion, Rapeseed Oil), Tomato Puree, Creamed Coconut (2.5%), Onion, Ginger Puree, Watermelon Seeds (Watermelon Seeds, Water), Rapeseed Oil, Ground Coriander, Cornflour, Vegetable Stock (Maltodextrin, Salt, Onion Powder, Flavouring, Yeast Extract, Sunflower Oil and/or Rapeseed Oil, Parsley, Black Pepper), Coriander, Lemon Juice, Ground Cumin, Garlic Puree, Garam Masala (Spices, Herbs, Spice Extracts),ground Paprika, Ground Cardamom], Cooked Long Grain Rice (32%) [water, Long Grain Rice], Cooked Chicken Pieces (10%) [chicken Breast, Salt)]",https://www.sainsburys.co.uk/gol-ui/product/annabel-karmel-tasty-chicken-tikka-with-fluffy-rice-1-years-200g,,2024-08-20T22:03:35.028470-04:00
66-2275-DAI,Squeaky Bean Applewood Smoked Ham Style Slices 80g,Squeaky,"Dairy, eggs & chilled",Ready meals,All ready meals,,£2.50,,£2.00,£31.25 / kg,8125117.0,Ready to Eat Plant-based Slices Made from Vegetable Protein with an Apple Wood Smoked Flavour Seasoning.,,https://assets.sainsburys-groceries.co.uk/gol/8125117/1/640x640.jpg,"Nutrient	Per 100g
Energy	953kJ / 227kcal
Fat	10g
Of which Saturates	1.1g
Carbohydrates	9.1g
Of which Sugars	4.2g
Fibre	1.8g
Protein	24g
Salt	1.5g","Water, Textured Vegetable Protein (15%) (Wheat, Pea), Wheat Gluten, Sunflower Oil, Pea Protein (2%), Natural Flavouring, Gelling Agent: Agar, Concentrate (Radish, Carrot), Potato Protein (1.5%), Salt, Apple Vinegar, Acidity Regulator: Lactic Acid, Demerara Sugar, Dextrose, Cornflour, Yeast Extract, Apple Wood Smoked Paprika (<0.5%), Onion Powder, Burnt Sugar, Rapeseed Oil",https://www.sainsburys.co.uk/gol-ui/product/squeaky-bean-applewood-smoked-ham-style-slices-80g,,2024-08-20T22:03:42.886823-04:00
66-2276-DAI,"Sainsbury's Creamy Sausage Ragu, Limited Edition, Taste the Difference 375g",Sainsbury's,"Dairy, eggs & chilled",Ready meals,All ready meals,,£4.25,,,£11.33 / kg,8165676.0,Tortiglioni pasta with sausage meat in a tomato and mascarpone sauce topped Parmigiano Reggiano D.O.P cheese,,https://assets.sainsburys-groceries.co.uk/gol/8165676/1/640x640.jpg,,,https://www.sainsburys.co.uk/gol-ui/product/sainsburys-creamy-sausage-ragu-limited-edition-taste-the-difference-375g,,2024-08-20T22:04:04.408109-04:00
66-2277-DAI,Patak’s Garlic & Coriander Poppadoms x8,Patak’s,"Dairy, eggs & chilled",Ready meals,All ready meals,,£2.25,,£1.50,£2.81 / 100g,7975258.0,Ready to Eat Restaurant Style Pappadums with Garlic and Coriander.,,https://assets.sainsburys-groceries.co.uk/gol/7975258/1/640x640.jpg,"Nutrient	Per 100g	Per Pappadum
Energy	1891kJ/ 453kcal	189kJ/ 45kcal
Fat	23.4g	2.3g
of which saturates	1.6g	0.2g
Carbohydrate	37.1g	3.7g
of which sugars	1.0g	0.1g
Fibre	9.9g	1.0g
Protein	18.5g	1.9g
Salt	3.62g	0.36g","Lentil Flour, Rapeseed Oil, Salt, Garlic Purée (3%), Raising Agent (Calcium Oxide), Coconut Oil, Rice Flour, Coriander Leaf, Encapsulated Garlic Oil",https://www.sainsburys.co.uk/gol-ui/product/pataks-garlic-coriander-pappadums-x-8,,2024-08-20T22:04:12.394997-04:00
66-2278-DAI,"Sainsbury's Potato, Butternut & Spring Greens Gratin Limited Edition, Taste the Difference 400g",Sainsbury's,"Dairy, eggs & chilled",Ready meals,All ready meals,,£3.00,,£2.50,£7.50 / kg,8185501.0,"Slices of Potato, Butternut & Spring Greens in a Cream Sauce topped with Breadcrumbs and flavoured with Honey & Mustard",,https://assets.sainsburys-groceries.co.uk/gol/8185501/1/640x640.jpg,,,https://www.sainsburys.co.uk/gol-ui/product/sainsburys-potato-butternut-spring-greens-gratin-limited-edition-taste-the-difference-400g,,2024-08-20T22:04:28.762289-04:00
66-2279-DAI,Sainsbury's Corned Beef Hash 400g (Serves 1),Sainsbury's,"Dairy, eggs & chilled",Ready meals,All ready meals,,£3.30,,£2.50,£8.25 / kg,7877451.0,"Potato, corned beef and onion",,https://assets.sainsburys-groceries.co.uk/gol/7877451/1/640x640.jpg,,,https://www.sainsburys.co.uk/gol-ui/product/sainsburys-corned-beef-hash-400g-serves-1-,,2024-08-20T22:04:45.058009-04:00
66-2280-DAI,Naanster Chicken Tikka Filled Naan 185g,Naanster,"Dairy, eggs & chilled",Naans & meal sides,All naans & meals sides,,£2.50,,,£1.35 / 100g,7850658.0,,,https://assets.sainsburys-groceries.co.uk/gol/7850658/1/640x640.jpg,"Nutrient	Per 100g	Per Product 185g	*Reference Intake (Adult)
Energy (kJ)	793	1467	8400kJ
Energy (kcal)	188	348	2000kcal
Fat (g)	4.1	7.6	70g
of which saturates (g)	1.1	2.0	20g
Carbohydrate (g)	27.7	51.2	260g
of which sugars (g)	2.9	5.4	90g
Fibre (g)	3.0	5.6	24g
Protein (g)	8.6	16.0	50g
Salt (g)	1.14	2.11	6g","Naan Bread 52% (Wheat Flour (Wheat Flour, Calcium Carbonate, Niacin, Iron, Thiamin), Water, Yoghurt (Milk), Yeast, Milk Powder, Sugar, Salt, Vegetable Ghee (Palm Oil, Rapeseed Oil, Antifoaming Agent (Dimethyl Polysilaxane), Ghee Flavour, Colour (Carotenes)), Raising Agent (Disodium Diphosphate, Sodium Bicarbonate, Wheat Flour (Calcium Carbonate, Iron, Niacin, Thiamin), Cumin Seeds, Rapeseed Oil, Black Onion Seeds), Marinated Cooked British Chicken 25% (Chicken 85%, Marinade (Tomato Puree (Tomato, Salt), Rapeseed Oil (Rapeseed Oil, Antifoaming Agent (Dimethyl Polysiloxane)), Chopped Coriander, Desiccated Coconut, Paprika Powder, Garam Masala (Coriander, Cinnamon Ground, Ginger, Cumin, Chilli, Black Pepper, Cloves, Nutmeg, Cardamom, Bay Leaf), Garlic, Salt, Cumin Powder, Coriander Powder, Red Chilli Flakes, Black Pepper, Tapioca Starch, Salt), Sauce 13% (Onion, Water, Diced Tomato, Tomato Paste, Rapeseed Oil, Ginger, Garlic, Double Cream (Milk), Maize Starch, Yoghurt (Milk), Salt, Coriander, Green Chilli, Chopped Coriander, Sugar, Lemon Juice (Lemon Juice, Preservative (Potassium Metabisulfite)), Cumin Powder, Chilli Powder, Paprika Powder, Red Chilli Flakes, Cardamom Powder, Garam Masala (Coriander, Cinnamon Ground, Ginger, Cumin, Chilli, Black Pepper, Cloves, Nutmeg, Cardamom, Bay Leaf), Turmeric Powder, Cumin Seeds, Cinnamon Powder, Clove Powder, Black Pepper), Pilau Rice (Rice (Water, Rice), Carrots, Peas, Cumin Seeds, Turmeric Powder, Bay Leaf Powder, Cardamom Powder, Cinnamon Powder), Mango Chutney 5% (Sugar, Mango Slices, Sugar Cane Vinegar, Salt, Chilli Powder, Ginger Powder, Garlic Powder, Turmeric Powder)",https://www.sainsburys.co.uk/gol-ui/product/naanster-chicken-tikka-filled-naan-185g,,2024-08-20T22:05:03.588217-04:00
66-2281-DAI,"Sainsbury's Ham & Leek Gratin in Rich Cheese Sauce, Taste the Difference 800g (Serves 2)",Sainsbury's,"Dairy, eggs & chilled",Ready meals,All ready meals,,£6.75,,,£8.44 / kg,7526129.0,Smoked ham with a creamy cheese sauce and leeks topped with potato slices and an extra mature Cheddar cheese crumb,,https://assets.sainsburys-groceries.co.uk/gol/7526129/1/640x640.jpg,,,https://www.sainsburys.co.uk/gol-ui/product/sainsburys-wiltshire-ham-gratin--taste-the-difference-bistro-800g,,2024-08-20T22:05:25.457890-04:00
66-2282-DAI,Squeaky Bean Tuna Style Flakes 120g,Squeaky,"Dairy, eggs & chilled",Ready meals,All ready meals,,£3.00,,,£25.00 / kg,8168599.0,Tuna Style Flakes Made with Wheat Protein.,,https://assets.sainsburys-groceries.co.uk/gol/8168599/1/640x640.jpg,"Nutrient	Per 100g		Per 100g
Energy	814kJ / 194kcal
Fat	7.5g
Of Which Saturates	0.7g
Carbohydrates	9.6g
Of Which Sugars	1.3g
Fibre	<0.5g
Protein	21g
Salt	0.7g
Omega 3	615mg","Water, Textured Wheat Protein (29%) (Wheat Protein, Wheat Flour), Rapeseed Oil, Natural Flavourings, Dextrose, Acidity Regulator: Citric Acid, Salt, Radish Concentrate, Malted Barley, Carrot Concentrate",https://www.sainsburys.co.uk/gol-ui/product/squeaky-bean-tuna-style-flakes-120g,,2024-08-20T22:05:38.685287-04:00
66-2283-DAI,"Sainsbury's Chicken Tikka Masala & Rice, Be Good To Yourself Ready Meal for 1 380g",Sainsbury's,"Dairy, eggs & chilled",Ready meals,All ready meals,,£3.50,,,£9.21 / kg,7542386.0,"Chargrilled marinated chicken breast pieces in a spiced tomato, low fat yogurt and coriander sauce, served with cooked pilau rice",,https://assets.sainsburys-groceries.co.uk/gol/7542386/1/640x640.jpg,,,https://www.sainsburys.co.uk/gol-ui/product/sainsburys-chicken-tikka-masala---rice--be-good-to-yourself-380g,,2024-08-20T22:06:00.337912-04:00
66-2284-DAI,Charlie Bigham's Meatballs Al Forno 650g (Serves 2),Charlie,"Dairy, eggs & chilled",Discover,Meals for tonight,,£9.50,,,£14.62 / kg,7581935.0,,,https://assets.sainsburys-groceries.co.uk/gol/7581935/1/640x640.jpg,,"Tomatoes, Trulli Pasta (Water, Durum Wheat Semolina, Egg), British Pork (15%), Onions, Tomato Purée, Honey, Regato Cheese (Milk), Rapeseed Oil, Free-Range Egg, Extra-Virgin Olive Oil, Cheddar Cheese (Milk), Wheat Couscous, Garlic Purée, Parsley, Sunflower Oil, Sun-dried Tomatoes, Salt, Basil, Breadcrumbs (Wheat Flour (Wheat Flour, Calcium Carbonate, Iron, Niacin, Thiamin), Yeast, Salt), Vegetarian Worcester Sauce (Water, Sugar, Spirit Vinegar, Molasses, Onion Purée, Salt, Tamarind Paste, Cloves, Garlic Purée, Ginger Purée), Oregano, Ground Fennel Seeds, Lemon Zest, Black Pepper, Ground Chillies, Colour: Paprika Extract, Secret Ingredient: Obsession",https://www.sainsburys.co.uk/gol-ui/product/charlie-bighams-meatballs-al-forno-650g,,2024-08-20T22:06:18.751728-04:00
66-2285-DAI,Quorn Garlic & Herb Bites 180g,Quorn,"Dairy, eggs & chilled",Ready meals,All ready meals,,£2.60,,£2.00,£14.44 / kg,8112045.0,"Meat free savoury flavour bites, made with mycoprotein, filled with a garlic & herb sauce and coated in breadcrumb",,https://assets.sainsburys-groceries.co.uk/gol/8112045/1/640x640.jpg,"Nutrient	(as sold) Per 100g:	(as sold) Per 3 Bites:
Energy	1090kJ/ 262kcal	654kJ/ 157kcal
Fat	15g	8.8g
of which saturates	1.5g	0.9g
Carbohydrate	18g	11g
of which sugars	0.0g	0.0g
Fibre	5.0g	3.0g
Protein	12g	7.3g
Salt	1.4g	0.81g","Mycoprotein (38%), Sauce Filling (17%) [Water, Rapeseed Oil, Garlic Puree, Salted Free Range Egg Yolk (Free Range Egg Yolk, Salt), Spirit Vinegar, Parsley, Sugar, Stabiliser; Methylcellulose; Salt], Wheat Flour (Wheat Flour, Calcium Carbonate, Iron, Niacin, Thiamine), Water, Rapeseed Oil, Textured Wheat Protein, Onion, Tapioca Starch, Flavourings, Free Range Egg White Powder, Salt, Yeast Extract, Yeast, Onion Powder, Spices (Black Pepper, White Pepper), Preservative: Potassium Sorbate, Gelling Agent: Pectin, Raising Agent: Ammonium Carbonate, Black Pepper Extract",https://www.sainsburys.co.uk/gol-ui/product/quorn-garlic-herb-bites-180g,,2024-08-20T22:06:27.319856-04:00
66-2286-DAI,Sainsbury's Chinese Vegetable Chow Mein Ready Meal Side For 2 350g,Sainsbury's,"Dairy, eggs & chilled",Discover,Meals for tonight,,£2.75,,,£7.86 / kg,7767772.0,Cooked vegetables and wheat noodles in a soy and sesame sauce,,https://assets.sainsburys-groceries.co.uk/gol/7767772/1/640x640.jpg,,,https://www.sainsburys.co.uk/gol-ui/product/sainsburys-egg-noodles-with-beansprouts-350g,,2024-08-20T22:06:48.687720-04:00
66-2287-DAI,Charlie Bigham's Spanish Chicken Roasted Potatoes 775g,Charlie,"Dairy, eggs & chilled",Ready meals,All ready meals,,£9.50,,,£12.26 / kg,8037817.0,,,https://assets.sainsburys-groceries.co.uk/gol/8037817/1/640x640.jpg,,"Potatoes (Sulphites), Tomatoes, Chicken (20%), Yellow Peppers, Onions, Chickpeas, Rapeseed Oil, Chorizo (2%) (Pork, Pork Fat, Paprika, Salt, Garlic), Honey, Extra-Virgin Olive Oil, Tomato Purée, Olives, Maize Polenta Flour, Garlic Purée, Salt, Sun-Dried Tomatoes, Parsley, Smoked Paprika, Cornflour, Sunflower Oil, Oregano, Rosemary, Lemon Zest, Red Pepper Flakes, Thyme, Ground Fennel Seeds, Ground Coriander, Chillies, Black Pepper, Secret Ingredient: Obsession",https://www.sainsburys.co.uk/gol-ui/product/charlie-bighams-spanish-chicken-roasted-potatoes-775g,,2024-08-20T22:07:07.213956-04:00
66-2288-DAI,Rustlers Twin Cheese Burger 280g,Rustlers,"Dairy, eggs & chilled",Ready meals,All ready meals,,£2.90,,,£1.04 / 100g,7758915.0,"A flame grilled beef burger in a sesame seeded bun, with a cheese slice and a sachet of Rustlers sauce.",,https://assets.sainsburys-groceries.co.uk/gol/7758915/1/640x640.jpg,"Nutrient	Per 100g	Per Portion (132g)
Energy	1079kJ/ 258kcal	1424kJ/ 340kcal
Fat	12.2g	16.1g
of which saturates	5.2g	6.8g
Carbohydrate	24g	31.7g
of which sugars	5.7g	7.5g
Protein	12.2g	16.1g
Salt	1.3g	1.7g","Sesame Seeded Bun [Wheat Flour*, Water, Sugar, Sesame Seeds, Rapeseed Oil, Salt, Yeast, Preservative: E282; Emulsifier: E472e; Antioxidant: E300], Beef Burger (35%) [Beef, Beef Fat, Soya Protein, Salt, Wheat Flour*, Stabiliser: E451, Dextrose, Sugar, Egg White Powder, Yeast Extract, Hydrolysed Soya Protein, Barley Malt Extract, Flavourings], Rustlers Sauce [Tomato Puree, Onion, Spirit Vinegar, Sugar, Cornflour, Rapeseed Oil, Mustard Seeds, Salt, Gherkin, Mustard Flour, Flavouring, Preservative: E202; Colour: E160c; Spices, Dill Oil], Processed Cheese Slice [Cheese (Milk), Water, Butter (Milk), Skimmed Milk Powder, Whey Powder (Milk), Emulsifying Salts: E452, E331, E339; Flavouring (Milk), Milk Protein, Calcium Phosphate, Salt, Colours: E160a, E160c; Acidity Regulator: E330], *Wheat Flour with Calcium, Iron, Niacin & Thiamin, Beef Burger contains 82% Beef",https://www.sainsburys.co.uk/gol-ui/product/rustlers-twin-cheese-burger-280g,,2024-08-20T22:07:20.042722-04:00
66-2289-DAI,"Sainsbury's Chilli Con Carne, Be Good To Yourself 400g (Serves 1)",Sainsbury's,"Dairy, eggs & chilled",Ready meals,All ready meals,,£3.50,,,£8.75 / kg,7214554.0,"Beef, red peppers, red kidney beans and tomato sauce with long grain rice",,https://assets.sainsburys-groceries.co.uk/gol/7214554/1/640x640.jpg,,,https://www.sainsburys.co.uk/gol-ui/product/sainsburys-chilli-con-carne--be-good-to-yourself-400g,,2024-08-20T22:07:41.368260-04:00
66-2290-DAI,Charlie Bigham's Coq Au Vin with Mashed Potato 805g,Charlie,"Dairy, eggs & chilled",,,,£9.50,,,£11.80 / kg,8171948.0,,,https://assets.sainsburys-groceries.co.uk/gol/8171948/1/640x640.jpg,,"Potatoes (Sulphites), Chicken (21%), Red Wine (11%) (Sulphites), Onions, Carrots, Button Mushrooms, Butter (Milk), Cream (Milk), Red Wine Stock (Red Wine Concentrate, Water, Yeast Extract, Potatoes, Salt, Sugar, Dried Onions, Sunflower Oil, Black Pepper, Thyme Oil), Cornflour, Rapeseed Oil, Chicken Stock (Water, Yeast Extract, Salt, Chicken Bones, Chicken Fat, Dried Potatoes), Bacon (Pork, Salt, Preservative: Sodium Nitrite*, Antioxidant: Ascorbic Acid), Tomato Purée, Garlic Purée, Golden Breadcrumbs (Wheat Flour (Wheat Flour, Calcium Carbonate, Iron, Niacin, Thiamin), Salt, Yeast, Caramelised Sugar, Colours: Paprika Extract, Turmeric Extract), Honey, Pork Gelatine, Salt, Parsley, Thyme, Black Pepper, Ground Bay Leaves, Mushroom Stock (Mushroom Concentrate, Dried Mushrooms, Cornflour, Salt). Secret Ingredient: Obsession, *Don't worry, this is a part of the traditional curing method of bacon",https://www.sainsburys.co.uk/gol-ui/product/charlie-bighams-coq-au-vin-with-mashed-potato-805g,,2024-08-20T22:08:05.081793-04:00
66-2291-DAI,Sainsbury's Oriental Snack Selection 234g,Sainsbury's,"Dairy, eggs & chilled",Ready meals,All ready meals,,£3.00,,,£12.82 / kg,7942456.0,"Selection of oriental flavoured vegetable spring rolls, prawn wontons and prawn toast",,https://assets.sainsburys-groceries.co.uk/gol/7942456/1/640x640.jpg,,,https://www.sainsburys.co.uk/gol-ui/product/sainsburys-oriental-snack-selection-234g,,2024-08-20T22:08:26.603597-04:00
66-2292-DAI,Charlie Bigham's Chicken & Ham Gratin 650g,Charlie,"Dairy, eggs & chilled",Ready meals,All ready meals,,£9.50,,£8.50,£14.62 / kg,8158006.0,,,https://assets.sainsburys-groceries.co.uk/gol/8158006/1/640x640.jpg,,"Chicken (26%), Milk, Potatoes, Cream (Milk), Cheddar Cheese (Milk), Wheat Flour (Wheat Flour, Calcium Carbonate, Iron, Niacin, Thiamin), Smoked Ham Hock (6%) (Pork, Salt, Antioxidant: Sodium Ascorbate, Preservatives: Sodium Nitrite, Potassium Nitrate*), Onions, White Wine (Sulphites), Spinach, Rapeseed Oil, Butter (Milk), Parsley, Dijon Mustard (Water, Mustard Seeds, Vinegar, Salt), Chicken Stock (Chicken, Dried Potatoes, Water, Yeast Extract, Salt, Chicken Fat), Cornflour, Sunflower Oil, Lemon Juice, Salt, Garlic Purée, Olive Oil, Yeast, White Pepper, Sea Salt, Secret Ingredient: Obsession, *Don't worry this is part of the traditional curing method of Smoked Ham Hock",https://www.sainsburys.co.uk/gol-ui/product/charlie-bighams-chicken-ham-gratin-650g,,2024-08-20T22:08:40.866138-04:00
66-2293-DAI,Sainsbury's Vegetable Sushi Medium 148g,Sainsbury's,"Dairy, eggs & chilled",Ready meals,Ready meals by cuisine,,£3.00,,,£2.03 / 100g,7971080.0,"1 Soft cheese and red pepper California roll with a seaweed powder coating, 1 edamame soya beans, pepper and carrot medley California roll with a sesame seed and paprika coating, 1 red pepper nigiri, 1 carrot rice nigiri, 1 yellow pepper hosomaki roll, 1 red pepper hosomaki roll with a bottle of soy sauce",,https://assets.sainsburys-groceries.co.uk/gol/7971080/1/640x640.jpg,,,https://www.sainsburys.co.uk/gol-ui/product/sainsburys-vegetable-sushi-medium-148g,,2024-08-20T22:09:02.455256-04:00
66-2294-DAI,"Sainsbury's Fish Pie, Be Good To Yourself 400g (Serves 1)",Sainsbury's,"Dairy, eggs & chilled",,,,£3.50,,,£8.75 / kg,7214575.0,Pollock and smoked hake in a cheese sauce topped with mashed potato,,https://assets.sainsburys-groceries.co.uk/gol/7214575/1/640x640.jpg,,,https://www.sainsburys.co.uk/gol-ui/product/sainsburys-fish-pie--be-good-to-yourself-450g,,2024-08-20T22:09:29.258192-04:00
66-2295-DAI,Sainsbury's Chinese Crispy Chilli King Prawns Ready Meal Main For 2 300g,Sainsbury's,"Dairy, eggs & chilled",Ready meals,All ready meals,,£4.25,,£3.75,£14.17 / kg,1184259.0,Crispy battered king prawns with a sweet chilli dipping sauce,,https://assets.sainsburys-groceries.co.uk/gol/1184259/1/640x640.jpg,,,https://www.sainsburys.co.uk/gol-ui/product/sainsburys-crispy-chilli-king-prawns-300g,,2024-08-20T22:09:45.666934-04:00
66-2296-DAI,Charlie Bigham's Meatballs Al Forno Meals 325g,Charlie,"Dairy, eggs & chilled",Ready meals,Just Cook & Slow Cooked,,£6.00,,,£18.46 / kg,8092091.0,,,https://assets.sainsburys-groceries.co.uk/gol/8092091/1/640x640.jpg,"Nutrient	as sold Per 100g:	as sold Per pack:
Energy	638kJ, 153kcal	2074kJ, 497kcal
Fat	77g	25.0g
(of which saturates)	1.8g	5.9g
Carbohydrate	12.0g	39.0g
(of which sugars)	2.7g	8.8g
Fibre	1.2g	3.9g
Protein	8.2g	26.6g
Salt	0.73g	2.37g","Tomatoes, Trulli Pasta (Water, Durum Wheat Semolina, Egg), British Pork (15%), Onions, Tomato Purée, Honey, Regato Cheese (Milk), Rapeseed Oil, Free-Range Egg, Extra-Virgin Olive Oil, Cheddar Cheese (Milk), Wheat Couscous, Garlic Purée, Parsley, Sunflower Oil, Sun-Dried Tomatoes, Salt, Basil, Breadcrumbs (Wheat Flour (Wheat Flour, Calcium Carbonate, Iron, Niacin, Thiamin), Yeast, Salt), Vegetarian Worcester Sauce (Water, Sugar, Spirit Vinegar, Molasses, Onion Purée, Salt, Tamarind Paste, Cloves, Garlic Purée, Ginger Purée), Oregano, Ground Fennel Seeds, Lemon Zest, Black Pepper, Ground Chillies, Colour: Paprika Extract, Secret ingredient: obsession",https://www.sainsburys.co.uk/gol-ui/product/charlie-bighams-meatballs-al-forno-meals-325g,,2024-08-20T22:10:04.053136-04:00
66-2297-DAI,The Gym Kitchen Piri Piri Chicken Ready Meal for 1 400g,The,"Dairy, eggs & chilled",Ready meals,All ready meals,,£3.75,,£3.00,£9.38 / kg,8181988.0,"Marinated chicken breast pieces in a spicy piri piri sauce with brown rice, broccoli, carrots and red quinoa.",,https://assets.sainsburys-groceries.co.uk/gol/8181988/1/640x640.jpg,"Nutrient	(microwaved) Per pack	(microwaved) Per 100g	RI (%)*
Energy kJ	1447	365	-
Energy kcal	344	87	17%
Fat, total	4.4g	1.1g	6%
- saturates	0.9g	0.22g	5%
Carbohydrate	33g	8.4g	13%
- sugars	6.2g	1.6g	7%
Fibre	9.3g	1.6g	-
Protein	35g	8.9g	70%
Salt	1.2g	0.31g	20%","Cooked Brown Rice (25%) [Water, Brown Rice], Cooked Marinated Chicken Breast (22%) [Chicken Breast, Tomato Paste, Ginger Purée, Garlic Purée, Yogurt Powder (Milk), Cornflour, Green Chilli Purée, Salt, Chilli Powder, Fenugreek, Coriander Powder, Cumin Powder, Ginger Powder, Cinnamon Powder, Black Pepper, Mace, Star Anise, Turmeric, Basil Flakes, Paprika Extract], Broccoli (19%), Water, Carrots (8%), Tomatoes, Red Peppers, Onions, Garlic Purée, Red Quinoa (1%), Chilli Purée, Yellow Split Peas, Red Wine Vinegar, Sugar, Smoked Water, Cornflour, Tomato Paste, Rapeseed Oil, Salt, Pectin, Cumin Seeds, Smoked Paprika, Oregano, Coriander Powder, Chilli Powder, Black Pepper",https://www.sainsburys.co.uk/gol-ui/product/the-gym-kitchen-piri-piri-chicken-400g,,2024-08-20T22:10:13.774334-04:00
66-2298-DAI,Sainsbury's Chinese Crispy Chilli Beef Ready Meal Main For 2 300g,Sainsbury's,"Dairy, eggs & chilled",Discover,Meals for tonight,,£4.25,,£3.75,£14.17 / kg,7767991.0,"Crispy battered British beef strips, served with a sweet chilli sauce",,https://assets.sainsburys-groceries.co.uk/gol/7767991/1/640x640.jpg,,,https://www.sainsburys.co.uk/gol-ui/product/sainsburys-crispy-chilli-beef-300g,,2024-08-20T22:10:30.047518-04:00
66-2299-DAI,Rustlers Southern Fried Chicken Burger,Rustlers,"Dairy, eggs & chilled",Ready meals,All ready meals,,£1.50,,,£1.14 / 100g,7968614.0,"Chopped and shaped chicken with a southern fried breadcrumb coating, in a sesame seeded bun with a sachet of mayonnaise.",,https://assets.sainsburys-groceries.co.uk/gol/7968614/1/640x640.jpg,"Nutrient	Per 100g	Per Portion (132g)
Energy	1085kJ/ 259kcal	1432kJ/ 342kcal
Fat	9.7g	12.7g
of which saturates	0.9g	1.2g
Carbohydrate	32.0g	42.3g
of which sugars	4.1g	5.4g
Protein	10.1g	13.4g
Salt	1.2g	1.6g","Southern Fried Chicken Burger (47%) [Chicken Breast, Water, Wheat Flour*, Breadcrumb (Wheat), Rapeseed Oil, Salt, Acidity Regulator: E325; Modified Maize & Potato Starch, Spices and Spice Extract, Rice Flour, Dextrose, Wheat Starch, Potato Starch, Wheat Gluten, Onion Powder, Garlic Powder, Skimmed Milk Powder, Yeast Extract, Lactose Powder (Milk), Sunflower Oil], Sesame Seeded Bun [Wheat Flour*, Water, Sugar, Sesame Seeds, Rapeseed Oil, Salt, Yeast, Preservative: E282; Emulsifier: E472e; Antioxidant: E300], Mayonnaise [Rapeseed Oil, Pasteurised Egg Yolk, Water, Spirit Vinegar, Sugar, Cornflour, Salt], *Wheat Flour with Calcium, Iron, Niacin & Thiamin",https://www.sainsburys.co.uk/gol-ui/product/rustlers-southern-fried-chicken-burger-142g,,2024-08-20T22:10:43.297751-04:00
66-2300-DAI,Sainsbury's Chinese Takeaway Selection Ready Meal for 2 1.3kg,Sainsbury's,"Dairy, eggs & chilled",Ready meals,All ready meals,,£8.95,,,£6.98 / kg,7991489.0,"1 Egg fried rice, 1 chicken chow mein, 1 sweet and sour chicken, 4 vegetable spring rolls and prawn crackers",,https://assets.sainsburys-groceries.co.uk/gol/7991489/1/640x640.jpg,,,https://www.sainsburys.co.uk/gol-ui/product/sainsburys-chinese-takeaway-selection-1283kg-7991489-p-44,,2024-08-20T22:11:05.400632-04:00
66-2301-DAI,Cathedral City Lasagne 400g,Cathedral,"Dairy, eggs & chilled",Ready meals,All ready meals,,£4.00,,£3.50,£10.00 / kg,8193806.0,"Minced Beef, tomato and red wine sauce, layered between free range egg pasta topped with a cheese sauce and Cheddar Cheese.",,https://assets.sainsburys-groceries.co.uk/gol/8193806/1/640x640.jpg,"Nutrient	(ovenbaked) per 100g	(ovenbaked) per pack	Reference Intake
Energy	627kJ/ 150kcal	2441kJ/ 583kcal	8400kJ/ 2000kcal
Fat	7.5g	29g	70g
(of which saturates)	4.1g	16g	20g
Carbohydrate	12g	45g	260g
(of which sugars)	1.5g	5.8g	90g
Fibre	1.0g	3.9g	-
Protein	8.5g	33g	50g
Salt	0.49g	1.9g	6g","Cooked Free Range Egg Lasagne Sheets (21%) (Durum Wheat Semolina, Water, Free Range Liquid Egg, Free Range Egg White Powder), Water, Beef (16%), Cathedral City Cheddar Cheese (Milk) (13%), Whole Milk, Onions, Tomatoes, Red Wine, Cornflour, Tomato Paste, Double Cream (Milk), Carrots, Garlic Puree, Rapeseed Oil, Wheat Flour (Wheat Flour, Calcium Carbonate, Iron, Niacin (B3), Thiamin (B1)), Yeast Extract, Salt, Colour (Plain Caramel), Oregano, Black Pepper, Rosemary, White Pepper, Ground Bayleaf, Nutmeg",https://www.sainsburys.co.uk/gol-ui/product/cathedral-city-lasagne-400g,,2024-08-20T22:11:13.963968-04:00
66-2302-DAI,Sainsbury's Indian Chicken Madras Ready Meal Main For 2 400g,Sainsbury's,"Dairy, eggs & chilled",Discover,Curry night,,£4.25,,£3.75,£10.63 / kg,1190977.0,"Cooked marinated chicken breast pieces in a hot tomato and coconut sauce made with onions, coriander, curry leaves and spices",,https://assets.sainsburys-groceries.co.uk/gol/1190977/1/640x640.jpg,,,https://www.sainsburys.co.uk/gol-ui/product/sainsburys-chicken-madras-400g,,2024-08-20T22:11:30.253750-04:00
66-2303-DAI,Rustlers Microwave Double Decker Burger 237g (Serves 1),Rustlers,"Dairy, eggs & chilled",Ready meals,All ready meals,,£2.90,,,£1.22 / 100g,7737089.0,"2 Flame grilled beef burgers in a burger bun, with a cheese slice and a sachet of Rustlers sauce.",,https://assets.sainsburys-groceries.co.uk/gol/7737089/1/640x640.jpg,"Nutrient	Per 100g	Per Portion (237g)
Energy	1144kJ/ 274kcal	2711kJ/ 650kcal
Fat	16.5g	39.0g
of which saturates	6.9g	16.3g
Carbohydrate	16.3g	38.6g
of which sugars	2.8g	6.6g
Protein	14.6g	34.5g
Salt	1.6g	3.8g","Beef Burger (57%) [Beef, Beef Fat, Soya Protein, Salt, Wheat Flour*, Stabiliser: E451; Dextrose, Sugar, Egg White Powder, Yeast Extract, Hydrolysed Soya Protein, Barley Malt Extract, Flavourings], Burger Bun [Wheat Flour*, Water, Rapeseed Oil, Yeast, Sugar, Salt, Emulsifier: E472e; Preservative: E282; Antioxidant: E300; Wheat Starch], Rustlers Sauce [Tomato Puree, Spirit Vinegar, Onion, Sugar, Cornflour, Rapeseed Oil, Mustard Seeds, Salt, Gherkin, Spices, Preservative: E202; Mustard Flour, Flavouring, Colour: E160c; Dill Oil], Processed Cheese Slice [Cheese (Milk), Water, Butter (Milk), Skimmed Milk Powder, Whey Powder (Milk), Emulsifying Salts: E452, E331, E339; Flavouring (Milk), Milk Protein, Calcium Phosphate, Salt, Colours: E160a, E160c; Acidity Regulator: E330], *Wheat flour with Calcium, Iron, Niacin & Thiamin, Beef burger contains 82% beef",https://www.sainsburys.co.uk/gol-ui/product/rustlers-microwave-double-decker-burger-237g,,2024-08-20T22:11:43.419286-04:00
66-2304-DAI,Annabel Karmel Tasty Spaghetti Bolognese with Hidden Veggies 1+ Years 200g,Annabel,"Dairy, eggs & chilled",Ready meals,All ready meals,,£2.20,,,£11.00 / kg,8079797.0,Spaghetti with minced beef and a tomato sauce with added herbs.,,https://assets.sainsburys-groceries.co.uk/gol/8079797/1/640x640.jpg,"Nutrient	per 100g	per meal
Energy	412kJ/ 98kcal	824kJ/ 196kcal
Fat	2.0g	4.0g
of which saturates	0.7g	1.4g
Carbohydrate	13.1g	26.2g
of which sugars	2.4g	4.8g
Fibre	1.5g	3.0g
Protein	6.1g	12.2g
Salt	0.30g	0.60g
Sodium	0.12g	0.24g","Sauce (67%) [Water, Minced Beef (18%), Chopped Tomato (16%) (Tomato, Tomato Juice, Acidity Regulator (Citric Acid)), Tomato Puree (7.5%), Tomato (7.5%), Onion (4%), Celery (3.5%), Carrot (3.5%), Sundried Tomato Paste (Rehydrated Sundried Tomato (Water, Tomato, Salt), Sunflower Oil and/or Rapeseed Oil, White Wine Vinegar, Sugar, Salt, Rosemary, Garlic Extract (Sunflower Oil and/or Rapeseed Oil, Garlic), Black Pepper, Olive Oil, Basil Extract), Beef Bouillon (Beef Stock (Water, Beef Fat, Beef Extract), Yeast Extract, Sugar, Salt, Caramelised Sugar Syrup, Mushroom Extract, Red Wine Extract, Cornflour, Flavourings, Black Pepper), Cornflour, Garlic Puree, Beef Stock (Water, Beef Extract, Tomato Paste, Onion, Carrot), Basil, Parsley, Thyme, Oregano, Sage], Cooked Spaghetti (33%) [Water, Durum Wheat Semolina]",https://www.sainsburys.co.uk/gol-ui/product/annabel-karmel-tasty-spaghetti-bolognese-with-hidden-veggies-1-years-200g,,2024-08-20T22:11:56.643944-04:00
66-2305-DAI,Sainsbury's Vegetable Gyoza x10 210g,Sainsbury's,"Dairy, eggs & chilled",Ready meals,All ready meals,,£2.50,,,£11.90 / kg,7862858.0,Seasoned vegetable mix in soft pastry served with a soya sauce dip,,https://assets.sainsburys-groceries.co.uk/gol/7862858/1/640x640.jpg,,,https://www.sainsburys.co.uk/gol-ui/product/sainsburys-vegetable-gyoza-x10-210g,,2024-08-20T22:12:18.151330-04:00
66-2306-DAI,"Sainsbury's Aubergine & Cheddar Bake Ready Meal For 1, Taste the Difference 350g",Sainsbury's,"Dairy, eggs & chilled",Discover,Meals for tonight,,£4.25,,,£12.14 / kg,7964628.0,"Aubergine in a sundried tomato and red pesto sauce, topped with béchamel sauce, mature Cheddar cheese and ciabatta crumb",,https://assets.sainsburys-groceries.co.uk/gol/7964628/1/640x640.jpg,,,https://www.sainsburys.co.uk/gol-ui/product/sainsburys-taste-the-difference-aubergine-mozzarella-bake-350g,,2024-08-20T22:12:39.747455-04:00
66-2307-DAI,Sainsbury's Tex Mex Chilli Con Carne with Cajun Style Rice Ready Meal For 1 400g,Sainsbury's,"Dairy, eggs & chilled",Ready meals,All ready meals,,£3.50,,£3.00,£8.75 / kg,8104713.0,"British beef, red kidney beans and peppers in a tomato sauce, served with spiced long grain rice",,https://assets.sainsburys-groceries.co.uk/gol/8104713/1/640x640.jpg,,,https://www.sainsburys.co.uk/gol-ui/product/sainsburys-tex-mex-chilli-con-carne-with-cajun-style-rice-400g,,2024-08-20T22:12:57.694383-04:00
66-2308-DAI,Sainsbury's Prawn Toasts x8 252g,Sainsbury's,"Dairy, eggs & chilled",Ready meals,All ready meals,,£4.00,,,£15.87 / kg,7768029.0,"8 Prawn toasts topped with prawns, water chestnut and sesame seeds",,https://assets.sainsburys-groceries.co.uk/gol/7768029/1/640x640.jpg,,,https://www.sainsburys.co.uk/gol-ui/product/sainsburys-prawn-toasts-x8-252g,,2024-08-20T22:13:20.129093-04:00
66-2309-DAI,Wasabi Home Bento Teriyaki Chicken Pops 150g,Wasabi,"Dairy, eggs & chilled",Ready meals,All ready meals,,£2.75,,,£18.33 / kg,8191360.0,Fried chicken breast pieces coated in teriyaki sauce,,https://assets.sainsburys-groceries.co.uk/gol/8191360/1/640x640.jpg,"Nutrient	as consumed per 100g	as consumed per pack
Energy (kJ)	1294	1845
Energy (kcal)	310	442
Fat (g)	17.2	24.5
of which saturates (g)	1.4	2.0
Carbohydrate (g)	21.4	30.4
of which sugars (g)	6.7	9.5
Protein (g)	17.9	25.5
Salt (g)	1.79	2.55","Fried Chicken (Chicken Breast (49%), Breader (Potato Starch, Rice Flour, Dried Potato, Tapioca Starch, Garlic Powder, Ginger, Raising Agents (E450(i), E500 (ii))), Brine Mix (Water, Maize Starch, Salt, Acidity Regulator (E500), Spirit Vinegar Powder, Tapioca Starch, Dried Glucose Syrup), Marinade Mix (Marinade (Wheat Flour (Wheat Flour, Calcium Carbonate, Iron, Niacin, Thiamin), Paprika, White Pepper, Salt, Dried Yeast, Raising Agent (E500(ii))), Rapeseed Oil, Water), Rapeseed Oil), Teriyaki Sauce (18%) (Sugar, Soy Sauce (Water, Soybean, Wheat, Salt, Alcohol (Ethanol)), Water, Sake (Water, Rice, Koji, Yeast), Thickeners (E1422, E415), Colour (E150(c)))",https://www.sainsburys.co.uk/gol-ui/product/wasabi-home-bento-teriyaki-chicken-pops-150g,,2024-08-20T22:13:33.429795-04:00
66-2310-DAI,Sainsbury's Chinese Chicken Sweet & Sour Banquet Ready Meal for 1 500g,Sainsbury's,"Dairy, eggs & chilled",Ready meals,All ready meals,,£4.30,,£3.50,£8.60 / kg,8110023.0,"Marinated chicken in a sweet and sour sauce with onion, red pepper and pineapple. Long grain rice with egg and peas. Vegetables and wheat noodles in a soy and sesame sauce. Fried pastry rolls filled with vegetables and rice noodles seasoned with ginger and spices",,https://assets.sainsburys-groceries.co.uk/gol/8110023/1/640x640.jpg,,,https://www.sainsburys.co.uk/gol-ui/product/sainsburys-chicken-sweet-sour-500g,,2024-08-20T22:13:49.822405-04:00
66-2311-DAI,Sharwood's Mango Spreadable Chutney 360g,Sharwood's,"Dairy, eggs & chilled",Ready meals,All ready meals,,£2.50,,£2.25,69p / 100g,3798768.0,Extra Smooth Green Label Mango Chutney,,https://assets.sainsburys-groceries.co.uk/gol/3798768/1/640x640.jpg,"Nutrient	as sold Per 100g	as sold Per 1 tbsp (20g)
Energy (kJ)	1020kJ	204kJ
Energy (kcal)	240kcal	48kcal
Fat	<0.5g	<0.5g
of which Saturates	<0.1g	<0.1g
Carbohydrates	59.5g	11.9g
of which Sugars	44.7g	8.9g
Fibre	<0.5g	<0.5g
Protein	<0.5g	<0.5g
Salt	2.90g	0.58g","Sugar, Mangoes (45%), Salt, Acid (Acetic Acid), Spices",https://www.sainsburys.co.uk/gol-ui/product/sharwoods-mango-spreadable-chutney-360g,,2024-08-20T22:13:59.109887-04:00
66-2312-DAI,Patak’s Plain Cook at Home Poppadoms x10,Patak’s,"Dairy, eggs & chilled",Ready meals,All ready meals,,£2.30,,,£2.30 / 100g,7975366.0,Plain Cook to Eat Pappadums.,,https://assets.sainsburys-groceries.co.uk/gol/7975366/1/640x640.jpg,"Nutrient	Per 100g
Energy	1273kJ/ 301kcal
Fat	1.4g
of which saturates	0.8g
Carbohydrate	46.2g
of which sugars	2g
Fibre	9.4g
Protein	21g
Salt	5.3g","Black Gram Flour, Salt, Rice Flour, Coconut Oil, Raising Agent (Calcium Oxide)",https://www.sainsburys.co.uk/gol-ui/product/pataks-plain-cook-at-home-pappadums-x-10,,2024-08-20T22:14:12.513680-04:00
66-2313-DAI,Sainsbury's Thai Takeaway Selection Ready Meal for 2 1.2kg,Sainsbury's,"Dairy, eggs & chilled",Ready meals,All ready meals,,£8.95,,,£7.26 / kg,7991482.0,"1 Jasmine rice, 1 Thai style green chicken curry, 1 Thai style red chicken curry, 4 vegetable spring rolls and prawn crackers.",,https://assets.sainsburys-groceries.co.uk/gol/7991482/1/640x640.jpg,,,https://www.sainsburys.co.uk/gol-ui/product/sainsburys-thai-takeaway-selection-for-2-1233kg,,2024-08-20T22:14:34.509363-04:00
66-2314-DAI,Sainsbury's Chinese Special Fried Rice Ready Meal Side For 2 400g,Sainsbury's,"Dairy, eggs & chilled",Ready meals,All ready meals,,£3.00,,,£7.50 / kg,7767792.0,"Cooked long grain rice with egg and peas, marinated British pork slices and prawns",,https://assets.sainsburys-groceries.co.uk/gol/7767792/1/640x640.jpg,,,https://www.sainsburys.co.uk/gol-ui/product/sainsburys-special-fried-rice-400g,,2024-08-20T22:14:55.562109-04:00
66-2315-DAI,Wasabi Sweet Chilli Chicken with Rice 450g,Wasabi,"Dairy, eggs & chilled",Discover,Simple meals,,£4.50,,,£10.00 / kg,7954880.0,"Sweet chilli sauce with pineapple, green pepper, white onion and red pepper, served with cooked white long grain rice and fried chicken breast",,https://assets.sainsburys-groceries.co.uk/gol/7954880/1/640x640.jpg,"Nutrient	as consumed per 100g
Energy (KJ)	723
Energy (Kcal)	171
Fat (g)	3.7
of which saturate fat (g)	0.4
Carbohydrate (g)	29.3
of which sugar (g)	7.9
Protein (g)	4.8
Salt (g)	0.77","Sweet Chilli Sauce (44%) (Pineapple (Pineapple, Water, Sugar, Acidity Regulator (E330)), Sweet Chilli Sauce (Water, Sugar, Glucose Syrup, Gochujang Style Paste (Glucose Syrup, Fructose, White Wine Vinegar (Preservative (E223) (Sulphite)), Salted Black Bean (Soya), Concentrated Red Bell Pepper Juice, Sugar, Water, Rapeseed Oil, Soy Sauce (Water, Soybean, Salt, Spirit Vinegar), Concentrated Onion Juice, Salt, Onion Powder, Ground Cayenne Chilli, Colour (E160(c)), Tomato Powder, Rice Flour), Spirit Vinegar, Onion, Fructose, Garlic Puree, Red Chilli Puree, Cornflour, Salt, Pineapple Concentrate, Tomato Paste, Soy Sauce (Water, Soy Extract (Water, Soybean, Salt, Wheat Flour (Wheat Flour, Calcium Carbonate, Iron, Niacin, Thiamin)), Salt, Cane Molasses, Barley Malt Vinegar, Barley Malt Extract), Paprika, Yeast Extract (Yeast Extract, Salt), Water, Salt), Colour (E160(c)), Black Pepper, Acidity Regulator (E330), Cinnamon), Green Pepper, White Onion, Chilli Sauce (Water, Sugar, Chilli (Chilli, Water, Salt, Acidity Regulator (E260))), Garlic, Modified Tapioca Starch, Salt, Acidity Regulator (E260)), Tomato Ketchup (Water, Tomato Paste, Glucose Syrup, Barley Malt Vinegar, Sugar, Native Maize Starch, Salt, Colour (E150(a)), Acidity Regulator (E330), Onion Powder, Garlic Powder, Black Pepper, Ground Clove), Glucose Syrup, Onion Puree, Red Pepper, Sugar, Red Pepper Paste (Water, Corn Syrup, Wheat Flour, Wheat, Salt, Red Pepper Powder, Soybean, Alcohol, Garlic, Onion, Flavour Enhancer (E621)), Soy Sauce (Water, Soybean, Wheat, Salt, Alcohol (Ethanol)), Water, Potato Starch, Mirin (Glucose Syrup, Water, Spirit Vinegar, Fermented Rice Alcohol (Water, Rice, Alcohol, Salt, Rice Malt), Sugar, Acidity Regulator (E330), Cane Molasses), Salt, Paprika Powder, Garlic Puree, White Miso (Water, Soybean, Rice, Salt)), Cooked White Long Grain Rice (Water, White Long Grain Rice), Fried Chicken (18%) (Chicken Breast, Coating (Potato Starch, Rice Flour, Dried Potato, Tapioca Starch, Garlic Powder, Ginger, Raising Agents (E450(i), E500(ii))), Brining Mix (Water, Maize Starch, Salt, Acidity Regulator (E500), Spirit Vinegar Powder, Tapioca Starch, Dried Glucose Syrup), Marinade Mix (Marinade (Wheat Flour (Wheat Flour, Calcium Carbonate, Iron, Niacin, Thiamin), Paprika, White Pepper, Salt, Dried Yeast, Raising Agent (E500(ii)), Rapeseed Oil, Water), Rapeseed Oil).",https://www.sainsburys.co.uk/gol-ui/product/wasabi-sushi-bento-sweet-chilli-chicken-with-rice-450g,,2024-08-20T22:15:08.345231-04:00
66-2316-DAI,"Sainsbury's King Prawn Alfredo Limited Edition, Taste the Difference 400g",Sainsbury's,"Dairy, eggs & chilled",Ready meals,All ready meals,,£4.25,,,£10.63 / kg,8183728.0,"Cooked linguine pasta with king prawns in a Parmigiano Reggiano D.O.P cheese, white wine and lemon sauce topped peas, mature Cheddar and parsley",,https://assets.sainsburys-groceries.co.uk/gol/8183728/1/640x640.jpg,,,https://www.sainsburys.co.uk/gol-ui/product/sainsburys-king-prawn-alfredo-limited-edition-taste-the-difference-400g,,2024-08-20T22:15:30.363398-04:00
66-2317-DAI,"Sainsbury's Vintage Cheddar Mac & Cheese, Taste the Difference 650g",Sainsbury's,"Dairy, eggs & chilled",Discover,Taste the Difference Dine in for £12 (valid for deliveries from 10th April),,£6.25,,,£9.62 / kg,8139693.0,Gobetti pasta with extra mature Cheddar and vintage Cheddar cheese sauce with ciabatta breadcrumb topping,,https://assets.sainsburys-groceries.co.uk/gol/8139693/1/640x640.jpg,,,https://www.sainsburys.co.uk/gol-ui/product/sainsburys-vintage-cheddar-mac-cheese-taste-the-difference-650g,,2024-08-20T22:15:51.909678-04:00
66-2318-DAI,Sainsbury's Swedish Style Meatballs & Mash 400g,Sainsbury's,"Dairy, eggs & chilled",Ready meals,All ready meals,,£3.30,,£2.50,£8.25 / kg,8165782.0,Beef and pork meatballs in a cream sauce with mashed potato.,,https://assets.sainsburys-groceries.co.uk/gol/8165782/1/640x640.jpg,,,https://www.sainsburys.co.uk/gol-ui/product/sainsburys-swedish-style-meatballs-mash-400g,,2024-08-20T22:16:08.092238-04:00
66-2319-DAI,Stamford Street Co. Cottage Pie 400g (Serves 1),Stamford,"Dairy, eggs & chilled",Ready meals,All ready meals,,£2.49,,,£6.23 / kg,8145153.0,Beef in gravy topped with mashed potato,,https://assets.sainsburys-groceries.co.uk/gol/8145153/1/640x640.jpg,,,https://www.sainsburys.co.uk/gol-ui/product/sainsburys-stamford-street-co-cottage-pie-400g,,2024-08-20T22:16:31.430276-04:00
66-2320-DAI,Rustlers Southern Fried Chicken Sub 158g,Rustlers,"Dairy, eggs & chilled",Ready meals,All ready meals,,£2.00,,,£1.27 / 100g,7165623.0,"Chopped and shaped chicken breast with a southern fried breadcrumb coating in a sub roll, with a sachet of mayonnaise.",,https://assets.sainsburys-groceries.co.uk/gol/7165623/1/640x640.jpg,"Nutrient	Per 100g	Per Portion (158g)
Energy	1074kJ/ 256kcal	1698kJ/ 405kcal
Fat	12.1g	19.1g
of which saturates	1.9g	3.1g
Carbohydrate	26.7g	42.2g
of which sugars	1.9g	3.0g
Protein	9.7g	15.3g
Salt	1.2g	1.9g","Sub Roll [Wheat Flour*, Water, Sugar, Yeast, Rapeseed Oil, Sustainable Palm Oil, Salt, Soya Flour, Herbs, Emulsifiers: E481, E472e; Preservative: E282; Flour Treatment Agent: E300, E920], Southern Fried Chicken (37%) [Chicken Breast, Wheat Flour*, Rapeseed & Sunflower Oil, Water, Rice Flour, Salt, Spices & Spice Extract, Sugar, Yeast Extract, Flavouring], Mayonnaise [Rapeseed Oil, Water, Spirit Vinegar, Pasteurised Egg Yolk, Salt, Modified Maize Starch, Mustard Seeds, Thickeners: E412, E415; Preservative: E202; Herbs, Flavouring, Spices], *Wheat Flour with Calcium, Iron, Niacin & Thiamin",https://www.sainsburys.co.uk/gol-ui/product/rustlers-southern-fried-chicken-sub-158g,,2024-08-20T22:16:44.598214-04:00
66-2321-DAI,Sainsbury's Indian Inspired Mini Selection x18 354g,Sainsbury's,"Dairy, eggs & chilled",Ready meals,Ready meals by cuisine,,£3.00,,,£8.47 / kg,8028188.0,"6 Vegetable samosas, 6 Onion bhajis and 6 Vegetable pakoras",,https://assets.sainsburys-groceries.co.uk/gol/8028188/1/640x640.jpg,,,https://www.sainsburys.co.uk/gol-ui/product/sainsburys-indian-inspired-mini-selection-x18-354g,,2024-08-20T22:17:06.328319-04:00
66-2322-DAI,Sainsbury's Pub Classics Sausage Filled Yorkshire 500g (Serves 1),Sainsbury's,"Dairy, eggs & chilled",Discover,Simple meals,,£4.00,,,£8.00 / kg,7992521.0,Yorkshire pudding filled with pork sausages in gravy with mashed potato and peas,,https://assets.sainsburys-groceries.co.uk/gol/7992521/1/640x640.jpg,,,https://www.sainsburys.co.uk/gol-ui/product/sainsburys-sausage-filled-yorkshire-500g,,2024-08-20T22:17:28.850798-04:00
66-2323-DAI,Sainsbury's All Day Breakfast 400g,Sainsbury's,"Dairy, eggs & chilled",Ready meals,All ready meals,,£3.50,,,£8.75 / kg,8121506.0,"Baked beans in a tomato sauce, hash browns, pork sausages in beef collagen casing, omelette and smoked back bacon rasher.",,https://assets.sainsburys-groceries.co.uk/gol/8121506/1/640x640.jpg,,,https://www.sainsburys.co.uk/gol-ui/product/sainsburys-classics-all-day-breakfast-400g,,2024-08-20T22:17:50.324899-04:00
66-2324-DAI,Charlie Bigham's Moussaka Meals 655g,Charlie,"Dairy, eggs & chilled",Ready meals,All ready meals,,£9.95,,,£15.19 / kg,8038391.0,"Slow-cooked lamb ragù with tomato and mint, layered with potatoes, roasted aubergines and our creamy béchamel sauce.",,https://assets.sainsburys-groceries.co.uk/gol/8038391/1/640x640.jpg,,"Lamb (20%), Milk, Potatoes, Aubergine (8%), Tomatoes, Cream (Milk), Water, Onions, Passata, Rapeseed Oil, Butter (Milk), Wheat Flour (Wheat Flour, Calcium Carbonate, Iron, Niacin, Thiamin), White Wine, Cheddar Cheese (Milk), Tomato Purée, Pasteurised Free-Range Egg Yolk, Garlic Purée, Parsley, Lamb Stock (Lamb Extract, Water, Yeast Extract, Sugar, Cornflour, Onion Concentrate, Salt, Rosemary Oil, Thyme Oil), Cornflour, Breadcrumbs (Wheat Flour (Wheat Flour, Calcium Carbonate, Iron, Niacin, Thiamin), Salt, Yeast, Sunflower Oil, Caramelised Sugar, Colour: Paprika Extract, Turmeric Extract), Regato Cheese (Milk), Salt, Oregano, Thyme, Ground Coriander, Black Pepper, Ground Nutmeg, Ground Cinnamon, Ground Cayenne Pepper, Ground Pimento, Ground Bay Leaf, Dried Mint",https://www.sainsburys.co.uk/gol-ui/product/charlie-bighams-moussaka-655g-8038391-p-44,,2024-08-20T22:18:03.409147-04:00
66-2325-DAI,"Sainsbury's Ultimate Chicken Jalfrezi Samosas Ready Meal Side For 2, Taste the Difference 220g",Sainsbury's,"Dairy, eggs & chilled",Ready meals,All ready meals,,£3.00,,,£13.64 / kg,8187455.0,"4 fried battered pastry parcels coated with coriander and chilli, and filled with chicken, peppers and spices",,https://assets.sainsburys-groceries.co.uk/gol/8187455/1/640x640.jpg,,,https://www.sainsburys.co.uk/gol-ui/product/sainsburys-ultimate-chicken-jalfrezi-samosas-taste-the-difference-220g,,2024-08-20T22:18:24.752918-04:00
66-2326-DAI,Charlie Bigham's Shepherd's Pie Meals 325g,Charlie,"Dairy, eggs & chilled",Ready meals,Just Cook & Slow Cooked,,£6.00,,,£18.46 / kg,8092093.0,,,https://assets.sainsburys-groceries.co.uk/gol/8092093/1/640x640.jpg,"Nutrient	as sold Per 100g:	as sold Per pack:
Energy	523kJ, 125kcal	1700kJ, 406kcal
Fat	5.5g	17.9g
(of which saturates)	2.6g	8.6g
Carbohydrate	10.7g	34.8g
(of which sugars)	1.6g	5.2g
Fibre	0.5g	1.6g
Protein	8.1g	26.4g
Salt	0.59g	1.92g","Potatoes, Lamb (32%), Carrots, Onions, Red Wine, Celery, Cornflour, Butter (Milk), Double Cream (Milk), Breadcrumbs (Wheat Flour (Wheat Flour, Calcium Carbonate, Iron, Niacin, Thiamin), Yeast, Salt, Caramelised Sugar, Colours: Paprika Extract, Turmeric Extract), Lamb Stock (Lamb Bones, Yeast Extract, Water, Salt, Sugar, Cornflour, Onion Juice Concentrate, Rosemary, Thyme), Tomato Purée, Red Wine Stock (Red Wine Concentrate, Yeast Extract, Dried Potatoes, Salt, Sugar, Dried Onions. Rapeseed Oil, Ground Black Pepper, Thyme), Beef Stock (Water, Beef Bones, Yeast Extract, Salt, Molasses, Tomato Purée, Rapeseed Oil, Dried Onions, Ground Black Pepper), Free-Range Egg Yolk, Rapeseed Oil, Garlic Purée, Parsley, Dijon Mustard (Water, Mustard Seeds, Vinegar, Salt), Rosemary, Salt, Vegetable Stock (Salt, Sugar, Dried Onions, Dried Leeks, Rapeseed Oil, Ground Turmeric, Ground Black Pepper), Thyme, Black Pepper, White Pepper, Ground Bay Leaves, Ground Star Anise, Secret Ingredient: Obsession",https://www.sainsburys.co.uk/gol-ui/product/charlie-bighams-shepherds-pie-meals-325g,,2024-08-20T22:18:43.097451-04:00
66-2327-DAI,"Sainsbury's Lamb Bhuna & Saffron Pilau Rice, Taste the Difference Ready Meal for 1 400g",Sainsbury's,"Dairy, eggs & chilled",Ready meals,Ready meals by cuisine,,£4.25,,,£10.63 / kg,8079179.0,"Marinated lamb in a spiced tomato, onion and cashew nut sauce with chargrilled red chillies, served with spiced basmati rice with mint and saffron",,https://assets.sainsburys-groceries.co.uk/gol/8079179/1/640x640.jpg,,,https://www.sainsburys.co.uk/gol-ui/product/sainsburys-lamb-bhuna-saffron-pilau-rice-taste-the-difference-400g,,2024-08-20T22:19:04.637502-04:00
66-2328-DAI,Charlie Bigham's Thai Red Chicken Curry & Fragrant Rice 418g,Charlie,"Dairy, eggs & chilled",Ready meals,Just Cook & Slow Cooked,,£6.00,,£5.50,£14.35 / kg,8092083.0,"Tender chicken in our Thai red curry sauce with coconut cream, edamame beans, lime leaves & lemongrass.",,https://assets.sainsburys-groceries.co.uk/gol/8092083/1/640x640.jpg,,"Cooked Rice (Water, Rice), Chicken (18%), Coconut, Water, Onions, Rapeseed Oil, Bamboo Shoots, Edamame Beans (Soya), Lemon Juice, Ginger Purée, Demerara Sugar, Fish Sauce (Anchovy Extract (Fish), Salt, Sugar), Onions, Lime Leaves, Cornflour, Lime Juice, Lemongrass, Garlic Purée, Salt, Galangal, Red Chillies, Basil, Garlic, Coriander, Shallots, Dried Red Chillies, Paprika, Ground Cumin, Makrut Lime Peel, White Pepper, Ground Coriander, Ground Fennel Seeds, Sunflower Oil, Ground, Cardamom, Shrimp (Crustaceans), Coriander Seed, Ground Star Anise, Colour: Paprika Extract, Ground Turmeric, Curry Powder (Coriander Seed, Turmeric, Cumin, Fennel Seed, Galangal), Cinnamon, Black Pepper, Nutmeg, Secret ingredient: Obsession",https://www.sainsburys.co.uk/gol-ui/product/charlie-bighams-thai-red-chicken-curry-fragrant-rice-418g,,2024-08-20T22:19:12.627247-04:00
66-2329-DAI,Sainsbury's Indian Chicken Balti with Pilau Rice Ready Meal for 1 400g,Sainsbury's,"Dairy, eggs & chilled",,,,£3.30,,£2.75,£8.25 / kg,7807396.0,Cooked marinated chicken breast pieces in a medium spiced onion and tomato sauce with coriander and cumin served with cooked pilau rice,,https://assets.sainsburys-groceries.co.uk/gol/7807396/1/640x640.jpg,,,https://www.sainsburys.co.uk/gol-ui/product/sainsburys-chicken-balti---rice-450g,,2024-08-20T22:19:33.919337-04:00
66-2330-DAI,Charlie Bigham's Chicken Jalfrezi 845g (Serves 2),Charlie,"Dairy, eggs & chilled",Ready meals,All ready meals,,£9.50,,,£11.24 / kg,7756162.0,"Tender chicken marinated in our jalfrezi sauce, topped with fresh peppers and served with pilau rice.",,https://assets.sainsburys-groceries.co.uk/gol/7756162/1/640x640.jpg,,"Water, Chicken (20%), Rice (15%), Tomatoes, Onions, Cream (Milk), Rapeseed Oil, Butter (Milk), Lemon Juice, Ginger Purée, Red Peppers, Yellow Peppers, Mango Chutney (Mangoes, Sugar, Salt, Acidity Regulator: Acetic Acid*, Water, Chillies, Ginger), Tomato Purée, Salt, Cornflour, Garlic Purée, Ground Coriander, Sugar, Yellow Mustard Seeds, Ground Cumin, Ground Turmeric, Ground Chillies, Coriander, Black Pepper, Cumin Seeds, Chillies**, Sunflower Oil, Ground Fenugreek, Ground Cardamom, Colour: Paprika Extract, Coriander Seeds, Ground Cinnamon, Ground Dill, Cayenne Pepper, Ground Ginger, Ground Cloves, *Don't worry, this is commonly found in Chutney, ** As you would expect, this has a bit of a kick",https://www.sainsburys.co.uk/gol-ui/product/charlie-bighams-chicken-jalfrezi-845g-serves-2-,,2024-08-20T22:19:47.083993-04:00
66-2331-DAI,BOL Posh Noodles Sweet & Sticky Teriyaki Udon 345g,BOL,"Dairy, eggs & chilled",Ready meals,All ready meals,,£3.25,,£2.75,£9.42 / kg,8069406.0,"A rich teriyaki sauce with turmeric noodles, edamame & black beans, baby corn, leafy greens, carrot and pak choi",,https://assets.sainsburys-groceries.co.uk/gol/8069406/1/640x640.jpg,"Nutrient	per 100g	per BOL	RI* per BOL
Energy kJ	415	1432	17%
Energy kcal	98	339	17%
Fat (g)	2.1	7.1	10%
of which saturates (g)	0.2	0.7	4%
Carbohydrate (g)	15.9	54.7	21%
of which sugars (g)	3.7	12.9	14%
Fibre (g)	1.6	5.4	-
Protein (g)	3.4	11.6	23%
Salt (g)	0.48	1.64	27%","Teriyaki-Hoisin Sauce (36%) (Water, Hoisin Sauce (Water, Sugar, Barley Malt Vinegar, Soya Beans, Cornflour, Salt, Tomato Paste, Garlic Purée, Spices, Rapeseed Oil, Dried Onion, Barley Malt Extract, Wheat Flour (Wheat Flour, Calcium Carbonate, Iron, Niacin, Thiamin), Garlic Powder), Soy Sauce (Water, Soya Beans, Wheat, Salt, Alcohol, Sugar Cane Vinegar), Brown Sugar, White Miso Glaze (Water, Soya Beans, Rice Vinegar, Mirin, Rice, Sugar, Salt, Ginger Purée, Alcohol), Cornflour, Rice Vinegar), Turmeric Noodles (36%) (Water, Wheat Flour (Wheat Flour, Calcium Carbonate, Iron, Niacin, Thiamin), Rapeseed Oil, Salt, Ground Turmeric, Ground Paprika, Firming Agents: Potassium Carbonate, Sodium Carbonates; Acidity Regulator: Citric Acid), Veggies (17%) (Baby Corn, Edamame Beans (Soya), Black Turtle Beans), Leaf Mix (11%) (Leafy Greens, Carrot, Pak Choi)",https://www.sainsburys.co.uk/gol-ui/product/bol-posh-noodles-sweet-sticky-teriyaki-udon-345g,,2024-08-20T22:19:55.486892-04:00
66-2332-DAI,Sainsbury's Half Crispy Peking Duck 520g,Sainsbury's,"Dairy, eggs & chilled",Ready meals,All ready meals,,£7.50,,,£14.42 / kg,7991505.0,Seasoned half duck on the bone with 12 pancakes and hoisin sauce,,https://assets.sainsburys-groceries.co.uk/gol/7991505/1/640x640.jpg,,,https://www.sainsburys.co.uk/gol-ui/product/sainsburys-half-crispy-peking-duck-520g,,2024-08-20T22:20:16.744959-04:00
66-2333-DAI,"Sainsbury's Pancetta & Three Cheese Carbonara Ready Meal For 1, Taste the Difference 375g",Sainsbury's,"Dairy, eggs & chilled",Discover,Meals for tonight,,£4.25,,,£11.33 / kg,7964615.0,Cooked spaghetti in a creamy cheese sauce with smoked pancetta topped with Parmigiano Reggiano D.O.P cheese,,https://assets.sainsburys-groceries.co.uk/gol/7964615/1/640x640.jpg,,,https://www.sainsburys.co.uk/gol-ui/product/sainsburys-taste-the-difference-spaghetti-carbonara-375g,,2024-08-20T22:20:38.689394-04:00
66-2334-DAI,Sainsbury's Chinese Teriyaki Chicken with Sticky Jasmine Rice Ready Meal For 1 400g,Sainsbury's,"Dairy, eggs & chilled",Ready meals,All ready meals,,£3.30,,,£8.25 / kg,8093739.0,"Marinated chicken breast pieces in a soy, sesame and red chilli sauce with red pepper, edamame soya beans and pak choi, served with jasmine rice",,https://assets.sainsburys-groceries.co.uk/gol/8093739/1/640x640.jpg,,,https://www.sainsburys.co.uk/gol-ui/product/sainsburys-teriyaki-chicken-with-sticky-jasmine-rice-400g,,2024-08-20T22:21:00.183664-04:00
66-2335-DAI,Sainsbury's Italian Style Chicken Pesto Pasta 400g,Sainsbury's,"Dairy, eggs & chilled",Ready meals,All ready meals,,£3.30,,,£8.25 / kg,8165088.0,Cooked Tortiglioni Pasta with chicken breast pieces in a green pesto sauce and mature Cheddar cheese,,https://assets.sainsburys-groceries.co.uk/gol/8165088/1/640x640.jpg,,,https://www.sainsburys.co.uk/gol-ui/product/sainsburys-italian-style-chicken-pesto-pasta-400g,,2024-08-20T22:21:21.717029-04:00
66-2336-DAI,Plant Pioneers Chickpea & Potato Masala with Cauliflower Pilau Rice Ready Meal for 1 400g,Plant,"Dairy, eggs & chilled",Ready meals,All ready meals,,£3.50,,,£8.75 / kg,8138861.0,"Chickpeas cooked in a medium spiced tomato and coconut sauce topped with spiced potato and spring greens, served with chickpea and cauliflower pilau rice",,https://assets.sainsburys-groceries.co.uk/gol/8138861/1/640x640.jpg,,,https://www.sainsburys.co.uk/gol-ui/product/sainsburys-plant-pioneers-chickpea-potato-masala-with-cauliflower-pilau-rice-400g,,2024-08-20T22:21:44.363918-04:00
66-2337-DAI,"Sainsbury's Lamb Hotpot, Taste the Difference (Serves 1) 400g",Sainsbury's,"Dairy, eggs & chilled",Discover,Meals for tonight,,£4.25,,£3.50,£10.63 / kg,7969226.0,"Cooked marinated lamb in a savoury red wine gravy with carrots, leeks and topped with sliced potatoes",,https://assets.sainsburys-groceries.co.uk/gol/7969226/1/640x640.jpg,,,https://www.sainsburys.co.uk/gol-ui/product/sainsburys-lamb-hotpot-taste-the-difference-400g,,2024-08-20T22:22:01.386013-04:00
66-2338-DAI,Sainsbury's Tex Mex Chicken Enchilada 400g,Sainsbury's,"Dairy, eggs & chilled",Ready meals,Kids ready meals,,£4.00,,£3.50,£10.00 / kg,8102627.0,"Two soft tortilla wraps filled with tender diced chicken breast, mixed peppers and onion in a tomato and chipotle sauce, topped with a spicy tomato sauce and Monterey Jack cheese.",,https://assets.sainsburys-groceries.co.uk/gol/8102627/1/640x640.jpg,,,https://www.sainsburys.co.uk/gol-ui/product/sainsburys-tex-mex-chicken-enchilada-400g,,2024-08-20T22:22:17.544282-04:00
66-2339-DAI,Golden Lion Aromatic Shredded Duck 210g,Golden,"Dairy, eggs & chilled",Ready meals,All ready meals,,£4.00,,,£19.05 / kg,8162771.0,Seasoned shredded duck with 6 Chinese style pancakes and hoisin sauce.,,https://assets.sainsburys-groceries.co.uk/gol/8162771/1/640x640.jpg,"Nutrient	Per 100g (As Sold)
Energy	938kJ/ 223kcal
Fat	6.1g
of which saturates	1.4g
Carbohydrate	25g
of which sugars	11g
Fibre	1.0g
Protein	16g
Salt	1.3g","Aromatic Shredded Duck (48%) (Duck, Water, Salt, Rice Wine, Sugar, Fennel, Star Anise, Sichuan Pepper, Dried Ginger, True Cardamom, Liquorice, Clove, Bay Leaf, Cinnamon, Dried Orange Peel, Ginger Powder), Pancakes (28%) (Wheat Flour (Wheat Flour, Calcium Carbonate, Iron, Nicotinamide, Thiamine Hydrochloride), Water, Rapeseed Oil, Potato Starch, Salt), Hoisin Sauce (24%) (Sugar, Water, Fermented Soya Bean, Rice Vinegar, Cornflour, Mirin, Salt, Garlic Puree, Barley Malt, Soya Bean, Wheat Flour (Wheat Flour, Calcium Carbonate, Iron, Nicotinamide, Thiamine Hydrochloride), Fennel Seed, Cinnamon, Aniseed)",https://www.sainsburys.co.uk/gol-ui/product/golden-lion-aromatic-shredded-duck-210g,,2024-08-20T22:22:30.776168-04:00
66-2340-DAI,"Sainsbury's Slow Cooked Beef Hash, Taste the Difference 800g",Sainsbury's,"Dairy, eggs & chilled",Ready meals,All ready meals,,£6.75,,,£8.44 / kg,7964553.0,Marinated braised beef brisket in an ale gravy topped with roasted diced potatoes,,https://assets.sainsburys-groceries.co.uk/gol/7964553/1/640x640.jpg,,,https://www.sainsburys.co.uk/gol-ui/product/sainsburys-slow-cooked-beef-hash-taste-the-difference-800g,,2024-08-20T22:22:52.510526-04:00
66-2341-DAI,"Sainsbury's Shepherd's Pie, Taste the Difference 800g (Serves 2)",Sainsbury's,"Dairy, eggs & chilled",Ready meals,All ready meals,,£6.75,,,£8.44 / kg,8165811.0,"Mashed potato with lamb, carrots and swede in redcurrant jelly gravy topped with extra mature Cheddar cheese and breadcrumbs",,https://assets.sainsburys-groceries.co.uk/gol/8165811/1/640x640.jpg,,,https://www.sainsburys.co.uk/gol-ui/product/sainsburys-shepherds-pie-taste-the-difference-800g,,2024-08-20T22:23:14.011064-04:00
66-2342-DAI,Stamford Street Co. Macaroni Cheese 400g,Stamford,"Dairy, eggs & chilled",Ready meals,All ready meals,,£2.49,,,£6.23 / kg,8145139.0,Macaroni pasta in a creamy extra mature Cheddar and mature Cheddar cheese sauce,,https://assets.sainsburys-groceries.co.uk/gol/8145139/1/640x640.jpg,,,https://www.sainsburys.co.uk/gol-ui/product/stamford-street-macaroni-cheese-400g,,2024-08-20T22:23:35.513212-04:00
66-2343-DAI,Sainsbury's Indian Chicken Saag Masala Ready Meal Main For 2 400g,Sainsbury's,"Dairy, eggs & chilled",Discover,Curry night,,£4.25,,£3.75,£10.63 / kg,7808236.0,"Cooked marinated chicken breast pieces in a medium spiced tomato, spinach and yogurt sauce",,https://assets.sainsburys-groceries.co.uk/gol/7808236/1/640x640.jpg,,,https://www.sainsburys.co.uk/gol-ui/product/sainsburys-chicken-saag-masala-400g,,2024-08-20T22:23:51.573490-04:00
66-2344-DAI,Stamford Street Co. Spaghetti Bolognese 400g,Stamford,"Dairy, eggs & chilled",Ready meals,All ready meals,,£2.49,,,£6.23 / kg,8145149.0,Spaghetti pasta with a British beef and tomato ragù sauce,,https://assets.sainsburys-groceries.co.uk/gol/8145149/1/640x640.jpg,,,https://www.sainsburys.co.uk/gol-ui/product/stamford-street-spaghetti-bolognese-400g,,2024-08-20T22:24:13.010692-04:00
66-2345-DAI,"Sainsbury's Ready Meal Main Dish For 2 Chicken Tikka Masala , Taste the Difference 350g",Sainsbury's,"Dairy, eggs & chilled",Ready meals,All ready meals,,£4.25,,,£12.14 / kg,8168522.0,"Chargrilled marinated chicken breast pieces in a creamy spiced tomato, onion and cashew nut sauce with red peppers",,https://assets.sainsburys-groceries.co.uk/gol/8168522/1/640x640.jpg,,,https://www.sainsburys.co.uk/gol-ui/product/sainsburys-main-dish-chicken-tikka-masala-taste-the-difference-350g,,2024-08-20T22:24:34.566490-04:00
66-2346-DAI,Sainsbury's Chinese Beef In Black Bean Sauce Ready Meal Main For 2 350g,Sainsbury's,"Dairy, eggs & chilled",Ready meals,All ready meals,,£4.25,,,£12.14 / kg,8165597.0,Cooked marinated beef slices in a black soya bean sauce with onion and red pepper,,https://assets.sainsburys-groceries.co.uk/gol/8165597/1/640x640.jpg,,,https://www.sainsburys.co.uk/gol-ui/product/sainsburys-beef-in-black-bean-sauce-350g,,2024-08-20T22:24:56.148977-04:00
66-2347-DAI,"Sainsbury's Special Chow Mein, Taste the Difference 400g",Sainsbury's,"Dairy, eggs & chilled",,,,£4.25,,,£10.63 / kg,8169311.0,"Cooked wheat noodles in a soy, rice wine and sesame sauce with cooked marinated chicken thigh, king prawns, red pepper, shiitake mushroom and pak choi",,https://assets.sainsburys-groceries.co.uk/gol/8169311/1/640x640.jpg,,,https://www.sainsburys.co.uk/gol-ui/product/sainsburys-special-chow-mein-taste-the-difference-400g-8169311-p-44,,2024-08-20T22:25:22.752858-04:00
66-2348-DAI,Rustlers Microwave Chicken Sandwich 150g (Serves 1),Rustlers,"Dairy, eggs & chilled",Ready meals,All ready meals,,£2.00,,£1.25,£1.33 / 100g,7297375.0,"Chopped and shaped chicken breast with seasoning in a sesame seeded bun, with sachets of red pepper sauce and mayonnaise.",,https://assets.sainsburys-groceries.co.uk/gol/7297375/1/640x640.jpg,"Nutrient	Per 100g	Per Portion (150g)
Energy	959kJ/ 228kcal	1439kJ/ 343kcal
Fat	8.8g	13.2g
of which saturates	1.6g	2.3g
Carbohydrate	23.8g	35.8g
of which sugars	5.4g	8.1g
Protein	12.9g	19.3g
Salt	1.3g	2.0g","Chicken Burger (45%) [Chicken Breast, Water, Acidity Regulator: E325; Stabiliser: E451; Potato Starch, Salt, Wheat Flour*, Spices, Onion Powder, Sugar, Maltodextrin, Flavourings (contains Barley, Wheat & Soya), Dextrose, Garlic Powder, Yeast Extract, Sunflower Oil], Sesame Seeded Bun [Wheat Flour*, Water, Sugar, Sesame Seeds, Rapeseed Oil, Salt, Yeast, Preservative: E282; Emulsifier: E472e; Antioxidant: E300], Red Pepper Sauce [Tomato Puree, Sugar, Red Peppers, Spirit Vinegar, Cornflour, Salt, Garlic Puree], Mayonnaise [Rapeseed Oil, Pasteurised Egg Yolk, Water, Spirit Vinegar, Sugar, Cornflour, Salt], *Wheat Flour with Calcium Iron, Niacin & Thiamin, Chicken Burger contains 85% Chicken",https://www.sainsburys.co.uk/gol-ui/product/rustlers-microwave-chicken-sandwich-150g,,2024-08-20T22:25:31.112774-04:00
66-2349-DAI,Sainsbury's Indian Chicken Korma Ready Meal Main For 2 400g,Sainsbury's,"Dairy, eggs & chilled",Discover,Curry night,,£4.25,,£3.75,£10.63 / kg,1191066.0,Cooked marinated chicken breast pieces in a mild coconut and cashew nut sauce,,https://assets.sainsburys-groceries.co.uk/gol/1191066/1/640x640.jpg,,,https://www.sainsburys.co.uk/gol-ui/product/sainsburys-indian-chicken-korma-400g-serves-2-,,2024-08-20T22:25:46.661066-04:00
66-2350-DAI,Wasabi Vegetable Gyoza Yakisoba 450g,Wasabi,"Dairy, eggs & chilled",Discover,Simple meals,,£4.50,,,£10.00 / kg,7978492.0,"Fried wheat noodles with cabbage, white onion, green pea and carrot, served with fried vegetable gyoza filled with cabbage, carrot, onion, chive, ginger and garlic and teriyaki sauce sachet",,https://assets.sainsburys-groceries.co.uk/gol/7978492/1/640x640.jpg,"Nutrient	as consumed per 100g	as consumed per pack
Energy (kJ)	648	2813
Energy (kcal)	154	668
Fat (g)	4.2	18.5
of which saturate fat (g)	0.4	1.8
Carbohydrate (g)	24.1	104.7
of which sugar (g)	5.5	24.0
Protein (g)	3.6	15.8
Salt (g)	2.31	5.90","Vegetable Fried Noodle (73%) (Wheat Noodles (Water, Wheat Noodles (Wheat Flour (Wheat Flour, Calcium Carbonate, Iron, Niacin, Thiamin), Water, Salt, Turmeric, Paprika, Acidity Regulator (E330), Firming Agents (E501, E500)), Cabbage, White Onion, Rapeseed Oil, Noodle Sauce (Water, Sugar, Spirit Vinegar, Salt, Onion Puree, Molasses, Tamarind Paste, Cornflour, Garlic Puree, Ground Cloves, Ginger Puree), Teriyaki Sauce (Soy Sauce (Water, Soybean, Wheat, Salt), Wine (Sulphur Dioxide), Sugar, Water, Spirit Vinegar, Salt, Spice Extracts, Onion Powder, Garlic Powder), Green Pea, Carrot, Stir-Fry Sauce (Water, Sugar, Salt, Molasses, Yeast Extract, Non-Modified Starch, Barley Malt Extract, Garlic Extract), Dark Soy Sauce (Water, Soybean, Sugar, Salt, Wheat Flour), Sugar, Sesame Oil, Flavour Enhancer (E621)),, Fried Vegetable Gyoza (16%) (Vegetable Gyoza (Vegetable (Cabbage, Carrot, Onion, Chive, Ginger, Garlic), Wheat Flour, Water, Textured Vegetable Soy Protein, Modified Tapioca Starch, Wheat Starch, Light Soy Sauce (Water, Soybean, Wheat, Salt, Fructose Syrup), Fully Refined Soybean Oil, Sugar, Potato Starch, Flavour Enhancer (E621), Yeast Extract, Rice Flour, Salt, Wheat Gluten, White Pepper, D-xylose), Rapeseed Oil), Teriyaki Sauce Sachet (Sugar, Soy Sauce (Water, Soybean, Wheat, Salt, Alcohol), Water, Sake, Modified Maize Starch, Colour (E150(c)))",https://www.sainsburys.co.uk/gol-ui/product/wasabi-sushi-bento-vegetable-gyoza-yakisoba-450g,,2024-08-20T22:26:00.610807-04:00
66-2351-DAI,"Sainsbury's Honey & Mustard Pork with Colcannon Mash, Taste the Difference 400g (Serves 1)",Sainsbury's,"Dairy, eggs & chilled",,,,£4.25,,£3.50,£10.63 / kg,8165788.0,"Cooked marinated pork in honey and mustard sauce, served with colcannon mash.",,https://assets.sainsburys-groceries.co.uk/gol/8165788/1/640x640.jpg,,,https://www.sainsburys.co.uk/gol-ui/product/sainsburys-honey-mustard-pork-with-colcannon-mash-taste-the-difference-400g,,2024-08-20T22:26:21.790341-04:00
66-2352-DAI,Wasabi Sweet Chilli Chkn Yakisoba 450g,Wasabi,"Dairy, eggs & chilled",Ready meals,All ready meals,,£4.50,,,£10.00 / kg,8021935.0,"Fried wheat noodles with cabbage, white onion, carrot and green pea, served with sweet chilli sauce with pineapple, green pepper, white onion, and red pepper and fried chicken breast",,https://assets.sainsburys-groceries.co.uk/gol/8021935/1/640x640.jpg,"Nutrient	as consumed per 100g
Energy (kJ)	669
Energy (kcal)	159
Fat (g)	5.0
of which saturate fat (g)	0.5
Carbohydrate (g)	21.5
of which sugar (g)	10.0
Protein (g)	5.3
Salt (g)	1.41","Vegetable Fried Noodle (48%) (Wheat Noodles (Water, Wheat Noodles (Wheat Flour (Wheat Flour, Calcium Carbonate, Iron, Niacin, Thiamin), Water, Salt, Turmeric, Paprika, Acidity Regulator (E330), Firming Agents (E501, E500)), Cabbage, White Onion, Rapeseed Oil, Noodle Sauce (Water, Sugar, Spirit Vinegar, Salt, Onion Puree, Molasses, Tamarind Paste, Cornflour, Garlic Puree, Ground Cloves, Ginger Puree), Teriyaki Sauce (Soy Sauce (Water, Soybean, Wheat, Salt), Wine (Sulphur Dioxide), Sugar, Water, Spirit Vinegar, Salt, Spice Extracts, Onion Powder, Garlic Powder), Carrot, Green Pea, Stir-Fried Sauce (Water, Sugar, Salt, Molasses, Yeast Extract, Non-Modified Starch, Barley Malt Extract, Garlic Extract), Dark Soy Sauce (Water, Soybean, Sugar, Salt, Wheat Flour), Sugar, Sesame Oil, Flavour Enhancer (E621)), Sweet Chilli Sauce (33%) (Pineapple (Pineapple, Water, Sugar, Acidity Regulator (E330)), Sweet Chilli Sauce (Water, Sugar, Glucose Syrup, Gochujang Style Paste (Glucose Syrup, Fructose, White Wine Vinegar (Preservative (E223)(Sulphite)), Salted Black Bean (Soya), Concentrated Red Bell Pepper Juice, Sugar, Water, Rapeseed Oil, Soy Sauce (Water, Soybean, Salt, Spirit Vinegar), Concentrated Onion Juice, Salt, Onion Powder, Ground Cayenne Chilli, Colour (E160(c)), Tomato Powder, Rice Flour), Spirit Vinegar, Onion, Fructose, Garlic Puree, Red Chilli Puree, Cornflour, Salt, Pineapple Concentrate, Tomato Paste, Soy Sauce (Water, Soy Extract (Water, Soybean, Salt, Wheat Flour (Wheat Flour, Calcium Carbonate, Iron, Niacin, Thiamin)), Salt, Cane Molasses, Barley Malt Vinegar, Barley Malt Extract), Paprika, Yeast Extract (Yeast Extract, Salt), Water, Salt), Colour (E160(c)), Black Pepper, Acidity Regulator (E330), Cinnamon), Green Pepper, White Onion, Chilli Sauce (Water, Sugar, Chilli (Chilli, Water, Salt, Acidity Regulator (E260))), Garlic, Modified Tapioca Starch, Salt, Acidity Regulator (E260)), Tomato Ketchup (Water, Tomato Paste, Glucose Syrup, Barley Malt Vinegar, Sugar, Native Maize Starch, Salt, Colour (E150(a)), Acidity Regulator (E330), Onion Powder, Garlic Powder, Black Pepper, Ground Clove), Glucose Syrup, Onion Puree, Red Pepper, Sugar, Red Pepper Paste (Water, Corn Syrup, Wheat Flour, Wheat, Salt, Red Pepper Powder, Soybean, Alcohol, Garlic, Onion, Flavour Enhancer (E621)), Soy Sauce (Water, Soybean, Wheat, Salt, Alcohol (Ethanol)), Water, Potato Starch, Mirin (Glucose Syrup, Water, Spirit Vinegar, Fermented Rice Alcohol (Water, Rice, Alcohol, Salt, Rice Malt), Sugar, Acidity Regulator (E330), Cane Molasses), Salt, Paprika Powder, Garlic Puree, White Miso (Water, Soybean, Rice, Salt)), Fried Chicken (18%) (Chicken Breast, Coating (Potato Starch, Rice Flour, Dried Potato, Tapioca Starch, Garlic Powder, Ginger, Raising Agents (E450(i), E500(ii))), Brining Mix (Water, Maize Starch, Salt, Acidity Regulator (E500), Spirit Vinegar Powder, Tapioca Starch, Dried Glucose Syrup), Marinade Mix (Marinade (Wheat Flour (Wheat Flour, Calcium Carbonate, Iron, Niacin, Thiamin), Paprika, White Pepper, Salt, Dried Yeast, Raising Agent (E500(ii))), Rapeseed Oil, Water), Rapeseed Oil)",https://www.sainsburys.co.uk/gol-ui/product/wasabi-sweet-chilli-chkn-yakisoba-450g,,2024-08-20T22:26:35.038539-04:00
66-2353-DAI,Sainsbury's Creamed Green Cabbage 250g (Serves 2),Sainsbury's,"Dairy, eggs & chilled",Discover,Eat more fish,,£2.25,,,£9.00 / kg,6855720.0,Savoy cabbage and spring greens coated in a creamy sauce.,,https://assets.sainsburys-groceries.co.uk/gol/6855720/1/640x640.jpg,,,https://www.sainsburys.co.uk/gol-ui/product/sainsburys-creamed-green-cabbage-300g,,2024-08-20T22:26:56.425462-04:00
66-2354-DAI,"Sainsbury's Lasagne Ready Meal For 4, Taste the Difference 1.5kg",Sainsbury's,"Dairy, eggs & chilled",Ready meals,All ready meals,,£9.50,,,£6.33 / kg,8110853.0,"British beef ragù with smoked pancetta bacon and red wine, with layers of egg pasta, topped with béchamel and Parmigiano Reggiano D.O.P cheese",,https://assets.sainsburys-groceries.co.uk/gol/8110853/1/640x640.jpg,,,https://www.sainsburys.co.uk/gol-ui/product/sainsburys-lasagne-taste-the-difference-15kg,,2024-08-20T22:27:17.947255-04:00
66-2355-DAI,Cathedral City Chicken & Bacon Pasta Bake 400g,Cathedral,"Dairy, eggs & chilled",Ready meals,All ready meals,,£4.00,,£3.50,£10.00 / kg,8193804.0,Cooked Pasta in a cheese and bacon sauce with cooked chicken breast pieces topped with Cheddar Cheese and breadcrumb.,,https://assets.sainsburys-groceries.co.uk/gol/8193804/1/640x640.jpg,"Nutrient	(ovenbaked) per 100g	(ovenbaked) per pack	Reference Intake
Energy	743kJ/ 177kcal	2912kJ/ 694kcal	8400kJ/ 2000kcal
Fat	7.2g	28g	70g
(of which saturates)	4.1g	16g	20g
Carbohydrate	18g	72g	260g
(of which sugars)	2.4g	9.4g	90g
Fibre	0.7g	2.7g	-
Protein	9.4g	37g	50g
Salt	0.45g	1.8g	6g","Cooked Pennette Pasta (31%) (Durum Wheat Semolina, Water), Whole Milk, Cathedral City Cheddar Cheese (Milk) (13%), Cooked Marinated Chicken (12%) (Chicken Breast, White Wine, Cornflour, Salt, Black Pepper), Water, Breadcrumb (Wheat Flour (Wheat Flour, Calcium Carbonate, Iron, Niacin (B3), Thiamin (B1)), Rapeseed Oil, Yeast, Salt, Caramelised Sugar, Colour (Paprika Extract), Turmeric Extract), Smoked Bacon Lardons (2%) (Pork Back, Salt, Antioxidant (Sodium Ascorbate), Preservative (Sodium Nitrite)), Double Cream (Milk), Cornflour, Wheat Flour (Wheat Flour, Calcium Carbonate, Iron, Niacin (B3), Thiamin (B1)), Salt, Parsley, Black Pepper",https://www.sainsburys.co.uk/gol-ui/product/cathedral-city-chicken-bacon-pasta-bake-400g,,2024-08-20T22:27:25.962700-04:00
66-2356-DAI,Wasabi Chicken Gyoza 100g,Wasabi,"Dairy, eggs & chilled",Ready meals,All ready meals,,£2.75,,,£26.19 / kg,7978477.0,"Fried gyoza stuffed with chicken breast, cabbage, onion and spring onion, served with a gyoza dressing",,https://assets.sainsburys-groceries.co.uk/gol/7978477/1/640x640.jpg,"Nutrient	as consumed per 100g	as consumed per pack
Energy (KJ)	930	977
Energy (Kcal)	222	233
Fat (g)	8.1	8.6
of which saturate fat (g)	1.1	1.2
Carbohydrate (g)	29.2	30.7
of which sugar (g)	3.2	3.4
Protein (g)	8.2	8.6
Salt (g)	2.21	2.32","Fried Chicken Gyoza (Chicken Gyoza (Wheat Flour, Chicken Breast (19%), Water, Cabbage, Modified Tapioca Starch, Onion, Wheat Starch, Spring Onion, Textured Vegetable Soy Protein, Mixed Vegetable Oil (Fully Refined Soybean Oil, Spring Onion, Onion, Ginger, Shallot), Light Soy Sauce (Water, Soybean, Wheat, Salt, Fructose Syrup), Sugar, Fully Refined Soybean Oil, Flavour Enhancer (E621), Sesame Oil, Mirin (Glutinous Rice, Water, Sucrose, Glucose Syrup), Rice Flour, Yeast Extract, Salt, Thickener (E407(a)), Garlic, D-Xylose), Rapeseed Oil), Gyoza Dressing (Soy Sauce (Water, Soybean, Wheat, Salt, Alcohol), Water, Rice Vinegar, Sugar, Salt)",https://www.sainsburys.co.uk/gol-ui/product/wasabi-sushi-bento-chicken-gyoza-105g,,2024-08-20T22:27:38.917434-04:00
66-2357-DAI,Sainsbury's On The Go Vegetable Samosas x2,Sainsbury's,"Dairy, eggs & chilled",Ready meals,Special offers,,£1.30,,,£2.60 / 100g,7944192.0,"Potato, peas and carrots flavoured with ginger and spices encased in a poppy seed pastry",,https://assets.sainsburys-groceries.co.uk/gol/7944192/1/640x640.jpg,,,https://www.sainsburys.co.uk/gol-ui/product/sainsburys-on-the-go-vegetable-samosa,,2024-08-20T22:28:00.515268-04:00
66-2358-DAI,"Sainsbury's Beef & Red Wine Ravioli Ready Meal For 1, Taste the Difference 375g",Sainsbury's,"Dairy, eggs & chilled",,,,£4.25,,,£11.33 / kg,8020881.0,Beef and red wine filled ravioli in a cherry and sundried tomato sauce topped with Regato cheese,,https://assets.sainsburys-groceries.co.uk/gol/8020881/1/640x640.jpg,,,https://www.sainsburys.co.uk/gol-ui/product/sainsburys-beef-red-wine-ravioli-taste-the-difference-375g,,2024-08-20T22:28:27.668726-04:00
66-2359-DAI,Sainsbury's Flourish Salmon & Greens 380g (Serves 1),Sainsbury's,"Dairy, eggs & chilled",Discover,Meals for tonight,,£3.75,,£3.00,£9.87 / kg,8137564.0,"Salmon in a lemon and parsley sauce with potatoes, broccoli and peas.",,https://assets.sainsburys-groceries.co.uk/gol/8137564/1/640x640.jpg,,,https://www.sainsburys.co.uk/gol-ui/product/sainsburys-flourish-salmon-greens-380g,,2024-08-20T22:28:44.129600-04:00
66-2360-DAI,Sainsbury's Chinese Sweet & Sour Chicken Ready Meal Main For 2 400g,Sainsbury's,"Dairy, eggs & chilled",Ready meals,All ready meals,,£4.25,,,£10.63 / kg,8165595.0,"Cooked marinated chicken breast pieces in a sweet and sour sauce with onion, red pepper and pineapple",,https://assets.sainsburys-groceries.co.uk/gol/8165595/1/640x640.jpg,,,https://www.sainsburys.co.uk/gol-ui/product/sainsburys-sweet-sour-chicken-400g,,2024-08-20T22:29:05.858391-04:00
66-2361-DAI,Sainsbury's Lemon Chicken & Herby Potatoes 400g,Sainsbury's,"Dairy, eggs & chilled",Ready meals,All ready meals,,£3.50,,,£8.75 / kg,8144520.0,"Chicken in a lemon and thyme sauce with baby potatoes, carrots and peas",,https://assets.sainsburys-groceries.co.uk/gol/8144520/1/640x640.jpg,,,https://www.sainsburys.co.uk/gol-ui/product/sainsburys-lemon-chicken-herby-potatoes-400g,,2024-08-20T22:29:27.305705-04:00
66-2362-DAI,Maggi 2 Minute Masala Spicy Noodles 70g,Maggi,"Dairy, eggs & chilled",Ready meals,All ready meals,,65p,,,£9.29 / kg,7952910.0,2 Minute Noodles Masala,,https://assets.sainsburys-groceries.co.uk/gol/7952910/1/640x640.jpg,,"Noodles: Wheat Flour, Palm Oil, Salt, Wheat Gluten, Potassium Chloride, Acidity Regulators (Potassium Carbonate, Sodium Carbonate), Humectant (Pentasodium Triphosphate), Thickener (Guar Gum), Seasoning Sachet: Hydrolysed Peanut Protein, Noodle Cake* (with Gluten), Sugar, Spices (Coriander, Red Chilli Pepper, Turmeric, Cumin, Aniseed, Fenugreek, Ginger, Black Pepper, Cardamom, Nutmeg, Clove), Onion, Corn Starch, Garlic, Palm Oil, Salt, Colour (Sulphite Ammonia Caramel), Acidity Regulators (Citric Acid, Sodium Bicarbonate), Potassium Chloride, Flavour Enhancers (Disodium 5'-Ribonucleotides), *See noodles ingredients list",https://www.sainsburys.co.uk/gol-ui/product/maggi-2-minute-noodles-masala-spicy-70g,,2024-08-20T22:29:40.537862-04:00
66-2363-DAI,La Famiglia Rana Classic Italian Tagliatelle Carbonara Recipe Kit 408g,La,"Dairy, eggs & chilled",Ready meals,All ready meals,,£4.00,,£3.00,£9.83 / kg,8142397.0,"Fresh Egg Pasta (24%), Carbonara Sauce with Milk Cream, Bacon and Egg (74%) and P.D.O. Parmigiano Reggiano Cheese Garnish (2%)",,https://assets.sainsburys-groceries.co.uk/gol/8142397/1/640x640.jpg,,"Carbonara Sauce with Milk Cream, Bacon and Egg: Water, Cream (from Milk) 17%, Smoked Bacon 8.5% (Pork Meat, Salt, Natural Flavourings), Starches (from Corn and Potato), Corn Fibre, Onion, Skimmed Milk Powder, Natural Flavourings (contain Wheat), Salt, Grated Cheese (from Milk) 0.5%, Egg Yolk 0.5%, Black Pepper 0.1%, Turmeric, Fresh Egg Pasta: Durum Wheat Semolina, Eggs 18%, Water, *P.D.O. Parmigiano Reggiano Cheese: Milk, Salt, Rennet, *P.D.O.: Protected Designation of Origin.",https://www.sainsburys.co.uk/gol-ui/product/la-famiglia-rana-classic-italian-tagliatelle-carbonara-recipe-kit-408g,,2024-08-20T22:29:48.408768-04:00
66-2364-DAI,Sainsbury’s Pub Classics Hunters Chicken 470g (Serves 1),Sainsbury’s,"Dairy, eggs & chilled",Discover,Simple meals,,£4.00,,,£8.51 / kg,7992516.0,"Potato wedges, marinated chicken breast and a smoky BBQ sauce with mature Cheddar cheese and smoked bacon",,https://assets.sainsburys-groceries.co.uk/gol/7992516/1/640x640.jpg,,,https://www.sainsburys.co.uk/gol-ui/product/sainsburys-pub-bbq-chicken-470g,,2024-08-20T22:30:09.757512-04:00
66-2365-DAI,Wasabi Pumpkin Katsu Curry with Rice 450g,Wasabi,"Dairy, eggs & chilled",,,,£4.50,,,£10.00 / kg,8022108.0,"Curry sauce with white onion, carrot and potato, served with cooked white long grain rice and pumpkin croquette",,https://assets.sainsburys-groceries.co.uk/gol/8022108/1/640x640.jpg,"Nutrient	as consumed per 100g	as consumed per pack
Energy (KJ)	692	3115
Energy (Kcal)	165	741
Fat (g)	5.9	26.7
of which saturate fat (g)	1.6	7.4
Carbohydrate (g)	26.0	116.9
of which sugar (g)	2.0	8.8
Protein (g)	2.8	12.6
Salt (g)	0.83	3.76","Curry Sauce (41%) (Water, Curry Paste (Vegetable Oils (Palm Oil, Canola Oil), Wheat Flour, Sugar, Salt, Curry Powder (Turmeric, Coriander, Cumin, Fenugreek, Cinnamon, Fennel, Red Pepper, Dill, Dried Tangerine Peel, Spices), Corn Starch, Onion Powder (Onion Flakes, Soybean Powder, Glucose, Maltose), Dextrin, Garlic Powder (Dried Garlic, Defatted Soybean, Glucose, Maltose), Flavour Enhancers (E621, E631, E627), Colour (E150(a)), Yeast Extract, Emulsifiers (E473, E322 (Soya), E471), Soybean Paste (Soybean, Salt, Rice), Defatted Soybean, Acidity Regulators (E296, E330), Red Pepper, Fermented Wheat Seasoning (Wheat, Yeast Extract, Dextrin), Flavourings), White Onion, Carrot, Potato, Rapeseed Oil), Cooked White Long Grain Rice (Water, White Long Grain Rice), Pumpkin Croquette (26%) (Pumpkin (Pumpkin Flesh, Pumpkin Skin), Panko Breadcrumbs (Wheat Flour, Yeast, Salt, Glucose, Colour (E160(c)), Water), Water, Potato Powder, Wheat Flour, Cane Sugar, Salt, Wheat Starch, Thickening Agent (E415)), Rapeseed Oil).",https://www.sainsburys.co.uk/gol-ui/product/wasabi-pumpkin-katsu-curry-rice-450g,,2024-08-20T22:30:28.199757-04:00
66-2366-DAI,Sainsbury's Chinese Chicken In Satay Sauce with Jasmine Rice Ready Meal For 1 400g,Sainsbury's,"Dairy, eggs & chilled",Ready meals,All ready meals,,£3.30,,,£8.25 / kg,8165538.0,"Cooked marinated chicken breast pieces in a peanut and coconut sauce, served with jasmine rice",,https://assets.sainsburys-groceries.co.uk/gol/8165538/1/640x640.jpg,,,https://www.sainsburys.co.uk/gol-ui/product/sainsburys-chicken-satay-with-jasmine-rice-400g,,2024-08-20T22:30:49.756194-04:00
66-2367-DAI,Charlie Bigham's Smoked Haddock Gratin 650g,Charlie,"Dairy, eggs & chilled",Ready meals,All ready meals,,£9.50,,£8.50,£14.62 / kg,8181592.0,"Smoked haddock in a crème fraîche and white wine sauce with spinach, topped with a potato rosti and mature Cheddar crumb.",,https://assets.sainsburys-groceries.co.uk/gol/8181592/1/640x640.jpg,,"Smoked Haddock (28%) (Haddock (Fish), Salt, Colour: Curcumin), Milk, Potatoes (14%), Cheddar Cheese (Milk), Cream (Milk), Spinach (7%), Wheat Flour (Wheat Flour, Calcium Carbonate, Iron, Niacin, Thiamin), Crème Fraîche (Milk), Butter (Milk), Onions, White Wine (Preservative: Sulphur Dioxide), Parsley, Rapeseed Oil, Water, Lemon Juice, Salt, Dill, Garlic Purée, White Pepper, Yeast, Fish, Dried Potato, Sunflower Oil, Dried Cod (Fish), Lemon Juice Concentrate, Anchovy (Fish), Onion Powder",https://www.sainsburys.co.uk/gol-ui/product/charlie-bighams-smoked-haddock-gratin-650g,,2024-08-20T22:30:57.674255-04:00
66-2368-DAI,Jake & Nayns' Naanster Chickpea Curry Filled Naan 185g,Jake,"Dairy, eggs & chilled",Naans & meal sides,All naans & meals sides,,£2.50,,,£1.35 / 100g,7850862.0,A Vibrant Curry Sauce with Chunky Chickpeas Served with Pilau Rice & Dotted with Mango Chutney,,https://assets.sainsburys-groceries.co.uk/gol/7850862/1/640x640.jpg,"Nutrient	Per 100g	Per Product 185g	*Reference Intake(Adult)
Energy (kJ)	858	1587	8400kJ
Energy (kcal)	204	377	2000kcal
Fat (g)	5.7	10.5	70g
of which saturates (g)	1.3	2.4	20g
Carbohydrate (g)	30.7	56.8	260g
of which sugars (g)	2.7	5.0	90g
Fibre (g)	3.7	6.8	24g
Protein (g)	5.6	10.4	50g
Salt (g)	1.01	1.87	6g","Naan Bread 48% (Wheat Flour (Wheat Flour, Calcium Carbonate, Niacin, Iron, Thiamin), Water, Coconut Milk (Coconut, Water), Yeast, Rapeseed Oil, Sugar, Salt, Raising Agent (Disodium Diphosphate, Sodium Bicarbonate, Wheat Flour (Calcium, Iron, Niacin, Thiamin), Cumin Seeds, Black Onion Seeds), Sauce 32% (Onion, Cauliflower, Chick Peas 5% (Chick Peas, Water, Salt),Coconut Milk (Coconut, Water), Tomato, Water, Tomato Paste, Rapeseed Oil, Ginger, Garlic, Maize Starch, Salt, Coriander Powder, Chopped Green Chilli, Chopped Coriander, Sugar, Lemon Juice (Lemon Juice, Preservative (Potassium Metabisulfite)), Cumin Powder, Chilli Powder, Paprika Powder, Red Chilli Flakes, Cardamom Powder, Garam Masala (Coriander, Cinnamon Ground, Ginger, Cumin, Chilli, Black Pepper, Cloves, Nutmeg, Cardamom, Bay Leaf), Turmeric Powder, Cumin Seeds, Cinnamon Powder, Clove Powder, Black Pepper), Pilau Rice 9% (Rice (Water, Rice), Carrots, Peas, Cumin Seeds, Turmeric Powder, Bay Leaf Powder, Cardamom Powder, Cinnamon Powder), Mango Chutney 5% (Sugar, Mango Slices, Sugar Cane Vinegar, Salt, Chilli Powder, Ginger Powder, Garlic Powder, Turmeric Powder)",https://www.sainsburys.co.uk/gol-ui/product/jake-nayns-naanster-chickpea-curry-filled-naan-185g,,2024-08-20T22:31:10.944166-04:00
66-2369-DAI,Stamford Street Co. Beef Lasagne 400g,Stamford,"Dairy, eggs & chilled",Ready meals,All ready meals,,£2.29,,,£5.73 / kg,8145143.0,British beef ragù between layers of pasta topped with a béchamel sauce and Mozzarella and Cheddar cheese,,https://assets.sainsburys-groceries.co.uk/gol/8145143/1/640x640.jpg,,,https://www.sainsburys.co.uk/gol-ui/product/stamford-street-lasagne-400g,,2024-08-20T22:31:32.430638-04:00
66-2370-DAI,Plant Pioneers No Pork Snack Pies x4 260g,Plant,"Dairy, eggs & chilled",,,,£2.60,,,£10.00 / kg,8041461.0,"Pea protein blended with seasonings, spices and herbs baked in pastry",,https://assets.sainsburys-groceries.co.uk/gol/8041461/1/640x640.jpg,,,https://www.sainsburys.co.uk/gol-ui/product/plant-pioneers-no-pork-snack-pies-x4-260g,,2024-08-20T22:31:58.732165-04:00
66-2371-DAI,"Sainsbury's Chicken Arrabbiata Pasta Ready Meal For 1, Be Good To Yourself 350g",Sainsbury's,"Dairy, eggs & chilled",,,,£3.50,,,£10.00 / kg,8121985.0,Penne pasta and chicken in a tomato and chilli sauce,,https://assets.sainsburys-groceries.co.uk/gol/8121985/1/640x640.jpg,,,https://www.sainsburys.co.uk/gol-ui/product/sainsburys-chicken-arrabiatta-be-good-to-yourself-350g,,2024-08-20T22:32:25.431553-04:00
66-2372-DAI,Wasabi Chicken Katsu Yakisoba 450g,Wasabi,"Dairy, eggs & chilled",Discover,Simple meals,,£4.50,,,£10.00 / kg,7954944.0,"Fried wheat noodle with cabbage, white onion, carrot and green pea, served with breaded chicken breast and teriyaki sauce sachet",,https://assets.sainsburys-groceries.co.uk/gol/7954944/1/640x640.jpg,"Nutrient	as consumed per 100g
Energy (KJ)	684
Energy (Kcal)	162
Fat (g)	5.1
of which saturate fat (g)	0.3
Carbohydrate (g)	24.7
of which sugar (g)	5.3
Protein (g)	5.8
Salt (g)	1.59","Vegetable Fried Noodle (76%) (Wheat Noodles (Water, Wheat Noodles (Wheat Flour (Wheat Flour, Calcium Carbonate, Iron, Niacin, Thiamin), Water, Salt, Turmeric, Paprika, Acidity Regulator (E330), Firming Agents (E501, E500)), Cabbage, White Onion, Rapeseed Oil, Noodle Sauce (Water, Sugar, Spirit Vinegar, Salt, Onion Puree, Molasses, Tamarind Paste, Cornflour, Garlic Puree, Ground Cloves, Ginger Puree), Teriyaki Sauce (Soy Sauce (Water, Soybean, Wheat, Salt), Wine (Sulphur Dioxide), Sugar, Water, Spirit Vinegar, Salt, Spice Extracts, Onion Powder, Garlic Powder), Carrot, Green Pea, Stir-Fried Sauce (Water, Sugar, Salt, Molasses, Yeast Extract, Non-Modified Starch, Barley Malt Extract, Garlic Extract), Dark Soy Sauce (Water, Soybean, Sugar, Salt, Wheat Flour), Sugar, Sesame Oil, Flavour Enhancer (E621)), Breaded Chicken Breast (18%) (Chicken Breast, Batter Mix (Water, Flour Mix (Wheat Flour (Wheat Flour, Calcium Carbonate, Iron, Niacin, Thiamin), Salt)), Breadcrumb (Wheat Flour (Wheat Flour, Calcium, Carbonate, Iron, Niacin, Thiamin), Yeast, Sunflower Oil, Sugar, Acid (E270), Antioxidant (E300)), Brine Mix (Water, Maize Starch, Salt, Acidity Regulator (E500), Spirit Vinegar Powder, Tapioca Starch, Dried Glucose Syrup), Predust (Wheat Flour (Wheat Flour, Calcium Carbonate, Iron, Niacin, Thiamin), Rice), Rapeseed Oil, Panko Breadcrumb (Wheat Flour, Vegetable Oil (Palm Oil, Antioxidant (E306)), Salt, Yeast, Colour (E160(c)))), Teriyaki Sauce Sachet (Sugar, Soy Sauce (Water, Soybean, Wheat, Salt, Alcohol), Water, Sake, Modified Maize Starch, Colour (E150(c)))",https://www.sainsburys.co.uk/gol-ui/product/wasabi-sushi-bento-chicken-katsu-yakisoba-450g,,2024-08-20T22:32:38.512569-04:00
66-2373-DAI,Wasabi Hot K-wings with Hot Sauce 230g,Wasabi,"Dairy, eggs & chilled",Ready meals,All ready meals,,£2.75,,,£11.96 / kg,7986889.0,Fried Korean style bone-in chicken wings with a sweet and spicy sauce with sugars and sweetener,,https://assets.sainsburys-groceries.co.uk/gol/7986889/1/640x640.jpg,"Nutrient	as consumed per 100g	as consumed per pack
Energy (KJ)	913	2100
Energy (Kcal)	218	500
Fat (g)	10.2	23.4
of which saturate fat (g)	2.5	5.8
Carbohydrate (g)	11.7	26.8
of which sugar (g)	6.5	15.0
Protein (g)	19.9	45.7
Salt (g)	1.11	2.56","Bone-in Chicken Wings (67%), Sweet and Spicy Sauce (15%) (Sweet Chilli Sauce (Sugar, Water, Red Pepper, Garlic, Salt, Modified Corn Starch, Corn Syrup, High Fructose Corn Syrup, Onion, Red Pepper Paste (Water, Corn Syrup, Wheat Flour, Wheat, Salt, Red Pepper Powder, Roasted Soybean Powder, Alcohol, Garlic, Flavour Enhancer (E621), Soybean, Onion, Fermented Soybean), Distilled Vinegar, Tomato Paste, Crushed Pineapple, Pineapple Extract, Soybean Sauce (Water, Defatted Soybean, Salt, Wheat Flour, Alcohol), Alcohol, Red Pepper Powder, Stabiliser (E415), Yeast Extract Powder, Colour (E160(c)), Flavour Enhancer (E621), Black Pepper Powder, Acidity Regulators (E260, E330, E331), Oleoresin Capsicum, Sweetener (E950), Cinnamon Powder, Flavouring), Carolina Reaper Chilli Powder), Batter Mix (Water, Wheat Flour (Wheat Flour, Calcium Carbonate, Iron, Niacin, Thiamin), Maize Starch, Modified Maize Starch, Salt, Spices (Cayenne Chilli, Black Pepper, Cumin), Flavour Enhancers (E621, E635), Raising Agents (E450(i), E500(ii)), Garlic Powder, Onion Powder, Stabiliser (E412), Turmeric Extract), Marinade Mix (Water, Flavour Enhancer (E621), Sugar, Salt), Rapeseed Oil, Durum Wheat Semolina, Salt",https://www.sainsburys.co.uk/gol-ui/product/wasabi-hot-k-wings-with-hot-sauce-265g,,2024-08-20T22:32:52.220982-04:00
66-2374-DAI,"Sainsbury's Truffle Mac & Cheese, Limited Edition, Taste the Difference 375g",Sainsbury's,"Dairy, eggs & chilled",Ready meals,All ready meals,,£4.25,,,£11.33 / kg,8144998.0,"Gobetti pasta in a sauce made with extra mature Cheddar cheese, vintage Cheddar cheese and white truffle infused sunflower oil, topped with black truffle ciabatta crumbs",,https://assets.sainsburys-groceries.co.uk/gol/8144998/1/640x640.jpg,,,https://www.sainsburys.co.uk/gol-ui/product/sainsburys-truffle-mac-cheese-limited-edition-taste-the-difference-375g,,2024-08-20T22:33:13.211296-04:00
66-2375-DAI,Sainsbury's Plant Pioneers Tofu Burrito 400g,Sainsbury's,"Dairy, eggs & chilled",Ready meals,All ready meals,,£3.50,,,£8.75 / kg,8137559.0,"Bar marked tortilla wrap filled with marinated tofu, vegetables and rice",,https://assets.sainsburys-groceries.co.uk/gol/8137559/1/640x640.jpg,,,https://www.sainsburys.co.uk/gol-ui/product/sainsburys-plant-pioneers-tofu-burrito-400g,,2024-08-20T22:33:34.554056-04:00
66-2376-DAI,Sainsbury's Hot Chicken Tikka Masala 400g,Sainsbury's,"Dairy, eggs & chilled",Ready meals,All ready meals,,£4.25,,£3.75,£10.63 / kg,8155466.0,"Marinated chicken in a spicy onion, cream, tomato and coriander sauce",,https://assets.sainsburys-groceries.co.uk/gol/8155466/1/640x640.jpg,,,https://www.sainsburys.co.uk/gol-ui/product/sainsburys-hot-chicken-tikka-masala-400g,,2024-08-20T22:33:50.890278-04:00
66-2377-DAI,La Famiglia Rana Classic Italian Tagliatelle Bolognese Recipe Kit 408g,La,"Dairy, eggs & chilled",Ready meals,All ready meals,,£4.00,,,£9.80 / kg,8142483.0,Fresh Egg Pasta (24%) with Tomato and Pork and Beef Sauce (74%) and P.D.O. Parmigiano Reggiano Cheese Garnish(2%).,,https://assets.sainsburys-groceries.co.uk/gol/8142483/1/640x640.jpg,,"Bolognese Sauce With Tomato, Pork and Beef: Tomato Purée 41%, Water, Pork 9%, Beef 8%, Carrots, Onion, Grated Cheese (from Milk), Natural Flavourings, Celery, Extra Virgin Olive Oil, Salt, Thyme, Oregano, Rosemary, Spice Extract., Fresh Egg Pasta: Durum Wheat Semolina, Eggs 18%, Water, *P.D.O. Parmigiano Reggiano Cheese: Milk, Salt, Rennet, *P.D.O.: Protected Designation of Origin",https://www.sainsburys.co.uk/gol-ui/product/la-famiglia-rana-classic-italian-tagliatelle-bolognese-recipe-kit-408g,,2024-08-20T22:34:04.029020-04:00
66-2378-DAI,Sainsbury's Indian Hot Chicken Tikka Masala & Cumin Rice Ready Meal For 1 400g,Sainsbury's,"Dairy, eggs & chilled",,,,£3.30,,£2.75,£8.25 / kg,8121989.0,"Cooked marinated chicken breast pieces in a spicy onion, cream, tomato and cashew nut sauce, served with cooked cumin rice",,https://assets.sainsburys-groceries.co.uk/gol/8121989/1/640x640.jpg,,,https://www.sainsburys.co.uk/gol-ui/product/sainsburys-meal-for-1-hot-chicken-tikka-masala-cumin-rice-400g,,2024-08-20T22:34:25.532765-04:00
66-2379-DAI,Sainsbury's Flourish Creamy Chicken & Greens Ready Meal for 1 380g,Sainsbury's,"Dairy, eggs & chilled",Ready meals,All ready meals,,£3.75,,£3.00,£9.87 / kg,8137555.0,"Marinated chicken in a creamy white wine and mushroom sauce with broccoli, green beans and baby spinach, served with long grain and wild rice cooked with peas and sweetcorn",,https://assets.sainsburys-groceries.co.uk/gol/8137555/1/640x640.jpg,,,https://www.sainsburys.co.uk/gol-ui/product/sainsburys-flourish-creamy-chicken-greens-380g,,2024-08-20T22:34:41.836371-04:00
66-2380-DAI,Wasabi Home Bento Chicken Teriyaki with Yakisoba Noodles 430g,Wasabi,"Dairy, eggs & chilled",Ready meals,All ready meals,,£4.50,,,£10.47 / kg,8191356.0,"Fried wheat noodles with cabbage, white onion, carrot, green pea, served with teriyaki sauce, chargrilled chicken thigh mixed with carrot and edamame bean",,https://assets.sainsburys-groceries.co.uk/gol/8191356/1/640x640.jpg,"Nutrient	as consumed per 100g	as consumed per pack
Energy (kJ/ kcal)	563/ 134	2302/ 549
Fat (g)	4.4	17.9
of which saturate fat (g)	0.7	2.8
Carbohydrate (g)	17.4	71.0
of which sugar (g)	7.6	31.2
Protein (g)	5.4	22.1
Salt (g)	1.60	6.55","Vegetable Fried Noodle (49%) (Wheat Noodles (Water, Wheat Flour (Wheat Flour, Calcium, Iron, Niacin, Thiamin), Water, Salt, Turmeric, Paprika, Acidity Regulator (E330), Firming Agents (E501, E500)), Rapeseed Oil, Cabbage, Noodle Sauce (Yakisoba Sauce (Water, Sugar, Spirit Vinegar, Salt, Onion Puree, Molasses, Tamarind Paste, Cornflour, Garlic Puree, Cloves, Ginger Puree), Teriyaki Sauce (Soy Sauce (Water, Soybean, Wheat, Salt), Wine (Sulphur Dioxide), Sugar, Water, Spirit Vinegar, Salt, Spice Extracts, Onion Powder, Garlic Powder), Stir-Fried Sauce (Water, Sugar, Salt, Molasses, Yeast Extract, Non-Modified Starch, Barley Malt Extract, Garlic Extract), Dark Soy Sauce (Water, Soybean, Sugar, Salt, Wheat Flour), Sugar, Flavour Enhancer (E621)), White Onion, Green Peas, Rapeseed Oil, Carrot, Sesame Oil), Teriyaki Sauce (26%) (Water, Sugar, Teriyaki Sauce (Sugar, Soy Sauce (Water, Soybean, Wheat, Salt, Alcohol (Ethanol)), Water, Sake (Water, Rice, Koji, Yeast), Thickeners (E1422, E415), Colour (E150(c))), Soy Sauce (Water, Soybean, Wheat, Salt), Mirin (Glucose Syrup, Water, Spirit Vinegar, Fermented Rice Alcohol (Water, Rice, Alcohol, Salt, Rice Malt), Sugar, Acidity Regulator (E330), Cane Molasses), Potato Starch, Dark Soy Sauce (Water, Soybean, Sugar, Salt, Wheat Flour), Garlic Puree, Sesame Oil, Honey, Rapeseed Oil, Ginger Puree, Spirit Vinegar, Flavour Enhancer (E621)), Chargrilled Chicken Thigh (16%) (Chicken Thigh, Marinade Mix (Water, Maize Starch, Salt, Acidity Regulator (E500), Spirit Vinegar Powder, Tapioca Starch, Dried Glucose Syrup)), Carrot, Edamame Bean (Soybean)",https://www.sainsburys.co.uk/gol-ui/product/wasabi-home-bento-chicken-teriyaki-with-yakisoba-noodles-430g,,2024-08-20T22:34:55.074502-04:00
66-2381-DAI,"Sainsbury's Barbacoa Beef Brisket, Taste the Difference 380g",Sainsbury's,"Dairy, eggs & chilled",Ready meals,All ready meals,,£4.25,,£3.50,£11.18 / kg,8185497.0,Cooked marinated beef with garlic mashed potatoes in a spiced tomato sauce with pickled style onions and red peppers.,,https://assets.sainsburys-groceries.co.uk/gol/8185497/1/640x640.jpg,,,https://www.sainsburys.co.uk/gol-ui/product/sainsburys-barbacoa-beef-brisket-taste-the-difference-380g,,2024-08-20T22:35:11.670642-04:00
66-2382-DAI,Kirstys Lentil Cottage Pie with Sweet Potato Mash 400g,Kirstys,"Dairy, eggs & chilled",Ready meals,All ready meals,,£3.50,,,£8.75 / kg,7971332.0,Vegetables and Lentils in a Tomato and Herb Sauce Topped with Sweet Potato Mash,,https://assets.sainsburys-groceries.co.uk/gol/7971332/1/640x640.jpg,"Nutrient	per 100g	per meal (oven baked)*
Energy kJ	310kJ	1181kJ
Energy kcal	74kcal	282kcal
Fat	2.8g	10.5g
(of which saturates)	0.2g	0.9g
Carbohydrates	9.3g	35.6g
(of which sugars)	3.1g	11.7g
Fibre	2.1g	8.1g
Protein	1.9g	7.4g
Salt	0.41g	1.57g","Lentil Sauce (50%) [Water, Carrots (12%), Swede (12%), Mushrooms (10%), Chopped Tomatoes [Tomatoes, Tomato Juice, Citric Acid], Leeks (7%), Onion, Green Lentils (4%), Red Wine, Tomato Puree, Cornflour, Vegetable Stock [Salt, Maltodextrin, Rice Flour, Vegetables [Onion, Carrot, Parsnip], Yeast Extract, Sunflower Oil, Parsley, Turmeric], Vegetable Oil, Garlic Puree, Agave Syrup, Sage Dried, Thyme Dried, Black Pepper Ground], Mash (50%) [Potato, Sweet Potato (29%), Vegetable Oil, Salt, White Pepper Ground]",https://www.sainsburys.co.uk/gol-ui/product/kirstys-lentil-cottage-pie-with-sweet-potato-mash-400g,,2024-08-20T22:35:24.921284-04:00
66-2383-DAI,itsu Ramen Ready Spicy Broth 86g,itsu,"Dairy, eggs & chilled",,,,£1.50,,,£17.44 / kg,8166200.0,Wheat noodles with a chilli & sesame miso based broth.,,https://assets.sainsburys-groceries.co.uk/gol/8166200/1/640x640.jpg,"Nutrient	as sold per: 100g	as sold per: pack
Energy (kJ) / (kcal)	274 / 65	1152 / 272
Fat (g)	0.7	3.1
of which saturates (g)	0.1	0.5
Carbohydrate (g)	12	51
of which sugars (g)	1.0	4.2
Fibre (g)	1.0	4.2
Protein (g)	1.9	8.1
Salt (g)	0.72	3.0","Ramen Noodles (73%) (Wheat Flour, Water, Salt), Broth Paste (27%) (Soya Bean Paste [Water, Soya Beans, Rice, Salt], Water, Sugar, Sesame Seed Paste, Salt, Sesame Oil, Yeast Extract Powder, Rice Bran Oil, Alcohol, Yeast Extract, Rice Vinegar, Paprika Powder, Onion Powder, Chilli Powder, Garlic Powder, Ginger Powder, Black Pepper)",https://www.sainsburys.co.uk/gol-ui/product/itsu-ramen-ready-spicy-broth-86g,,2024-08-20T22:35:42.825906-04:00
66-2384-DAI,Charlie Bigham's Chicken Korma & Pilau Rice 810g,Charlie,"Dairy, eggs & chilled",Ready meals,All ready meals,,£9.50,,,£11.73 / kg,8158003.0,,,https://assets.sainsburys-groceries.co.uk/gol/8158003/1/640x640.jpg,,"Cooked Rice (Water, Rice), Chicken (20%), Coconut, Onions, Flaked Almonds, Water, Butter (Milk), Rapeseed Oil, Lemon Juice, Ginger Purée, Sugar, Salt, Cornflour, Garlic Purée, Parsley, Ground Cumin, Ground Coriander, Mustard Seeds, Ground Cardamom, Turmeric, Ground White Pepper, Ground Fenugreek, Mustard Powder, Ground Turmeric, Cumin Seeds, Ground Ginger, Ground Cinnamon, Coriander Seeds, Chilli Powder, Ground Black Pepper, Ground Dill, Ground Mace, Ground Cloves, Ground Bay Leaves, Secret ingredient: Obsession",https://www.sainsburys.co.uk/gol-ui/product/charlie-bighams-chicken-korma-pilau-rice-810g,,2024-08-20T22:36:01.200096-04:00
66-2385-DAI,"Sainsbury's Ready Meal Main Dish For 2 Sweet & Sour Chicken, Taste the Difference 350g",Sainsbury's,"Dairy, eggs & chilled",Ready meals,All ready meals,,£4.25,,£3.75,£12.14 / kg,8168539.0,Fried battered chicken breast pieces in a sweet and sour sauce with peppers and pineapple,,https://assets.sainsburys-groceries.co.uk/gol/8168539/1/640x640.jpg,,,https://www.sainsburys.co.uk/gol-ui/product/sainsburys-main-dish-sweet-sour-chicken-taste-the-difference-350g,,2024-08-20T22:36:17.346137-04:00
66-2386-DAI,"Sainsbury's Beef Papardelle Pasta Ready Meal for 1, Taste the Difference 350g",Sainsbury's,"Dairy, eggs & chilled",Discover,Simple meals,,£4.25,,,£12.14 / kg,8120288.0,"Pappardelle pasta with British beef, sundried tomato and red wine sauce with Parmigiano Reggiano D.O.P cheese",,https://assets.sainsburys-groceries.co.uk/gol/8120288/1/640x640.jpg,,,https://www.sainsburys.co.uk/gol-ui/product/sainsburys-beef-papardelle-pasta-ready-meal-for-1-taste-the-difference-350g,,2024-08-20T22:36:39.193635-04:00
66-2387-DAI,Sainsbury's Flourish Caribbean Style Jerk Chicken 380g (Serves 1),Sainsbury's,"Dairy, eggs & chilled",Discover,Meals for tonight,,£3.75,,£3.00,£9.87 / kg,8133373.0,"A mix of basmati rice, brown rice, black turtle beans, black eyed beans in a spicy pepper sauce topped with cooked marinated chicken breast, a carrot, sweet potato and onion coleslaw and a yellow pepper and chilli relish.",,https://assets.sainsburys-groceries.co.uk/gol/8133373/1/640x640.jpg,,,https://www.sainsburys.co.uk/gol-ui/product/sainsburys-flourish-caribbean-style-jerk-chicken-380g,,2024-08-20T22:36:55.506869-04:00
66-2388-DAI,itsu Ramen Ready Original Broth 86g,itsu,"Dairy, eggs & chilled",,,,£1.50,,,£17.44 / kg,8166203.0,Wheat noodles with a chicken flavour and sesame miso based broth.,,https://assets.sainsburys-groceries.co.uk/gol/8166203/1/640x640.jpg,"Nutrient	as sold per: 100g	as sold per: pack
Energy (kJ) / (kcal)	309 / 73	1296 / 307
Fat (g)	1.0	4.3
of which saturates (g)	0.2	0.7
Carbohydrate (g)	13	56
of which sugars (g)	0.9	3.8
Fibre (g)	1.0	4.2
Protein (g)	2.2	9.2
Salt (g)	0.82	3.5","Ramen Noodles (73%) (Wheat Flour, Water, Salt), Broth Paste (27%) (Soybean Paste [Water, Soya Beans, Rice, Salt], Water, Sesame Seed Paste, Sesame Oil, Sugar, Yeast Extract Powder, Rice Bran Oil, Salt, Yeast Extract, Alcohol, Onion Powder, Paprika Powder, Garlic Powder, Chilli Powder, Ginger Powder, Black Pepper)",https://www.sainsburys.co.uk/gol-ui/product/itsu-ramen-ready-original-broth-86g,,2024-08-20T22:37:13.393675-04:00
66-2389-DAI,Charlie Bigham's Salmon En Croute 440g,Charlie,"Dairy, eggs & chilled",Ready meals,All ready meals,,£9.50,,,£22.62 / kg,8037857.0,,,https://assets.sainsburys-groceries.co.uk/gol/8037857/1/640x640.jpg,,"Wheat Flour (Wheat Flour, Calcium Carbonate, Iron, Niacin, Thiamin), Salmon (23%) (Fish), Cream (Milk), Milk, Water, Spinach, Smoked Salmon (5%) (Salmon (Fish), Salt, Oak Wood Smoke), Butter (Milk), Rapeseed Oil, Sustainable Palm Oil, Salt, Parsley, Lemon Juice, Fish Stock (Dried Potatoes, Dried Cod (Fish), Salt, Fish Extract, Sunflower Oil, Lemon Juice Concentrate, Anchovy (Fish), Onion Powder), White Pepper, Secret ingredient: Obsession",https://www.sainsburys.co.uk/gol-ui/product/charlie-bighams-salmon-en-croute-420g,,2024-08-20T22:37:31.749645-04:00
66-2390-DAI,Stamford Street Co. Fish Pie 400g (Serves 1),Stamford,"Dairy, eggs & chilled",Ready meals,All ready meals,,£2.49,,,£6.23 / kg,8145151.0,Pollock in a creamy parsley sauce topped with mashed potato.,,https://assets.sainsburys-groceries.co.uk/gol/8145151/1/640x640.jpg,,,https://www.sainsburys.co.uk/gol-ui/product/sainsburys-stamford-street-co-fish-pie-400g,,2024-08-20T22:37:53.033627-04:00
66-2391-DAI,Squeaky Bean Spanish Chorizo Style Slices 90g,Squeaky,"Dairy, eggs & chilled",Ready meals,All ready meals,,£3.00,,£2.40,£33.33 / kg,8113586.0,Plant-Based Spicy Slices Made from Wheat Gluten and Red Peppers.,,https://assets.sainsburys-groceries.co.uk/gol/8113586/1/640x640.jpg,"Nutrient	Per 100g
Energy	1122kJ / 268kcal
Fat	13g
Of which Saturates	8.5g
Carbohydrates	8.9g
Of which Sugars	3.2g
Fibre	4.1g
Protein	26g
Salt	2.99g","Water, Wheat Gluten (33%), Coconut Oil, Wheat Starch, Sunflower Oil, Iodised Salt (Sea Salt, Potassium Iodate), Tomato Concentrate, Beetroot Powder, Ground Spices (Smoked Paprika, Sweet Paprika, Chili Pepper, Black Pepper, Cumin, Nutmeg, Cardamom, Coriander), Antioxidant: Ascorbic Acid, Natural Flavourings, Red Peppers (1%), Dextrose, Apple Vinegar, Onion Powder, Inactive Yeast, Garlic, Dried Herbs (Fenugreek, Thyme)",https://www.sainsburys.co.uk/gol-ui/product/squeaky-bean-spanish-chorizo-style-slices-90g,,2024-08-20T22:38:01.017062-04:00
66-2392-DAI,Sainsbury's Mini G&C Naan 4x50g,Sainsbury's,"Dairy, eggs & chilled",Naans & meal sides,Naan breads,,£1.50,4 for £1.50,,£7.50 / kg,8058169.0,4 Naan breads made with garlic and coriander,,https://assets.sainsburys-groceries.co.uk/gol/8058169/1/640x640.jpg,,,https://www.sainsburys.co.uk/gol-ui/product/sainsburys-mini-g-c-naan-4x50g,4x50g,2024-08-20T22:38:22.420224-04:00
66-2393-DAI,Sainsbury's Tomato & Mozzarella Gnocchi 400g,Sainsbury's,"Dairy, eggs & chilled",Ready meals,All ready meals,,£3.30,,,£8.25 / kg,8144025.0,"Tomato and balsamic vinegar sauce with gnocchi, topped with Mozzarella and mature Cheddar cheese",,https://assets.sainsburys-groceries.co.uk/gol/8144025/1/640x640.jpg,,,https://www.sainsburys.co.uk/gol-ui/product/sainsburys-tomato-mozzarella-gnocchi-400g,,2024-08-20T22:38:43.908271-04:00
66-2394-DAI,Sainsbury's Flourish Roast Butternut Squash Risotto 350g (Serves 1),Sainsbury's,"Dairy, eggs & chilled",Discover,Meals for tonight,,£2.75,,£2.00,£7.86 / kg,8133381.0,"Butternut squash risotto rice and quinoa with roasted butternut squash, cabbage and kale.",,https://assets.sainsburys-groceries.co.uk/gol/8133381/1/640x640.jpg,,,https://www.sainsburys.co.uk/gol-ui/product/sainsburys-flourish-roast-butternut-squash-risotto-350g,,2024-08-20T22:39:00.319030-04:00
66-2395-DAI,"Sainsbury's Ready Meal Side For 2 Gunpowder Potatoes, Taste the Difference 250g",Sainsbury's,"Dairy, eggs & chilled",Ready meals,All ready meals,,£3.00,,,£12.00 / kg,8168528.0,"Roasted potatoes marinated in yogurt, butter and spices, topped with spring onion",,https://assets.sainsburys-groceries.co.uk/gol/8168528/1/640x640.jpg,,,https://www.sainsburys.co.uk/gol-ui/product/sainsburys-gunpowder-potatoes-taste-the-difference-250g,,2024-08-20T22:39:21.692681-04:00
66-2396-DAI,Plant Pioneers Vegan No Chicken Sweet & Sour with Tofu Fried Rice Ready Meal for 1 400g,Plant,"Dairy, eggs & chilled",Discover,Meals for tonight,,£3.50,,,£8.75 / kg,8031772.0,"Cooked marinated soya protein pieces in a sweet and sour sauce with onion, red pepper and pineapple, served with cooked long grain rice with tofu and peas",,https://assets.sainsburys-groceries.co.uk/gol/8031772/1/640x640.jpg,,,https://www.sainsburys.co.uk/gol-ui/product/plant-pioneer-s-s-tofu-fried-rice-400g,,2024-08-20T22:39:43.109867-04:00
66-2397-DAI,Wasabi Home Bento BBQ Beef with Yakisoba Noodles 400g,Wasabi,"Dairy, eggs & chilled",Ready meals,All ready meals,,£4.50,,,£11.25 / kg,8157618.0,"Fried wheat noodle with cabbage, white onion, carrot and green pea, served with marinated beef, carrot, edamame bean, red and yellow pepper",,https://assets.sainsburys-groceries.co.uk/gol/8157618/1/640x640.jpg,"Nutrient	as consumed per 100g	as consumed per pack
Energy (kJ/ kcal)	543/ 129	1974/ 469
Fat (g)	3.0	10.9
of which saturate fat (g)	0.5	1.7
Carbohydrate (g)	19.8	71.8
of which sugars (g)	6.0	22.0
Protein (g)	6.3	22.9
Salt (g)	1.30	4.74","Vegetable Fried Noodle (73%) (Wheat Noodles (Water, Wheat Noodles (Wheat Flour (Wheat Flour, Calcium Carbonate, Iron, Niacin, Thiamin), Water, Salt, Turmeric, Paprika, Acidity Regulator (E330), Firming Agents (E501, E500)), Cabbage, White Onion, Rapeseed Oil, Noodle Sauce (Water, Sugar, Spirit Vinegar, Salt, Onion Puree, Molasses, Tamarind Paste, Cornflour, Garlic Puree, Ground Cloves, Ginger Puree), Teriyaki Sauce (Soy Sauce (Water, Soybean, Wheat, Salt), Wine (Sulphur Dioxide), Sugar, Water, Spirit Vinegar, Salt, Spice Extracts, Onion Powder, Garlic Powder), Carrot, Green Pea, Stir-Fried Sauce (Water, Sugar, Salt, Molasses, Yeast Extract, Non-Modified Starch, Barley Malt Extract, Garlic Extract), Dark Soy Sauce (Water, Soybean, Sugar, Salt, Wheat Flour), Sugar, Sesame Oil, Flavour Enhancer (E621)), Marinated Beef (Beef (7%), Marination (Teriyaki Sauce (Sugar, Soy Sauce (Water, Soybean, Wheat, Salt, Alcohol (Ethanol)), Water, Sake, Modified Starch, Colour (E150(c))), Water, Pear Puree (Pear Puree, Antioxidant (E300)), Glucose Syrup, Sugar, Kombu Dashi (Flavour Enhancers (E621, E635), Salt, Glucose, Dried Kelp Powder, Sugar, Kelp Extract (Dextrin, Kelp, Flavour Enhancer (E621), Salt), Garlic Puree, Salt, Onion Puree, Ginger Puree, White Pepper, Barbeque Sauce (3%) (Teriyaki Sauce (Soy Sauce (Soybean, Wheat, Salt), Wine (Sulphur Dioxide), Sugar, Water, Spirit Vinegar, Salt, Spice Extracts, Onion Powder, Garlic Powder), Tomato Ketchup (Water, Tomato Paste, Glucose Syrup, Malt Vinegar (Barley), Sugar, Maize Starch, Salt, Colour (E150(c)), Acidity Regulator (E330), Onion Powder, Garlic Powder, Black Pepper, Clove), Sweet Chilli (Water, Sugar, Chilli (Chilli, Water, Salt, Acidity Regulator (E260), Garlic, Modified Tapioca Starch, Salt, Acidity Regulator (E260)), Mirin (Glucose Syrup, Water, Spirit Vinegar, Fermented Rice Alcohol (Water, Rice, Alcohol, Rice Malt) Sugar, Acidity Regulator (E330), Cane Molasses), Teriyaki Sauce (Sugar (Soy Sauce (Water, Soybean, Wheat, Salt, Alcohol (Ethanol)), Water, Sake (Water, Rice, Koji), Modified Starch, Colour (E150(c)), Thickener (E415)), Red Pepper Paste, Corn Flour), Carrot, Edamame Bean (Soybean), Red Pepper, Yellow Pepper, Rapeseed Oil",https://www.sainsburys.co.uk/gol-ui/product/wasabi-home-bento-bbq-beef-with-yakisoba-noodles-400g,,2024-08-20T22:39:56.340343-04:00
66-2398-DAI,Wasabi Spicy Chicken Ramen 315g,Wasabi,"Dairy, eggs & chilled",Ready meals,All ready meals,,£4.50,,,£14.29 / kg,8191213.0,"Cooked turmeric noodles with white cabbage and onions, cooked portobello mushrooms, spring onions, pickled ginger and seared marinated chicken in sweet chilli sauce, in a ramen broth with sugars and sweeteners",,https://assets.sainsburys-groceries.co.uk/gol/8191213/1/640x640.jpg,"Nutrient	as consumed per 100g
Energy (kJ)	217
Energy (kcal)	52
Fat (g)	1.3
of which saturates (g)	0.3
Carbohydrate (g)	6.6
of which sugars (g)	1.1
Protein (g)	3.6
Salt (g)	0.71","Cooked Turmeric Noodles (43%) (Water, Turmeric Noodles (Wheat Flour (Wheat Flour, Calcium Carbonate, Iron, Niacin, Thiamin), Water, Salt, Paprika, Turmeric, Acidity Regulators (E501, E330, E500)), Rapeseed Oil), Vegetable Mix (Cooked Vegetables (White Cabbage, White Onion, Rapeseed Oil), Cooked Mushroom (Portobello Mushroom, Rapeseed Oil), Spring Onions, Pickled Ginger (Ginger, Water, Salt, Acidity Regulators (E260, E330), Preservative (E202), Sweeteners (E951*, E954, E955), Colour (E163))), Seared Marinated Chicken Thigh (Chicken Thigh (16%), Sweet Chilli Sauce (Sweet Chilli Sauce (Sugar, Water, Red Pepper, Garlic, Salt, Modified Corn Starch, Acidity Regulator (E260)), Water, Corn Syrup, Sugar, High Fructose Corn Syrup, Onion, Red Pepper Paste (Water, Corn Syrup, Wheat Flour, Wheat, Salt, Red Pepper Powder, Roasted Soybean Powder, Alcohol, Garlic, Flavour Enhancer (E621), Soybean, Onion, Fermented Soybean), Garlic, Distilled Vinegar, Tomato Paste, Salt, Modified Corn Starch, Crushed Pineapple, Pineapple Extract, Soybean Sauce (Water, Defatted Soybean, Salt, Wheat Flour, Alcohol), Alcohol, Red Pepper Powder, Stabiliser (E415), Yeast Extract Powder, Colour (E160(c)), Flavour Enhancer (E621), Black Pepper Powder, Acidity Regulators (E260, E330, E331), Oleoresin Capsicum, Sweetener (E950), Cinnamon Powder, Flavouring), Brine Mix (Water, Maize Starch, Salt, Acidity Regulator (E500), Spirit Vinegar Powder, Tapioca Starch, Dried Glucose Syrup)), Ramen Broth (Ramen Stock (Stock Mix (Sugar, Yeast Extract, Salt, Dried Glucose Syrup, Garlic Powder, Onion Powder, Mushroom Extract, Modified Maize Starch, Carrot Extract, Ginger, Rapeseed Oil), Water, Vegetable Stock (Salt, Flavourings, Maltodextrin, Onion Powder, Tomato Powder, Carrot Extract Powder, Sugar, Yeast Extract, Thyme, Garlic Powder, Rapeseed Oil, Rosemary, Oregano, White Pepper), Ginger Puree, Yeast Extract, Oriental Style Seasoning (Dried Glucose Syrup, Salt, Yeast Extract, Sugar, Flavouring, Garlic Powder, Onion Powder, Coconut Flavour, Red Chilli Powder, Lemongrass Flavour, Ginger, Coriander, Turmeric, Black Pepper, Coriander Seed Oil)), Kombu Dashi (Flavour Enhancers (E621, E635), Salt, Glucose, Dried Kelp Powder, Sugar, Kelp Extract (Dextrin, Kelp, Flavour Enhancer (E621), Salt)), Red Pepper Paste (Water, Corn Syrup, Wheat Flour, Wheat, Salt, Red Pepper Powder, Soybean, Alcohol, Garlic, Onion, Flavour Enhancer (E621)), Ginger Puree, Garlic Puree, Miso Paste (Water, Soybean, Rice, Salt), Dark Soy Sauce (Water, Soybean, Sugar, Salt, Wheat Flour), Sesame Oil, Seasoning (Yeast Extract (Yeast Extract (Barely), Salt), Salt, Potato Starch, Onion Powder, Ground Sage), White Pepper), *Contains a source of phenylalanine",https://www.sainsburys.co.uk/gol-ui/product/wasabi-spicy-chicken-ramen-315g,,2024-08-20T22:40:09.617094-04:00
66-2399-DAI,Squeaky Bean Ready To Eat Chicken Style Pieces Kick of Tikka 130g,Squeaky,"Dairy, eggs & chilled",,,,£3.25,,,£25.00 / kg,8144048.0,Ready to Eat Chicken Style Pieces Made from Wheat and Pea Protein Marinated with a Tikka Seasoning.,,https://assets.sainsburys-groceries.co.uk/gol/8144048/1/640x640.jpg,"Nutrient	Per 100g
Energy	931kJ / 222kcal
Fat	9.3g
Of which Saturates	1.3g
Carbohydrates	12g
Of which Sugars	4.7g
Fibre	3.0g
Protein	21g
Salt	1.25g","Water, Vegetable Protein (16.5%) (Wheat, Pea), Tikka Seasoning (9%) (Sugar, Spices (Coriander Seed, Cumin, Nigella, Turmeric, Fenugreek Seed, Smoked Bittersweet Paprika, Cayenne Pepper, Ginger, Chilli, Black Pepper, Green Cardamom, Cinnamon, Clove), Maltodextrin, Tomato Powder, Salt, Coconut Milk Powder, Rice Flour, Garlic Powder, Onion Powder, Herbs (Fenugreek Leaf, Parsley), Natural Flavouring, Sunflower Oil, Yeast Extract Powder, Colour: Paprika Extract), Vegetable Oil (Sunflower Oil, Rapeseed Oil, in varying proportions), Wheat Gluten, Potato Protein, Pea Protein, Citrus Fibre, Preservatives: Potassium Lactate, Potassium Acetate, Flavourings, Gelling Agent: Agar, Acidity Regulator: Lactic Acid, Dextrose, Salt",https://www.sainsburys.co.uk/gol-ui/product/squeaky-bean-ready-to-eat-chicken-style-pieces-kick-of-tikka-130g,,2024-08-20T22:40:28.081335-04:00
66-2400-DAI,"Sainsbury's Green Vegetable Medley, Taste the Difference 250g",Sainsbury's,"Dairy, eggs & chilled",Ready meals,All ready meals,,£3.00,,,£12.00 / kg,8088093.0,"A mix of spring greens, peas, leeks and Tenderstem® broccoli with a roast garlic butter",,https://assets.sainsburys-groceries.co.uk/gol/8088093/1/640x640.jpg,,,https://www.sainsburys.co.uk/gol-ui/product/sainsburys-green-veg-medley-taste-the-difference-250g,,2024-08-20T22:40:49.371373-04:00
66-2401-DAI,Rustlers All Day Breakfast Pancake Stack 129g,Rustlers,"Dairy, eggs & chilled",,,,£1.75,,,£1.36 / 100g,8151040.0,3 buttermilk pancakes with a sachet of maple syrup style sauce.,,https://assets.sainsburys-groceries.co.uk/gol/8151040/1/640x640.jpg,"Nutrient	Per 100g	Per portion (129g)
Energy	1195kJ/ 285kcal	1542kJ/ 368kcal
Fat	9.9g	12.8g
of which saturates	1.7g	2.2g
Carbohydrate	43.5g	56.1g
of which sugars	21.9g	28.2g
Protein	5.0g	6.4g
Salt	0.86g	1.10g","Pancakes (81%) [Wheat Flour, Water, Egg, Sugar, Rapeseed Oil, Skimmed Milk Powder, Coconut Oil, Buttermilk Powder (Milk), Raising Agents: E450, E500; Spirit Vinegar, Flavourings, Salt, Preservative: E202; Acidity Regulator: E330; Emulsifier: Sunflower Lecithin; Thickener: E415], Maple Syrup Style Sauce (19%) [Sugar, Golden Syrup, Water, Maple Syrup, Cornflour, Caramelised Sugar Syrup, Flavouring]",https://www.sainsburys.co.uk/gol-ui/product/rustlers-all-day-breakfast-pancake-stack-129g,,2024-08-20T22:41:07.436149-04:00
66-2402-DAI,Wasabi Home Bento Chicken Teriyaki with Rice 430g,Wasabi,"Dairy, eggs & chilled",Ready meals,All ready meals,,£4.50,,,£10.47 / kg,8162777.0,"Cooked white long grain rice served with teriyaki sauce, chargrilled chicken thigh mixed with carrot, cabbage, onion and edamame bean",,https://assets.sainsburys-groceries.co.uk/gol/8162777/1/640x640.jpg,"Nutrient	as consumed per 100g	as consumed per pack
Energy (kJ/ kcal)	538/ 128	2266/ 538
Fat (g)	3.0	12.6
of which saturate fat (g)	0.6	2.7
Carbohydrate (g)	19.7	83.2
of which sugar (g)	5.4	22.6
Protein (g)	5.2	22.1
Salt (g)	0.73	3.07","Cooked White Long Grain Rice (Water, White Long Grain Rice), Teriyaki Sauce (27%) (Water, Sugar, Teriyaki Sauce (Sugar, Soy Sauce (Water, Soybean, Wheat, Salt, Alcohol (Ethanol)), Water, Sake (Water, Rice, Koji, Yeast), Thickeners (E1422, E415), Colour (E150(c))), Soy Sauce (Water, Soybean, Wheat, Salt), Mirin (Glucose Syrup, Water, Spirit Vinegar, Fermented Rice Alcohol (Water, Rice, Alcohol, Salt, Rice Malt), Sugar, Acidity Regulator (E330), Cane Molasses), Potato Starch, Dark Soy Sauce (Water, Soybean, Sugar, Salt, Wheat Flour), Garlic Puree, Sesame Oil, Honey, Rapeseed Oil, Ginger Puree, Spirit Vinegar, Flavour Enhancer (E621)), Chargrilled Chicken Thigh (19%) (Chicken Thigh, Marinade Mix (Water, Maize Starch, Salt, Acidity Regulator (E500), Spirit Vinegar Powder, Tapioca Starch, Dried Glucose Syrup)), Carrot, Cabbage, Onion, Edamame Bean (Soybean), Rapeseed Oil",https://www.sainsburys.co.uk/gol-ui/product/wasabi-home-bento-chicken-teriyaki-with-rice-430g,,2024-08-20T22:41:20.630220-04:00
66-2403-DAI,Annabel Karmel Fabulous Fish Pie 1+ Years 200g,Annabel,"Dairy, eggs & chilled",Ready meals,All ready meals,,£2.85,,,£14.25 / kg,8189788.0,Pollock with butternut squash and carrot in a cream and mature Cheddar cheese sauce topped with potato and carrot mash.,,https://assets.sainsburys-groceries.co.uk/gol/8189788/1/640x640.jpg,"Nutrient	per 100g:	per cooked meal:
Energy:	345kJ/ 82kcal	680kJ/ 162kcal
Fat:	3.9g	7.6g
of which saturates:	2.5g	5.0g
Carbohydrates:	6.2g	12.2g
of which sugars:	1.1g	2.2g
Fibre:	1.6g	3.1g
Protein:	5.0g	9.9g
Salt:	0.24g	0.48g
Sodium:	0.10g	0.19g","Sauce (52%) (Pollock (Fish) (16%), Water, Butternut Squash, Carrot, Single Cream (Milk), Mature Cheddar Cheese (Milk), Onion, Cornflour, Fish Stock (Water, Dehydrated Potato, Salt, Fish Extract, Cod Fish Powder, Lemon Concentrate, Onion Powder, Anchovy Powder (Fish)), Dill, Rapeseed Oil, Parsley, Stabiliser (Agar), Ground Nutmeg, Ground White Pepper), Potato & Carrot Mash (48%) (Potato, Carrot, Milk, Mature Cheddar Cheese (Milk), Butter (Milk))",https://www.sainsburys.co.uk/gol-ui/product/annabel-karmel-fabulous-fish-pie-1-years-200g,,2024-08-20T22:41:33.916078-04:00
66-2404-DAI,Charlie Bigham's Chicken Madras & Pilau Rice 800g,Charlie,"Dairy, eggs & chilled",Ready meals,All ready meals,,£9.50,,£8.50,£11.88 / kg,8158008.0,,,https://assets.sainsburys-groceries.co.uk/gol/8158008/1/640x640.jpg,,"Cooked Rice (Water, Rice), Chicken (19%), Tomatoes, Coconut, Onions, Tamarind Chutney (Jaggery, Tamarind, Ground Cumin, Salt, Acidity Regulator: Acetic Acid, Black Pepper, Cardamom, Cinnamon, Cloves, Dried Ginger, Ground Chillies), Rapeseed Oil, Ginger Purée, Butter (Milk), Lemon Juice, Mango Chutney (Sugar, Mangoes, Salt, Acidity Regulator: Acetic Acid, Cayenne Pepper, Garlic, Ginger), Garlic Purée, Salt, Red Chillies, Cornflour, Tomato Purée, Ground Coriander, Ground Cumin, Parsley, Ground Chillies, Mustard Seeds, Smoked Paprika, Curry Leaves, Yellow Mustard Seeds, Ground Turmeric, Sunflower Oil, Ground Cardamom, Colour: Paprika Extract, Ground Fenugreek, Ground Black Pepper, Ground Ginger, Ground Cinnamon, Ground Dill, Coriander Seeds, Ground Fennel, Ground Cloves, Secret Ingredient: Obsession",https://www.sainsburys.co.uk/gol-ui/product/charlie-bighams-chicken-madras-pilau-rice-800g,,2024-08-20T22:41:47.044276-04:00
66-2405-DAI,Wasabi Japanese Style Green Curry with Rice 450g,Wasabi,"Dairy, eggs & chilled",Ready meals,All ready meals,,£4.50,,,£10.00 / kg,8191394.0,"Cooked white long grain rice with green curry, chargrilled chicken breast, green beans, seared red pepper and edamame bean",,https://assets.sainsburys-groceries.co.uk/gol/8191394/1/640x640.jpg,"Nutrient	as consumed per 100g	as consumed per pack
Energy (kJ/ kcal)	582/ 139	2537/ 605
Fat (g)	5.4	23.5
of which saturates (g)	4.1	17.7
Carbohydrate (g)	16.4	71.3
of which sugars (g)	1.5	6.8
Protein (g)	6.6	29.0
Salt (g)	0.52	2.25","Cooked White Long Grain Rice (Water, White Long Grain Rice), Green Curry Sauce (33%) (Coconut Milk (Coconut Extract, Water), Water, Green Curry Paste (Sugar, Green Chilli, Lemongrass, Garlic, Shallot, Galangal, Salt, Palm Sugar, Rice Bran Oil, Cumin Powder, Coriander Seed, Coriander Root, Acidity Regulator (E270), Kaffir Lime Leaf, Colours (E1520, E141, E433, E525)), Green Chilli, Miso Paste (Water, Soybean, Rice, Salt), Coriander, Lemon Juice (Concentrated Lemon Juice, Preservative (E224 (Sulphites))), Ginger Puree, Garlic Puree, Corn Flour, Yuzu Juice), Chargrilled Chicken Breast (18%) (Chicken Breast, Brine Mix (Water, Maize Starch, Salt, Acidity Regulator (E500), Spirit Vinegar Powder, Tapioca Starch, Dried Glucose Syrup)), Green Beans, Seared Red Pepper, Edamame Bean (Soybean)",https://www.sainsburys.co.uk/gol-ui/product/wasabi-japanese-style-green-curry-with-rice-450g,,2024-08-20T22:41:59.714674-04:00
66-2406-DAI,La Famiglia Rana Classic Italian Mushroom Linguine Recipe Kit 407g,La,"Dairy, eggs & chilled",Ready meals,All ready meals,,£4.00,,,£9.83 / kg,8142475.0,Fresh Egg Pasta (24%) with Mushroom Sauce (74%) and *P.D.O. Parmigiano Reggiano Cheese Garnish (2%).,,https://assets.sainsburys-groceries.co.uk/gol/8142475/1/640x640.jpg,,"Mushroom Sauce 300g: Champignon Mushroom 32% (Agaricus Bisporus), Water, Cream (from Milk), Onion, Nameko Mushrooms 4% (Pholiota Nameko), Corn Fibre, Porcini Mushroom 3% (Boletus Edulis and its group), Corn Starch, Natural Flavourings (contain Wheat), Grated Cheese (from Milk) 0.5%, Salt, Garlic, Fresh Egg Pasta 100g: Durum Wheat Semolina, Eggs 18%, Water, *P.D.O. Parmigiano Reggiano Cheese 7g: Milk, Salt, Rennet, *P.D.O: Protected Designation of Origin",https://www.sainsburys.co.uk/gol-ui/product/la-famiglia-rana-classic-italian-mushroom-linguine-recipe-kit-407g,,2024-08-20T22:42:12.559881-04:00
66-2407-DAI,Stamford Street Co. Sweet & Sour Chicken with Rice 400g,Stamford,"Dairy, eggs & chilled",,,,£2.49,,,£6.23 / kg,8151076.0,"Cooked chicken in a sweet and sour sauce with red pepper and pineapple, served with long grain rice",,https://assets.sainsburys-groceries.co.uk/gol/8151076/1/640x640.jpg,,,https://www.sainsburys.co.uk/gol-ui/product/sainsburys-stamford-street-co-sweet-sour-chicken-with-rice-400g,,2024-08-20T22:42:39.223835-04:00
66-2408-DAI,Sainsbury's Fully Loaded Nacho Mac & Cheese 750g,Sainsbury's,"Dairy, eggs & chilled",Ready meals,All ready meals,,£5.50,,£4.75,£7.33 / kg,8185511.0,"Macaroni pasta in a spicy cheese sauce, topped with Red Leicester cheese, red and yellow peppers, sliced jalapeño chillies and tortilla chips",,https://assets.sainsburys-groceries.co.uk/gol/8185511/1/640x640.jpg,,,https://www.sainsburys.co.uk/gol-ui/product/sainsburys-fully-loaded-nacho-mac-cheese-750g,,2024-08-20T22:42:55.637062-04:00
66-2409-DAI,Sainsbury's Chicken Tikka Bites 150g,Sainsbury's,"Dairy, eggs & chilled",Discover,Curry night,,£3.00,,£2.75,£20.00 / kg,7941089.0,Cooked chicken breast pieces coated in a lightly spiced chilli and paprika batter,,https://assets.sainsburys-groceries.co.uk/gol/7941089/1/640x640.jpg,,,https://www.sainsburys.co.uk/gol-ui/product/sainsburys-chicken-tikka-bites-150g,,2024-08-20T22:43:11.817410-04:00
66-2410-DAI,"Sainsbury's Spaghetti Puttanesca Limited Edition, Taste the Difference 380g",Sainsbury's,"Dairy, eggs & chilled",Ready meals,All ready meals,,£4.25,,,£11.18 / kg,8183730.0,"Spaghetti pasta in a sundried tomato sauce with anchovy stock and capers, topped with black olives, caper butter and Sun Blush® tomatoes",,https://assets.sainsburys-groceries.co.uk/gol/8183730/1/640x640.jpg,,,https://www.sainsburys.co.uk/gol-ui/product/sainsburys-spaghetti-puttanesca-limited-edition-taste-the-difference-380g,,2024-08-20T22:43:34.496209-04:00
66-2411-DAI,Wasabi Home Bento Korean Firecracker Chicken with Rice 450g,Wasabi,"Dairy, eggs & chilled",Ready meals,All ready meals,,£4.50,,,£10.00 / kg,8132217.0,"Cooked white long grain rice served with Korean style firecracker sauce with chargrilled chicken breast, green bean and red and yellow pepper",,https://assets.sainsburys-groceries.co.uk/gol/8132217/1/640x640.jpg,"Nutrient	as consumed per 100g
Energy (kJ)	543
Energy (kcal)	128
Fat (g)	0.8
of which saturate fat (g)	0.2
Carbohydrate (g)	25.7
of which sugars (g)	7.8
Protein (g)	4.7
Salt (g)	1.18","Cooked White Long Grain Rice (Water, White Long Grain Rice), Korean Style Firecracker Sauce (36%) (Sweet Chilli Sauce (Water, Sugar, Glucose Syrup, Gochujang Style Paste (Glucose Syrup, Fructose, White Wine Vinegar (Preservative (E223) (Sulphite)), Salted Black Bean (Soya), Concentrated Red Bell Pepper Juice, Sugar, Water, Rapeseed Oil, Soy Sauce (Water, Soybean, Salt, Spirit Vinegar), Concentrated Onion Juice, Salt, Onion Powder, Ground Cayenne Chilli, Colour (E160(c)), Tomato Powder, Rice Flour), Spirit Vinegar, Onion, Fructose, Garlic Puree, Red Chilli Puree, Cornflour, Salt, Pineapple Concentrate, Tomato Paste, Soy Sauce (Water, Soy Extract (Water, Soybean, Salt, Wheat Flour (Wheat Flour, Calcium Carbonate, Iron, Niacin, Thiamin)), Salt, Cane Molasses, Barley Malt Vinegar, Barley Malt Extract), Paprika, Yeast Extract (Yeast Extract, Salt), Water, Salt), Colour (E160(c)), Black Pepper, Acidity Regulator (E330), Cinnamon), Water, White Onion, Teriyaki Sauce (Soy Sauce (Water, Soybean, Wheat, Salt), Wine (Sulphur Dioxide), Sugar, Water, Spirit Vinegar, Salt, Spice Extracts, Onion Powder, Garlic Powder), Stir-Fry Sauce (Water, Sugar, Spirit Vinegar, Salt, Onion Puree, Molasses, Tamarind Paste, Cornflour, Garlic Puree, Clove, Ginger Puree), Teriyaki Sauce (Sugar, Soy Sauce (Water, Soybean, Wheat, Salt, Alcohol (Ethanol)), Water, Sake (Water, Rice, Koji, Yeast), Thickeners (E1442, E415), Colour (E150(c))), Sugar, Red Pepper Paste (Water, Corn Syrup, Wheat Flour, Wheat, Salt, Red Pepper Powder, Soybean, Alcohol, Garlic, Onion, Flavour Enhancer (E621)), Honey, Sweet and Savoury Shiitake Sauce (Water, Rice Vinegar, Soy Sauce (Water, Soybean, Wheat, Salt, Alcohol (Ethanol), Salt, Tomato Puree, Shiitake Mushroom, Sugar, Wakame Sea Vegetable), Soy Sauce (Water, Soybean, Wheat, Salt, Alcohol (Ethanol)), Cornflour, Lemon Juice (Concentrated Lemon Juice, Preservative (E224 (Sulphite))), Sesame Oil, Garlic Puree), Chargrilled Chicken Breast (16%) (Chicken Breast, Marinade Mix (Water, Maize Starch, Salt, Acidity Regulator (E500), Spirit Vinegar Powder, Tapioca Starch, Dried Glucose Syrup)), Green Bean, Red Pepper, Yellow Pepper, Rapeseed Oil",https://www.sainsburys.co.uk/gol-ui/product/wasabi-home-bento-korean-firecracker-chicken-with-rice-450g,,2024-08-20T22:43:47.958593-04:00
66-2412-DAI,Wasabi Home Bento Spicy Korean Chicken with Fried Rice 400g,Wasabi,"Dairy, eggs & chilled",Ready meals,All ready meals,,£4.50,,,£11.25 / kg,8157602.0,"Cooked seasoned rice mixed with vegetables served with fried Korean style chicken breast coated in sweet and spicy sauce with sugars and sweetener, red and yellow pepper and edamame bean",,https://assets.sainsburys-groceries.co.uk/gol/8157602/1/640x640.jpg,"Nutrient	as consumed per 100g	as consumed per pack
Energy (kJ/kcal)	679/ 161	2660/ 631
Fat (g)	4.2	16.4
of which saturate fat (g)	0.4	1.7
Carbohydrate (g)	25.4	99.5
of which sugars (g)	3.0	11.9
Protein (g)	4.7	18.4
Salt (g)	0.93	3.64","Cooked Seasoned Rice (Cooked White Long Grain Rice (43%) (Water, White Long Grain Rice), Carrot, White Onion, White Cabbage, Red Pepper, Soy Sauce (Water, Soybean, Wheat, Salt), Rapeseed Oil, Miso Paste (Water, Soybean, Rice, Salt), Red Pepper Paste (Water, Corn Syrup, Wheat Flour, Wheat, Salt, Red Pepper Powder, Soybean, Alcohol, Garlic, Onion, Flavour Enhancer (E621)), Salt, White Pepper), Chilli Coated Fried Chicken (18%) (Fried Chicken (Chicken Breast, Coating (Potato Starch, Rice Flour, Dried Potato, Tapioca Starch, Garlic Powder, Ginger, Raising Agents (E450(i), E500(ii))), Brining Mix (Water, Maize Starch, Salt, Acidity Regulator (E500), Spirit Vinegar Powder, Tapioca Starch, Dried Glucose Syrup), Marinade Mix (Wheat Flour (Wheat Flour, Calcium Carbonate, Iron, Niacin, Thiamin), Paprika, White Pepper, Salt, Dried Yeast, Raising Agent (E500(ii))), Rapeseed Oil, Water), Rapeseed Oil), Sweet and Spicy Sauce (Sweet Chilli Sauce (Sugar, Water, Red Pepper, Garlic, Salt, Modified Corn Starch, Acidity Regulator (E260)), Water, Corn Syrup, Sugar, High Fructose Corn Syrup, White Onion, Red Pepper Paste (Water, Corn Syrup, Wheat Flour, Wheat, Salt, Red Pepper Powder, Roasted Soybean Powder, Alcohol, Garlic, Flavour Enhancer (E621), Soybean, Onion, Fermented Soybean), Garlic, Distilled Vinegar, Tomato Paste, Salt, Modified Corn Starch, Crushed Pineapple, Pineapple Extract, Soybean Sauce (Water, Defatted Soybean, Salt, Wheat Flour, Alcohol), Alcohol, Red Pepper Powder, Stabiliser (E415), Yeast Extract Powder, Colour (E160(c)), Flavour Enhancer (E621), Black Pepper Powder, Acidity Regulators (E260, E330, E331), Oleoresin Capsicum, Sweetener (E950), Cinnamon Powder, Flavouring), Carolina Reaper Chilli Powder), Red Pepper, Yellow Pepper, Edamame Bean (Soybean), Rapeseed Oil",https://www.sainsburys.co.uk/gol-ui/product/wasabi-home-bento-spicy-korean-chicken-with-fried-rice-400g,,2024-08-20T22:44:01.165211-04:00
66-2413-DAI,Sainsbury's Tex Mex Pulled Beef Burrito 400g,Sainsbury's,"Dairy, eggs & chilled",Ready meals,All ready meals,,£4.25,,£3.75,£10.63 / kg,8102625.0,"Bar marked tortilla wrap filled with layers of pulled beef, re-fried beans, green pepper and jalapeno rice",,https://assets.sainsburys-groceries.co.uk/gol/8102625/1/640x640.jpg,,,https://www.sainsburys.co.uk/gol-ui/product/sainsburys-tex-mex-pulled-beef-burrito-400g,,2024-08-20T22:44:17.859954-04:00
66-2414-DAI,itsu The Original Chicken Big Bao 180g,itsu,"Dairy, eggs & chilled",Ready meals,All ready meals,,£3.75,,,£2.08 / 100g,8107895.0,Soft steamed bun filled with chicken & mushrooms,,https://assets.sainsburys-groceries.co.uk/gol/8107895/1/640x640.jpg,"Nutrient	as sold per: 100g	as sold per: big'bao
Energy (kJ) / (kcal)	888 / 211	1598 / 380
Fat (g)	6.4	11
of which saturates (g)	1.5	2.8
Carbohydrate (g)	28	50
of which sugars (g)	3.3	6.0
Fibre (g)	2.5	4.5
Protein (g)	9.6	17
Salt (g)	1.3	2.3","Wheat Flour, Chicken (20%), Water, Soya Protein, Shiitake Mushroom, Sugar, Spring Onion, Wood Ear Mushroom, Soya Bean Oil, Onion, Dark Soy Sauce (Water, Soya Beans, Wheat Flour, Salt, Alcohol), Potato Starch, Salt, Corn Starch, Yeast Extract, Yeast, Garlic Puree, Maltodextrin, Raising Agents: Sodium Carbonates*, Diphosphates*, Chicken Extract, Chicken Fat, White Pepper, Colour: Paprika Extract**, *Commonly found in baking powder, They help the big'bao to rise, Making it light & fluffy, **An orange food colouring used to create the little dot on top of the bao to indicate the flavour",https://www.sainsburys.co.uk/gol-ui/product/itsu-the-original-chicken-bigbao-180g,,2024-08-20T22:44:31.301358-04:00
66-2415-DAI,Wasabi Pulled Pork Ramen 295g,Wasabi,"Dairy, eggs & chilled",Ready meals,All ready meals,,£4.50,,,£15.25 / kg,8191363.0,"Cooked turmeric noodles with carrot, edamame bean, cooked portobello mushrooms, spring onions, pickled ginger and pulled spicy gochujang pork, in a ramen broth with sugars and sweeteners",,https://assets.sainsburys-groceries.co.uk/gol/8191363/1/640x640.jpg,"Nutrient	as consumed per 100g	as consumed per pack
Energy (kJ/ kcal)	250/ 59	1468/ 349
Fat (g)	1.5	9.0
of which saturate fat (g)	0.3	2.0
Carbohydrate (g)	7.6	44.6
of which sugar (g)	1.3	7.4
Protein (g)	4.3	25.0
Salt (g)	0.88	5.20","Cooked Turmeric Noodles (46%) (Water, Turmeric Noodles (Wheat Flour (Wheat Flour, Calcium Carbonate, Iron, Niacin, Thiamin), Water, Salt, Paprika, Turmeric, Acidity Regulators (E501, E330, E500)), Rapeseed Oil), Vegetable Mix (Carrot, Edamame Bean (Soybean), Cooked Mushroom (Portobello Mushroom, Rapeseed Oil), Spring Onions, Pickled Ginger (Ginger, Water, Salt, Acidity Regulators (E260, E330), Preservative (E202), Sweeteners (E951*, E954, E955), Colour (E163))), Pulled Gochujang Pork (17%) (Pork, Gochujang Glaze, (Sugar, Maize Starch, Chilli Powder, Dried Glucose Syrup, Salt, Garlic Powder, Yeast Extract, (Salt, Maltodextrin), Onion Powder, Chillies, Tomato Powder, Ground Paprika, Acidity Regulator (E330), Natural Colour (E160(c)), Thickener (E412), Natural Flavouring), Sugar, Sodium Salt (Salt, Preservative (E508)), Salt, Ramen Broth (Ramen Stock (Stock Mix (Sugar, Yeast Extract, Salt, Dried Glucose Syrup, Garlic Powder, Onion Powder, Mushroom Extract, Modified Maize Starch, Carrot Extract, Ginger, Rapeseed Oil), Water, Vegetable Stock (Salt, Flavourings, Maltodextrin, Onion Powder, Tomato Powder, Carrot Extract Powder, Sugar, Yeast Extract, Thyme, Garlic Powder, Rapeseed Oil, Rosemary, Oregano, White Pepper), Ginger Puree, Yeast Extract, Oriental Style Seasoning (Dried Glucose Syrup, Salt, Yeast Extract, Sugar, Flavouring, Garlic Powder, Onion Powder, Coconut Flavour, Red Chilli Powder, Lemongrass Flavour, Ginger, Coriander, Turmeric, Black Pepper, Coriander Seed Oil)), Kombu Dashi (Flavour Enhancers (E621, E635), Salt, Glucose, Dried Kelp Powder, Sugar, Kelp Extract (Dextrin, Kelp, Flavour Enhancer (E621), Salt)), Red Pepper Paste (Water, Corn Syrup, Wheat Flour, Wheat, Salt, Red Pepper Powder, Soybean, Alcohol, Garlic, Onion, Flavour Enhancer (E621)), Ginger Puree, Garlic Puree, Miso Paste (Water, Soybean, Rice, Salt), Dark Soy Sauce (Water, Soybean, Sugar, Salt, Wheat Flour), Sesame Oil, Seasoning (Yeast Extract (Yeast Extract (Barley), Salt), Salt, Potato Starch, Onion Powder, Ground Sage), White Pepper), *Contains a source of phenylalanine",https://www.sainsburys.co.uk/gol-ui/product/wasabi-pulled-pork-ramen-295g,,2024-08-20T22:44:44.476323-04:00
66-2416-DAI,Wasabi Yakisoba Noodles to Share 400g,Wasabi,"Dairy, eggs & chilled",Ready meals,All ready meals,,£3.00,,,£7.50 / kg,8040195.0,"Wheat noodle with cabbage, white onion, green pea, noodle sauce, teriyaki sauce, carrot, stir-fried sauce, dark soy sauce and sesame oil",,https://assets.sainsburys-groceries.co.uk/gol/8040195/1/640x640.jpg,"Nutrient	as consumed per 100g	as consumed per 1/2 pack
Energy (kJ/ kcal)	597/ 142	1145/ 272
Fat (g)	3.4	6.5
of which saturate fat (g)	0.3	0.6
Carbohydrate (g)	22.5	43.1
of which sugar (g)	3.8	7.3
Protein (g)	3.9	7.5
Salt (g)	1.46	2.81","Wheat Noodles (46%) (Water, Wheat Noodles (Wheat Flour (Wheat Flour, Calcium Carbonate, Iron, Niacin, Thiamin), Water, Salt, Turmeric, Paprika, Acidity Regulator (E330), Firming Agents (E501, E500)), Cabbage, White Onion, Green Pea, Rapeseed Oil, Noodle Sauce (Water, Sugar, Spirit Vinegar, Salt, Onion Puree, Molasses, Tamarind Paste, Cornflour, Garlic Puree, Ground Cloves, Ginger Puree), Teriyaki Sauce (Soy Sauce (Water, Soybean, Wheat, Salt), Wine (Sulphur Dioxide), Sugar, Water, Spirit Vinegar, Salt, Spice Extracts, Onion Powder, Garlic Powder), Carrot, Stir-Fried Sauce (Water, Sugar, Salt, Molasses, Yeast Extract, Non-Modified Starch, Barley Malt Extract, Garlic Extract), Dark Soy Sauce (Water, Soybean, Sugar, Salt, Wheat Flour), Sugar, Sesame Oil, Flavour Enhancer (E621)",https://www.sainsburys.co.uk/gol-ui/product/wasabi-yakisoba-noodles-to-share-400g,,2024-08-20T22:44:57.566986-04:00
66-2417-DAI,Wasabi Home Bento Japanese Fried Rice to Share 400g,Wasabi,"Dairy, eggs & chilled",Ready meals,All ready meals,,£3.00,,,£7.50 / kg,8157620.0,Cooked seasoned rice mixed with vegetable and edamame bean,,https://assets.sainsburys-groceries.co.uk/gol/8157620/1/640x640.jpg,"Nutrient	per 100g	per pack
Energy (kJ/kcal)	527/ 125	2108/ 500
Fat (g)	2.5	9.9
of which saturates fat (g)	0.3	1.1
Carbohydrate (g)	22.3	89.2
of which sugars (g)	1.8	7.0
Protein (g)	2.4	9.7
Salt (g)	1.03	4.14","Cooked Seasoned Rice (Cooked White Long Grain Rice (57%) (Water, White Long Grain Rice), Carrot, White Onion, White Cabbage, Red Pepper, Soy Sauce (Water, Soybean, Wheat, Salt), Rapeseed Oil, Miso Paste (Water, Soybean, Rice, Salt), Red Pepper Paste (Water, Corn Syrup, Wheat Flour, Wheat, Salt, Red Pepper Powder, Soybean, Alcohol, Garlic, Onion, Flavour Enhancer (E621)), Salt, White Pepper), Edamame Bean (Soybean)",https://www.sainsburys.co.uk/gol-ui/product/wasabi-home-bento-japanese-fried-rice-to-share-400g,,2024-08-20T22:45:10.743851-04:00
66-2418-DAI,Jake & Nayns Naanster Tandoori Chicken Filled Naan 185g,Jake,"Dairy, eggs & chilled",Ready meals,All ready meals,,£2.50,,,£1.35 / 100g,8168177.0,A Spiced Vibrant Tandoori Masala Style Sauce Smothered Over Marinated Chicken Pieces on a Bed of Pilau Rice,,https://assets.sainsburys-groceries.co.uk/gol/8168177/1/640x640.jpg,"Nutrient	Per 100g	Per Product 185g	*Reference Intake(Adult)
Energy (kJ)	855	1582	8400kJ
Energy (kcal)	203	376	2000kcal
Fat (g)	4.7	8.7	70g
of which saturates (g)	0.8	1.5	20g
Carbohydrate (g)	28.9	53.5	260g
of which sugars (g)	3.5	6.5	90g
Fibre (g)	2.9	5.4	24g
Protein (g)	9.8	18.1	50g
Salt (g)	0.83	1.54	6g","Naan Bread 52% (Wheat Flour (Wheat Flour, Calcium Carbonate, Niacin, Iron, Thiamin), Water, Yoghurt (Milk), Yeast, Milk Powder, Sugar, Salt, Vegetable Ghee (Palm Oil, Rapeseed Oil, Antifoaming Agent (Dimethyl Polysilaxane), Ghee Flavour, Colour (Carotenes)), Raising Agent (Disodium Diphosphate, Sodium Bicarbonate, Wheat Flour (Calcium Carbonate, Iron, Niacin, Thiamin), Cumin Seeds, Rapeseed Oil, Black Onion Seeds), Marinated Cooked British Chicken 25% (Chicken, Tomato Paste, Rapeseed Oil, Coriander, Maize Starch, Tandoori Powder (Paprika, Salt, Coriander, Turmeric, Cumin, Garlic, Ginger, Chilli, Cinnamon, Cloves, Onion, Star Anise, Fennel, Black Pepper, Bay Leaves, Sunflower Oil, Lemon Oil, Nutmeg, Cardamom), Natural Red Beetroot (Maltodextrin, Colour (Red Beet), Acidity Regulator (Citric Acid)), Coconut Powder, Paprika, Garam Masala (Coriander, Cinnamon, Ginger, Cumin, Chilli, Black Pepper, Cloves, Nutmeg, Cardamom, Bay Leaf), Garlic, Salt, Cumin, Coriander, Red Chilli Flakes, Black Pepper), Tandoori Sauce 13% (Water, Tomato (Tomato, Acidity Regulator (Citric Acid)), Onion, Sauce (Onion, Water, Milk, Yoghurt (Milk), Rapeseed Oil, Garlic, Ginger, Salt, Carrots, Green Peppers, Tomato Paste, Turmeric Powder, Coriander Powder, Cumin Powder), Garlic, Ginger, Rapeseed Oil, Tomato Paste, Tandoori Powder (Paprika, Salt, Coriander, Turmeric, Cumin, Garlic, Ginger, Chilli, Cinnamon, Cloves, Onion, Star Anise, Fennel, Black Pepper, Bay Leaves, Sunflower Oil, Lemon Oil, Nutmeg, Cardamom), Natural Red Beetroot (Maltodextrin, Colour (Red Beet), Acidity Regulator (Citric Acid), Coriander, Lemon Juice (Lemon Juice, Preservative (Potassium Metabisulfite)), Modified Maize Starch, Green Chilli, Sugar, Smoked Paprika, Salt, Garam Masala (Coriander, Cinnamon, Ginger, Cumin, Chilli, Black Pepper, Cloves, Nutmeg, Cardamom, Bay Leaf), Chilli Powder, Cumin Powder, Coriander Powder, Turmeric Powder, Cumin Seeds, Mustard Seeds, Star Anise, Fenugreek Leaves, Black Pepper, White Pepper), Pilau Rice 5% (Rice (Water, Rice), Carrots, Peas, Cumin Seeds, Turmeric Powder, Bay Leaf Powder, Cardamom Powder, Cinnamon Powder), Mango Chutney 5% (Sugar, Mango Slices, Sugar Cane Vinegar, Salt, Chilli Powder, Ginger Powder, Garlic Powder, Turmeric Powder)",https://www.sainsburys.co.uk/gol-ui/product/jake-nayns-naanster-tandoori-chicken-filled-naan-185g,,2024-08-20T22:45:23.919261-04:00
66-2419-DAI,Sainsbury's Spicy Chicken Fajita & Rice 470g,Sainsbury's,"Dairy, eggs & chilled",Ready meals,All ready meals,,£4.00,,,£8.51 / kg,8144525.0,"Cooked marinated chicken breast pieces with smoky cooked rice topped with a tomato salsa, roasted onions and peppers.",,https://assets.sainsburys-groceries.co.uk/gol/8144525/1/640x640.jpg,,,https://www.sainsburys.co.uk/gol-ui/product/sainsburys-pub-classics-spicy-chicken-fajita-rice-470g,,2024-08-20T22:45:45.546589-04:00
66-2420-DAI,BOL Creamy Thai Green Curry 345g,BOL,"Dairy, eggs & chilled",Ready meals,All ready meals,,£3.25,,£2.75,£9.42 / kg,7832993.0,"Brown rice with leafy greens, broccoli, carrots, baby corn, edamame beans and a Thai style coconut curry sauce",,https://assets.sainsburys-groceries.co.uk/gol/7832993/1/640x640.jpg,"Nutrient	per 100g	per BOL	RI per BOL
Energy kJ	318	1097	14%
Energy kcal	79	274	14%
Fat (g)	2.6	9.1	13%
of which saturates (g)	1.2	4.1	21%
Carbohydrate (g)	10.3	35.7	14%
of which sugars (g)	1.6	5.6	6%
Fibre (g)	2.4	8.4	-
Protein (g)**	2.5	8.5	17%
Salt (g)	0.26	0.89	15%","Thai Green Curry Sauce (Water, Coconut Milk, Ginger Purée, Cornflour, Brown Sugar, Soy Sauce (Water, Soya Beans, Wheat, Salt, Alcohol, Sugar Cane Vinegar), Coriander, Dried Onion, Lemongrass, Lime Leaves, Roasted Garlic Purée, Thai Style Curry Paste (Water, Rapeseed Oil, Garlic, Chilli Powder, Galangal, Lemongrass, Shallots, Tamarind Paste, Ginger, Coriander Leaf, Sugar, Lime Peel, Cardamom, Colour: Paprika Extract), Rapeseed Oil, Lemon Juice, Tamarind Concentrate, Salt, Ground Cumin, Ground Turmeric, Ground Cayenne Pepper, Mint, Black Pepper), Veggies (29%) (Broccoli, Carrots, Baby Corn, Edamame Beans (Soya), Red Pepper Flakes), Brown Rice (22%) (Brown Rice, Water, Concentrated Lemon Juice), Leafy Greens (12%)",https://www.sainsburys.co.uk/gol-ui/product/bol-thai-coconut-curry-345g-7832993-p-44,,2024-08-20T22:45:53.432325-04:00
66-2421-DAI,"Sainsbury's Crispy Prawn Selection, Taste the Difference 112g",Sainsbury's,"Dairy, eggs & chilled",Ready meals,All ready meals,,£3.00,,£2.70,£26.79 / kg,8170224.0,"Selection of prawn snacks: Baguette slices topped with prawn and vegetable mix, a peeled tail on prawn and sesame seeds, Straightened peeled tail on prawns with a bubbled batter coating, and Sriracha flavoured peeled butterflied tail on prawns with a bubbled batter coating.",,https://assets.sainsburys-groceries.co.uk/gol/8170224/1/640x640.jpg,,,https://www.sainsburys.co.uk/gol-ui/product/sainsburys-crispy-prawn-selection-taste-the-difference-112g,,2024-08-20T22:46:09.795352-04:00
66-2422-DAI,Wasabi Home Bento Vegetable Gyoza Ramen 305g,Wasabi,"Dairy, eggs & chilled",Ready meals,All ready meals,,£4.50,,,£14.75 / kg,8191365.0,"Cooked turmeric noodles with edamame bean, cooked portobello mushrooms, spring onions, pickled ginger and vegetable gyoza, in a ramen broth with sugars and sweeteners",,https://assets.sainsburys-groceries.co.uk/gol/8191365/1/640x640.jpg,"Nutrient	as consumed per 100g	as consumed per pack
Energy (kJ/kcal)	233/ 55	1400/ 331
Fat (g)	1.2	7.1
of which saturates (g)	0.2	0.9
Carbohydrate (g)	9.0	53.8
of which sugars (g)	0.8	4.6
Protein (g)	2.7	15.9
Salt (g)	0.71	4.26","Cooked Turmeric Noodles (45%) (Water, Turmeric Noodles (Wheat Flour (Wheat Flour, Calcium Carbonate, Iron, Niacin, Thiamin), Water, Salt, Paprika, Turmeric, Acidity Regulators (E501, E330, E500)), Rapeseed Oil), Vegetable Mix (Edamame Bean (Soybean), Cooked Mushroom (Portobello Mushroom, Rapeseed Oil), Spring Onions, Pickled Ginger (Ginger, Water, Salt, Acidity Regulators (E260, E330), Preservative (E202), Sweeteners (E951*, E954, E955), Colour (E163))), Vegetable Gyoza (20%) (Vegetables (Cabbage, Carrot, Onion, Chive, Ginger, Garlic), Wheat Flour, Water, Textured Vegetable Soy Protein, Modified Tapioca Starch, Wheat Starch, Light Soy Sauce (Water, Soybean, Wheat, Salt, Fructose Syrup), Fully Refined Soybean Oil, Sugar, Potato Starch, Flavour Enhancer (E621), Yeast Extract, Rice Flour, Salt, Wheat Gluten, White Pepper, D-Xylose), Ramen Broth (Ramen Stock (Stock Mix (Sugar, Yeast Extract, Salt, Dried Glucose Syrup, Garlic Powder, Onion Powder, Mushroom Extract, Modified Maize Starch, Carrot Extract, Ginger, Rapeseed Oil), Water, Vegetable Stock (Salt, Flavourings, Maltodextrin, Onion Powder, Tomato Powder, Carrot Extract Powder, Sugar, Yeast Extract, Thyme, Garlic Powder, Rapeseed Oil, Rosemary, Oregano, White Pepper), Ginger Puree, Yeast Extract, Oriental Style Seasoning (Dried Glucose Syrup, Salt, Yeast Extract, Sugar, Flavouring, Garlic Powder, Onion Powder, Coconut Flavour, Red Chilli Powder, Lemongrass Flavour, Ginger, Coriander, Turmeric, Black Pepper, Coriander Seed Oil)), Kombu Dashi (Flavour Enhancers (E621, E635), Salt, Glucose, Dried Kelp Powder, Sugar, Kelp Extract (Dextrin, Kelp, Flavour Enhancer (E621), Salt)), Red Pepper Paste (Water, Corn Syrup, Wheat Flour, Wheat, Salt, Red Pepper Powder, Soybean, Alcohol, Garlic, Onion, Flavour Enhancer (E621)), Ginger Puree, Garlic Puree, Miso Paste (Water, Soybean, Rice, Salt), Dark Soy Sauce (Water, Soybean, Sugar, Salt, Wheat Flour), Sesame Oil, Seasoning (Yeast Extract (Yeast Extract (Barley), Salt), Salt, Potato Starch, Onion Powder, Ground Sage), White Pepper), *Contains a source of phenylalanine",https://www.sainsburys.co.uk/gol-ui/product/wasabi-home-bento-vegetable-gyoza-ramen-305g,,2024-08-20T22:46:22.844881-04:00
66-2423-DAI,"Sainsbury's Roasted Vegetable Paella, Taste the Difference 450g (Serves 1)",Sainsbury's,"Dairy, eggs & chilled",Ready meals,All ready meals,,£4.25,,£3.50,£9.44 / kg,8145277.0,Risotto rice in a tomato sauce topped with roasted and chargrilled vegetables and a garlic aioli.,,https://assets.sainsburys-groceries.co.uk/gol/8145277/1/640x640.jpg,,,https://www.sainsburys.co.uk/gol-ui/product/sainsburys-roasted-vegetable-paella-taste-the-difference-450g,,2024-08-20T22:46:39.239795-04:00
66-2424-DAI,Sainsbury's Chinese Chilli Fried Chicken Ready Meal Side For 2 150g,Sainsbury's,"Dairy, eggs & chilled",Ready meals,All ready meals,,£2.75,,,£18.33 / kg,8165585.0,"Fried chicken breast fillets seasoned with ginger, garlic and red chilli paste in a potato starch and rice flour coating",,https://assets.sainsburys-groceries.co.uk/gol/8165585/1/640x640.jpg,,,https://www.sainsburys.co.uk/gol-ui/product/sainsburys-chilli-fried-chicken-150g,,2024-08-20T22:47:00.650377-04:00
66-2425-DAI,"Sainsbury's Prawn Mango Masala with Cumin Rice, Limited Edition 400g",Sainsbury's,"Dairy, eggs & chilled",Ready meals,All ready meals,,£3.50,,£3.00,£8.75 / kg,8113780.0,"King prawns in a spiced onion and mango sauce, served with basmati rice cooked with onion and cumin seeds",,https://assets.sainsburys-groceries.co.uk/gol/8113780/1/640x640.jpg,,,https://www.sainsburys.co.uk/gol-ui/product/sainsburys-prawn-mango-masala-with-cumin-rice-limited-edition-400g,,2024-08-20T22:47:16.645204-04:00
66-2426-DAI,Snacksters XL Doner Kebab 172g,Snacksters,"Dairy, eggs & chilled",Ready meals,All ready meals,,£2.00,,,£11.63 / kg,8066689.0,"Cooked and sliced seasoned reformed chicken, mutton and beef doner meat served in a soft flatbread with sachets of chilli sauce and garlic mayonnaise.",,https://assets.sainsburys-groceries.co.uk/gol/8066689/1/640x640.jpg,"Nutrient	Per 100g (as consumed)	Per Doner Kebab (as consumed)
Energy	249kcal/ 1048kJ	429kcal/ 1803kJ
Fat	8.4g	14g
of which saturates	2.0g	3.4g
Carbohydrate	34g	58g
of which sugars	3.1g	5.4g
Fibre	2.4g	4.2g
Protein	8.7g	15g
Salt	1.80g	3.1g","Flat Bread: Wheat Flour (contains: Calcium Carbonate, Iron, Niacin, Thiamin), Yeast, Sunflower Oil, Raising Agents: E450, E500; Salt, Sugar, Preservative: E282, Cooked Reformed Doner Meat (47%): Water, Chicken (30%), Wheat Flour (contains: Calcium Carbonate, Iron, Niacin, Thiamin), Mutton (14%), Beef (1%), Beef Fat, Salt, Humectant: Potassium Lactate; Beef Collagen; Mutton Fat, Modified Maize Starch, Yeast Extract, Spices, Herbs, Garlic Powder, Tomato Powder, Chicken Fat, Maltodextrin, Sugar, Rapeseed Oil, Chilli Sauce (5%): Water, Dextrose, Tomato Paste, Vinegar, Sugar, Salt, Acetic Acid, Chilli Powder, Stabiliser: Xanthan Gum; Preservative: Potassium Sorbate; Garlic Powder, Garlic Mayonnaise (5%): Water, Sunflower Oil, Modified Starch, Garlic Puree, Sugar, Salt, Herbs, Stabilisers: Xanthan Gum, Guar Gum; Acidity Regulator: E260; Natural Flavourings, Pasteurised Egg Yolk, Mustard Seeds, Preservatives: Potassium Sorbate, Sodium Benzoate; Colour: Beta Carotene",https://www.sainsburys.co.uk/gol-ui/product/snacksters-xl-doner-kebab-172g,,2024-08-20T22:47:29.627518-04:00
66-2427-DAI,"Sainsbury's Chunky Chips with a Piri Piri Mayonnaise, Taste the Difference 360g",Sainsbury's,"Dairy, eggs & chilled",Ready meals,All ready meals,,£3.00,,,£8.33 / kg,8144535.0,Potato chips in a batter coating with piri piri mayonnaise,,https://assets.sainsburys-groceries.co.uk/gol/8144535/1/640x640.jpg,,,https://www.sainsburys.co.uk/gol-ui/product/sainsburys-chunky-chips-with-piri-piri-mayonnaise-summer-edition-taste-the-difference-360g,,2024-08-20T22:47:51.065417-04:00
66-2428-DAI,Wasabi Home Bento Chicken Katsu Curry Bites 195g,Wasabi,"Dairy, eggs & chilled",Ready meals,All ready meals,,£2.75,,,£14.10 / kg,8173815.0,"Chicken katsu curry bites made with sushi rice, chicken, curry sauce and edamame bean, coated in panko breadcrumbs, served with curry mayonnaise",,https://assets.sainsburys-groceries.co.uk/gol/8173815/1/640x640.jpg,"Nutrient	as consumed per 100g
Energy (kJ)	1265
Energy (kcal)	303
Fat	17.1g
of which saturates	3.2g
Carbohydrate	28.0g
of which sugars	2.5g
Protein	8.8g
Salt	1.35g","Fried Chicken Katsu Curry Bites (Chicken Katsu Curry Mix (Cooked Sushi Rice (Water, White Sushi Rice), Chicken (17%), Curry Mix (9%) (Curry Paste (Vegetable Oils (Palm Oil, Canola Oil), Wheat Flour, Sugar, Salt, Curry Powder (Turmeric, Coriander, Cumin, Fenugreek, Cinnamon, Fennel, Red Pepper, Dill, Dried Tangerine Peel, Spices), Corn Starch, Onion Powder (Onion Flakes, Soybean Powder, Glucose, Maltose), Dextrin, Garlic Powder (Dried Garlic, Defatted Soybean, Glucose, Maltose), Flavour Enhancers (E621, E631, E627), Colour (E150(a)), Yeast Extract, Emulsifiers (E473, E471, E322 (Soy)), Soybean Paste (Soybean, Salt, Rice), Defatted Soybean, Acidity Regulators (E330, E296), Red Pepper, Fermented Wheat Seasoning (Wheat, Yeast Extract, Dextrin), Flavourings), Spirit Vinegar, Sugar, Salt), Edamame Bean (Soybean)), Batter Mix (Water, Flour Mix (Wheat Flour (Wheat Flour, Calcium Carbonate, Iron, Niacin, Thiamin), Salt)), Breadcrumb (Wheat Flour (Wheat Flour, Calcium, Carbonate, Iron, Niacin, Thiamin), Yeast, Sunflower Oil, Sugar, Acid (E270), Antioxidant (E300)), Rapeseed Oil, Predust (Wheat Flour (Wheat Flour, Calcium Carbonate, Iron, Niacin, Thiamin), Rice), Panko Breadcrumb (Wheat Flour, Vegetable Oil (Palm Oil, Antioxidant (E306)), Salt, Yeast, Colour (E160(c))), Curry Mayonnaise Sachet (Rapeseed Oil, Water, Spirit Vinegar, Sugar, Yeast Extract Powder, Gluten Free Soy Sauce (Water, Soybean, Salt, Spirit Vinegar), Onion Powder, Ground Turmeric, Garlic Powder, Stabilisers (E415, E412), Ground Cumin, Thickeners (E1414, E1450), Ground Coriander, Preservative (E202), Lemon Juice Concentrate, Ground Fenugreek, Ground Cassia, Nutmeg, Star Anise, Ground Black Pepper, Acidity Regulator (E270), Fennel Powder, Ground Cardamom, Cayenne Pepper (Chilli Powder, Paprika), Ground Cloves, Ground Bay Leaf, Allspice, Ground Ginger)",https://www.sainsburys.co.uk/gol-ui/product/wasabi-home-bento-chicken-katsu-curry-bites-195g,,2024-08-20T22:48:04.367082-04:00
66-2429-DAI,Snacksters Double Sausage Stack 195g,Snacksters,"Dairy, eggs & chilled","Doughnuts, cookies & muffins","All doughnuts, cookies & muffins",,£2.00,,,£10.26 / kg,8066693.0,"An English style muffin with 2 cooked seasoned pork sausage patties and a slice of processed cheese, served with a sachet of tomato ketchup.",,https://assets.sainsburys-groceries.co.uk/gol/8066693/1/640x640.jpg,"Nutrient	Per 100g (as consumed)	Per Double Breakfast Muffin (as consumed)
Energy	1075kJ/ 256kcal	2102kJ/ 501kcal
Fat	11g	22g
of which saturates	4.5g	8.7g
Carbohydrate	24g	47g
of which sugars	3.5g	6.8g
Fibre	1.2g	2.3g
Protein	14g	27g
Salt	1.64g	3.2g","Breakfast Muffin: Wheat Flour (contains: Calcium Carbonate, Iron, Niacin, Thiamin), Water, Wheat Semolina, Wheat Gluten, Yeast, Sugar, Salt, Rapeseed Oil, Soya Flour, Spirit Vinegar, Emulsifier E472e; Raising Agents: E450i, E500; Flour Treatment Agent: E300, Cooked Sausage Patties (51%): Pork (78%), Wheat Flour (contains: Calcium Carbonate, Iron, Niacin, Thiamin), Humectant: E326; Water, Seasoning (Dextrose, Salt, Colour: E150c; Dried Glucose Syrup, Herbs, Yeast Extract, Spice, Herb Extract), Pork Connective Tissue, White Pepper, Preservatives: E251, E250; Antioxidant: E301, Processed Cheese Slice (6%): Cheese (Milk), Water, Emulsifying Salt: E331; Modified Potato Starch, Natural Cheese Flavouring (Milk), Preservative: E202; Colours: E160a, E160c, Tomato Sauce (5%): Tomato, Sugar Syrup, Spirit Vinegar, Salt, Spices, Onion, Garlic, Preservative: E202",https://www.sainsburys.co.uk/gol-ui/product/snacksters-double-sausage-stack-195g,,2024-08-20T22:48:17.604556-04:00
66-2430-DAI,"Sainsbury's Ready Meal Side Dish For 2 Chicken Katsu Spring Rolls, Taste the Difference 144g",Sainsbury's,"Dairy, eggs & chilled",Ready meals,All ready meals,,£3.00,,£2.70,£20.83 / kg,8168520.0,"4 fried pastry rolls filled with cooked chicken thigh, onion, edamame soya beans and water chestnut in a spiced coconut sauce",,https://assets.sainsburys-groceries.co.uk/gol/8168520/1/640x640.jpg,,,https://www.sainsburys.co.uk/gol-ui/product/sainsburys-side-dish-chicken-katsu-spring-rolls-taste-the-difference-144g,,2024-08-20T22:48:33.679753-04:00
66-2431-DAI,"Sainsbury's Chicken Dopiaza with Cumin Rice Meal for 1, Limited Edition 400g",Sainsbury's,"Dairy, eggs & chilled",Ready meals,All ready meals,,£3.30,,£2.75,£8.25 / kg,8113782.0,"Marinated chicken in a spiced onion and tomato sauce, served with basmati rice cooked with onion and cumin seeds",,https://assets.sainsburys-groceries.co.uk/gol/8113782/1/640x640.jpg,,,https://www.sainsburys.co.uk/gol-ui/product/sainsburys-chicken-dopiaza-with-cumin-rice-limited-edition-400g,,2024-08-20T22:48:50.111197-04:00
66-2432-DAI,"Sainsbury's BBQ Loaded Crispy Potato Pops, Taste the Difference 325g",Sainsbury's,"Dairy, eggs & chilled",Ready meals,All ready meals,,£3.50,,,£10.77 / kg,8189126.0,"Fried seasoned shredded potato, topped with a BBQ flavoured sauce and extra mature Cheddar cheese",,https://assets.sainsburys-groceries.co.uk/gol/8189126/1/640x640.jpg,,,https://www.sainsburys.co.uk/gol-ui/product/sainsburys-bbq-loaded-crispy-potato-pops-taste-the-difference-325g,,2024-08-20T22:49:11.513429-04:00
66-2433-DAI,Royal Halal Spaghetti Bolognese 400g,Royal,"Dairy, eggs & chilled",Ready meals,All ready meals,,£3.25,,,£8.13 / kg,7783222.0,Spaghetti Bolognese,,https://assets.sainsburys-groceries.co.uk/gol/7783222/1/640x640.jpg,"Nutrient	as sold Per 100g	as sold Each Pack (400g) contains
Energy kJ	489	1956
kcal	116	464
Fat (g)	3.2	12.8
of which saturates (g)	1.6	6.4
Carbohydrate (g)	14.0	56.0
of which sugars (g)	1.2	4.8
Fibre (g)	1.5	6
Protein (g)	7.1	28.4
Salt (g)	0.53	2.12","50% Cooked Spaghetti (Water, Durum Wheat Semolina, Rapeseed Oil, Salt), 50% Bolognese Sauce (48% Beef, Water, Chopped Tomatoes (Tomatoes, Tomato Juice, Citric Acid E330), Celery, Carrot, Tomato Puree, Onion, Beef Flavour Stock (Vegetable Stock (Water, Onion, Carrot Extract, Tomato, Celeriac, Herb), Flavourings, Glucose Syrup, Yeast Extract, Salt, Colour (Plain Caramel), Rapeseed Oil, Maltodextrin, Sugar), Rapeseed Oil, Tomato Paste, Chicken Flavour Stock (Vegetable Stock (Water, Onion, Carrot Juice, Tomato, Herb Extract), Glucose Syrup, Flavourings, Yeast Extracts, Salt, Maltodextrin, Sugar, Sunflower Oil, Rapeseed Oil), Garlic Puree, Cornflour, Vegetable Stock (Dried Glucose Syrup, Salt, Yeast Extracts, Onion Powder, Carrot Powder, Tomato Powder, Sunflower Oil, Natural Flavouring), Basil, Sugar, Ground White Pepper, Coarse Black Pepper, Dried Thyme, Dried Marjoram)",https://www.sainsburys.co.uk/gol-ui/product/royal-halal-spaghetti-bolognese-400g,,2024-08-20T22:49:24.830905-04:00
66-2434-DAI,Aunt Bessie's Carrot & Swede Mash 500g,Aunt,"Dairy, eggs & chilled",Ready meals,Prepared sides & vegetables,,£3.15,,,£6.30 / kg,6848121.0,Carrot and swede mashed with butter and seasoning.,,https://assets.sainsburys-groceries.co.uk/gol/6848121/1/640x640.jpg,"Nutrient	As sold 100g provides:	Per 20 pellets microwaved provides:
Energy - kJ	203kJ	254kJ
- kcal	49kcal	61kcal
Fat	2g	2.5g
- of which Saturates	1.1g	1.4g
Carbohydrate	5.7g	7.1g
- of which Sugars	5.5g	6.9g
Fibre	3.0g	3.8g
Protein	0.5g	0.6g
Salt	0.53g	0.66g","Carrot (68%), Swede (29%), Butter (Milk), Salt, White Pepper",https://www.sainsburys.co.uk/gol-ui/product/aunt-bessies-mashed-carrot---swede-500g,,2024-08-20T22:49:38.233990-04:00
66-2435-DAI,Sainsbury's Fully Loaded Cheeseburger Mac & Cheese 750g,Sainsbury's,"Dairy, eggs & chilled",Ready meals,All ready meals,,£5.50,,£4.75,£7.33 / kg,8185507.0,"Macaroni pasta in a burger style cheese sauce with British pork and beef meatballs topped with red Leicester cheese, gherkins and red peppers",,https://assets.sainsburys-groceries.co.uk/gol/8185507/1/640x640.jpg,,,https://www.sainsburys.co.uk/gol-ui/product/sainsburys-fully-loaded-cheeseburger-mac-cheese-750g,,2024-08-20T22:49:54.651415-04:00
66-2436-DAI,Wasabi Steamed Veg Gyoza 115g,Wasabi,"Dairy, eggs & chilled",Ready meals,All ready meals,,£2.75,,,£23.91 / kg,8053810.0,"Steamed vegetable gyoza filled with cabbage, carrot, onion, chive, ginger and garlic, served with gyoza dressing",,https://assets.sainsburys-groceries.co.uk/gol/8053810/1/640x640.jpg,"Nutrient	as consumed per 100g	as consumed per pack
Energy (KJ)	594	683
Energy (Kcal)	140	161
Fat (g)	1.6	1.9
of which saturate fat (g)	0.3	0.3
Carbohydrate (g)	27.3	31.4
of which sugar (g)	4.5	5.2
Protein (g)	5.3	6.1
Salt (g)	1.89	2.18","Vegetable Gyoza (Vegetable (44%) (Cabbage, Carrot, Onion, Chive, Ginger, Garlic), Wheat Flour, Water, Textured Vegetable Soy Protein, Modified Tapioca Starch, Wheat Starch, Light Soy Sauce (Water, Soybean, Wheat, Salt, Fructose Syrup), Fully Refined Soybean Oil, Sugar, Potato Starch, Flavour Enhancer (E621), Yeast Extract, Rice Flour, Salt, Wheat Gluten, White Pepper, D-Xylose), Gyoza Dressing (Soy Sauce (Water, Soybean, Wheat, Salt, Alcohol), Water, Rice Vinegar, Sugar, Salt)",https://www.sainsburys.co.uk/gol-ui/product/wasabi-home-bento-steamed-veg-gyoza-115g,,2024-08-20T22:50:08.248443-04:00
66-2437-DAI,La Famiglia Rana Classic Italian Recipe Kit Spinach & Ricotta Tortelloni 440g,La,"Dairy, eggs & chilled",Ready meals,All ready meals,,£4.00,,,£9.09 / kg,8158461.0,Fresh Egg Pasta with a Ricotta Cheese and Spinach Filling (32%) and Tomato Sauce (66%) and *P.D.O. Paramiagiano Reggiano Cheese Garnish (2%).,,https://assets.sainsburys-groceries.co.uk/gol/8158461/1/640x640.jpg,,"Tomato Sauce 293g: Tomato Purée 32%, Water, Chopped Tomatoes 16%, Cream (from Milk), Onion, Extra Virgin Olive Oil, Garlic, Salt, Skimmed Milk Powder, Natural Flavourings, Corn Starch, Chilli Peppers, Black Pepper, Fresh Egg Pasta with a Ricotta Cheese and Spinach Filling 140g: Filling 53%: Ricotta Cheese (from Milk) 39%, Spinach 20%, Whey Powder (from Milk), Sunflower Oil, Breadcrumbs (Soft Wheat Flour, Water, Salt, Yeast), Mascarpone Cheese (from Milk), Starches (from Corn And Potato), Vegetable Fibres (Corn And Potato), Potato Flakes, Natural Flavourings, Salt, Garlic, Nutmeg. Pasta 47%: Soff Wheat Flour, Eggs 30%, Durum Wheat Semolina, *P.D.O. Parmigiano Reggiano Cheese 7g: Milk, Salt, Rennet, *P.D.O.: Protected Designation of Origin",https://www.sainsburys.co.uk/gol-ui/product/la-famiglia-rana-classic-italian-recipe-kit-spinach-ricotta-tortelloni-440g,,2024-08-20T22:50:21.388070-04:00
66-2438-DAI,"Sainsbury's Ready Meal Side For 2 Pilau Rice, Taste the Difference 300g",Sainsbury's,"Dairy, eggs & chilled",Ready meals,All ready meals,,£3.00,,,£10.00 / kg,8168524.0,"Basmati rice cooked with onion and spices, topped with fried onions and almond flakes",,https://assets.sainsburys-groceries.co.uk/gol/8168524/1/640x640.jpg,,,https://www.sainsburys.co.uk/gol-ui/product/sainsburys-side-dish-pilau-rice-taste-the-difference-300g,,2024-08-20T22:50:42.859247-04:00
66-2439-DAI,Sainsbury's Chicken & Mushroom in Oyster Style Sauce Meal for 1 400g,Sainsbury's,"Dairy, eggs & chilled",Ready meals,All ready meals,,£3.30,,,£8.25 / kg,8105484.0,"Cooked marinated chicken breast pieces in a mushroom, ginger and rice wine sauce with choi sum and red peppers, served with long grain rice, egg and peas",,https://assets.sainsburys-groceries.co.uk/gol/8105484/1/640x640.jpg,,,https://www.sainsburys.co.uk/gol-ui/product/sainsburys-chicken-mushroom-in-oyster-style-sauce-limited-edition-400g,,2024-08-20T22:51:04.666817-04:00
66-2440-DAI,Sainsbury's Bolognese Melt 750g,Sainsbury's,"Dairy, eggs & chilled",Ready meals,Ready meals by cuisine,,£4.25,,,£5.67 / kg,8145632.0,"British beef and red wine ragù sauce with penne pasta, béchamel sauce and mature Cheddar cheese",,https://assets.sainsburys-groceries.co.uk/gol/8145632/1/640x640.jpg,,,https://www.sainsburys.co.uk/gol-ui/product/sainsburys-eat-keep-pears-x4,,2024-08-20T22:51:26.186900-04:00
66-2441-DAI,Royal Chicken Jalfrezi with Saffron Rice 400g,Royal,"Dairy, eggs & chilled",,,,£3.50,,,£8.75 / kg,8124850.0,,,https://assets.sainsburys-groceries.co.uk/gol/8124850/1/640x640.jpg,"Nutrient	as sold Per 100g	as sold Each Pack (400g) contains
Energy kJ	628	2512
kcal	150	600
Fat (g)	5.4	21.6
of which saturates (g)	0.5	2.0
Carbohydrate (g)	16.8	67.2
of which sugars (g)	2.0	8.0
Fibre (g)	1.7	6.8
Protein (g)	7.6	30.4
Salt (g)	1.21	484","Water, Basmati Rice, Chicken Breast (15%), Tomato Puree, Onion, Rapeseed Oil, Red Pepper, Green Pepper, Ginger Puree, Garlic Puree, Tomato Ketchup (Water, Glucose-Fructose Syrup, Tomato Paste (16%), Modified Maize Starch, Acidity Regulators (Acetic Acid, Citric Acid), Salt, Preservative (Potassium Sorbate), Natural Flavouring), Tomato Paste, Rice Vinegar, Cashew Nut, Salt, Sugar, Garlic Puree, Ginger, Coriander Leaf, Ground Coriander, Cumin Seeds, Cornflour, Ground Cumin, Tandoori Masala Marinade (Ground Coriander, Salt, Ground Cumin, Ground Paprika, Colour: Paprika Extract, Garlic Powder, Chilli Powder, Ground Black Pepper, Onion Powder, Ground Clove, Ground Cardamom, Ground Turmeric, Ground Ginger, Citric Acid, Lemon Oil, Sunflower Oil, Ground Cinnamon, Ground Bay Leaf), Ground Turmeric, Chilli Powder, Garam Masala, Colour: Paprika Extract E160c, Fenugreek Leaves, Green Cardamom Pods, Saffron",https://www.sainsburys.co.uk/gol-ui/product/royal-chicken-jalfrezi-with-saffron-rice-400g,,2024-08-20T22:51:50.196850-04:00
66-2442-DAI,S&B Golden Curry Japanese Curry Mix Hot 92g,S&B,"Dairy, eggs & chilled",Ready meals,Ready meals by cuisine,,£2.75,,,£2.50 / 100g,8090323.0,Japanese curry mix in block,,https://assets.sainsburys-groceries.co.uk/gol/8090323/1/640x640.jpg,"Nutrient	Per 100g
Energy	1983 kJ / 476 kcal
Fat	28 g
of which saturates	17 g
Carbohydrates	45 g
of which sugars	9,8 g
Protein	7,3 g
Salt	10,4 g","Wheat Flour, Vegetable Oils (Palm Oil, Rapeseed Oil), Salt, Curry Powder 9,5% (Turmeric, Coriander, Pepper, Cumin, Fenugreek, Orange Peel, Paprika, Spices), Sugar, Flavour Enhancers: E621, E627, E631, Colour: E150a, Spices (Pepper, Chilli Pepper, Garlic, Celery Seed, Mustard), Malic Acid",https://www.sainsburys.co.uk/gol-ui/product/s-b-golden-curry-japanese-curry-mix-hot-92g,,2024-08-20T22:52:03.453737-04:00
66-2443-DAI,"Meatless Farm Beef, Red Wine & Porcini Mushroom Girasole 198g",Meatless,"Dairy, eggs & chilled",Ready meals,All ready meals,,£3.50,,£2.75,£16.20 / kg,8152290.0,"Pasta Parcels with A Plant-Based Filling, Red Wine, Porcini Mushroom Powder and a Vegan Alternative to Cheese",,https://assets.sainsburys-groceries.co.uk/gol/8152290/1/640x640.jpg,"Nutrient	Per 100g (As Sold)	Per 3 pieces (As Sold)
Energy kJ	768	829
Energy kcal	190	205
Fat	6.3g	6.8g
of which saturates	1.8g	1.9g
Carbohydrate	23.8g	25.7g
of which sugars	1.3g	1.4g
Fibre	2.1g	2.2g
Protein	8.5g	9.2g
Salt	0.78g	0.84g","Plant-Based Filling (72% ) (Mushroom, Water, Onion, Pea Protein, Vegetable Oils (Rapeseed, Sunflower, Coconut, Olive) in varying proportions, Red Wine (contains Sulphites), Wheat Flour (Wheat Flour, Calcium Carbonate, Iron, Niacia Thiamin), Garlic, Thickener (E461, E407, E412), Natural Flavouring, Vegetable Fibres (Pea, Potato), Yeast Extract, Soya Protein Concentrate, Salt, Vegetable Concentrates (Caramelised Carrot, Beetroot, Carrot), Preservative (E326), Modified Potato Starch, Concentrated Mushroom Juice, Maltodextrin, Potato Starch, Porcini Powder, Sugar, Parsley, Garlic Powder, Sugar, Garlic Powder, Gluten Free Oat Fibre, Acidity Regulator (E270 (Dairy Free), E325), Maize Starch, Antioxidants (E333), Sage, Modified Maize Starch, Potato Maltodextrin, Maize Maltodextrin, Colours (Carotenes), Black Pepper), Pasta (28%) (Durum Wheat Semolina, Water, Turmeric)",https://www.sainsburys.co.uk/gol-ui/product/meatless-farm-beef-red-wine-porcini-mushroom-girasole-198g,,2024-08-20T22:52:11.476737-04:00
66-2444-DAI,Royal Chicken Karahi with Saffron Rice 400g,Royal,"Dairy, eggs & chilled",Ready meals,All ready meals,,£3.50,,,£8.75 / kg,8124848.0,,,https://assets.sainsburys-groceries.co.uk/gol/8124848/1/640x640.jpg,"Nutrient	as sold Per 100g	as sold Each pack (400g) contains
Energy kJ	619	2476
kcal	148	592
Fat (g)	6.3	25.2
of which saturates (g)	1.3	5.2
Carbohydrate (g)	14.7	58.8
of which sugars (g)	1.4	5.6
Fibre (g)	1.3	5.2
Protein (g)	7.4	29.6
Salt (g)	1.25	5.00","Water, Basmati Rice, Chicken Breast (15%), Tomato, Tomato Puree, Onion, Double Cream (Milk), Green Pepper, Onion Puree (Onion, Rapeseed Oil, Water), Rapeseed Oil, Tomato Paste, Garlic Puree, Ginger Puree, Cashew Nut, Salt, Ginger, Coriander Leaf, Cornflour, Sugar, Kashmiri Chilli Powder, Ground Coriander, Cumin Seeds, Fenugreek Leaves Powder, Tandoori Masala Marinade (Ground Coriander, Salt, Ground Cumin, Ground Paprika, Colour: Paprika Extract, Garlic Powder, Chilli Powder, Ground Black Pepper, Onion Powder, Ground Clove, Ground Cardamom, Ground Turmeric, Ground Ginger, Citric Acid, Lemon Oil, Sunflower Oil, Ground Cinnamon, Ground Bay Leaf), Ground Turmeric, Chilli Powder, Garam Masala, Coriander Seeds, Colour: Paprika Extract E160c, Green Cardamom Pods, Saffron",https://www.sainsburys.co.uk/gol-ui/product/royal-chicken-karahi-with-saffron-rice-400g,,2024-08-20T22:52:29.873267-04:00
66-2445-DAI,Royal Chicken Tikka Masala with Saffron Rice 400g,Royal,"Dairy, eggs & chilled",Ready meals,All ready meals,,£3.50,,,£8.75 / kg,8124846.0,,,https://assets.sainsburys-groceries.co.uk/gol/8124846/1/640x640.jpg,"Nutrient	as sold Per 100g	as sold Each Pack (400g) contains
Energy kJ	757	3028
kcal	181	724
Fat (g)	9.4	37.6
of which saturates (g)	3.0	12.0
Carbohydrate (g)	16.6	66.4
of which sugars (g)	1.8	7.2
Fibre (g)	1.4	5.6
Protein (g)	6.8	27.2
Salt (g)	1.17	4.68","Water, Chicken Breast 16%, Basmati Rice 14%, Onions, Double Cream (Milk), Tomato Puree, Chopped Tomatoes (Tomatoes, Tomato Juice), Rapeseed Oil, Cashew Nut, Garlic Puree, Onion, Ginger Puree, Butter (Milk), Sugar, Salt, Ginger, Cornflour, Coriander, Chilli Powder, Ground Coriander, Ground Cumin, Ground Cardamom, Tandoori Masala Marinade (Ground Coriander, Salt, Ground Cumin, Ground Paprika, Colour: Paprika Extract, Garlic Powder, Chilli Powder, Ground Black Pepper, Onion Powder, Ground Clove, Ground Cardamom, Ground Turmeric, Ground Ginger, Citric Acid, Lemon Oil, Sunflower Oil, Ground Cinnamon, Ground Bay Leaf), Cumin Seeds, Garam Masala, Colour: Paprika Extract E160c, Fenugreek Leaves Powder, Ground Turmeric, Green Cardamom Pods, Saffron",https://www.sainsburys.co.uk/gol-ui/product/royal-chicken-tikka-masala-with-saffron-rice-400g,,2024-08-20T22:52:48.516016-04:00
66-2446-DAI,Neutrogena Clear & Defend 2% Salicylic Acid Face Wash 200ml,Neutrogena,"Dairy, eggs & chilled",Facial skincare,Cleansers & toners,200ML,£7.00,,£4.65,£3.50 / 100ml,8102694.0,"NEUTROGENA® Clear & Defend+ Facial Wash. We have brought top skincare ingredients together to bring you Clear & Defend+. Developed with dermatologists, this facial wash is formulated with a powerful combination of AHA (glycolic acid), BHA (salicylic acid) and PHA (gluconolactone). It contains Salicylic Acid, a purifying agent known to help prevent breakouts. It is powered by a 4% AHA/PHA blend, which contains 2% Glycolic Acid, a micro exfoliator to help fade coloured marks left after acne and 2% Gluconolactone, a resurfacing agent to refine skin texture. Helps improve the appearance of acne marks and boosts skin radiance. For clearer and healthier-looking skin in 1 week*. Fragrance-free. *Self assessment from 97 volunteers",,https://assets.sainsburys-groceries.co.uk/gol/8102694/1/640x640.jpg,,,https://www.sainsburys.co.uk/gol-ui/product/neutrogena-clear-defend-plus-facial-wash-200ml,,2024-08-20T22:53:06.863682-04:00
66-2447-DAI,Royal Cottage Pie 400g,Royal,"Dairy, eggs & chilled",Ready meals,All ready meals,,£3.50,,,£8.75 / kg,8129855.0,,,https://assets.sainsburys-groceries.co.uk/gol/8129855/1/640x640.jpg,"Nutrient	as sold Per 100g	as sold Each Pack (400g) contains
Energy kJ	558	2236
kcal	134	536
Fat (g)	8.0	32.0
of which saturates (g)	4.4	17.6
Carbohydrate (g)	10.9	43.6
of which sugars (g)	1.6	6.4
Fibre (g)	1.7	6.8
Protein (g)	3.7	14.8
Salt (g)	1.53	6.12","Potato 41%, Mince Beef 20%, Chopped Tomatoes (Tomatoes, Tomato Juice), Milk, Onion, Carrot, Butter (Milk), Double Cream (Milk), Tomato Paste, Garlic, Parsley, Salt, Celery, Cornflour, Ground Paprika, Ground Nutmeg, Ground White Pepper, Dried Thyme, Dried Marjoram",https://www.sainsburys.co.uk/gol-ui/product/royal-cottage-pie-400g,,2024-08-20T22:53:25.452447-04:00
66-2448-DAI,Royal Halal Chicken & Mushroom Pasta 400g,Royal,"Dairy, eggs & chilled",Ready meals,All ready meals,,£3.25,,,£8.13 / kg,7783250.0,Succulent Pieces of Chicken with a Creamy Mushroom & Herb Sauce Served with Fusilli Pasta,,https://assets.sainsburys-groceries.co.uk/gol/7783250/1/640x640.jpg,"Nutrient	as sold Per 100g	Each Pack (400g) contains
Energy kJ	583	2332
kcal	139	556
Fat (g)	5.4	21.6
of which saturates (g)	2.3	9.2
Carbohydrate (g)	13.4	53.6
of which sugars (g)	0.5	2.0
Fibre (g)	2.0	8.0
Protein (g)	8.2	32.8
Salt (g)	0.59	2.36","38% Cooked Fusilli Pasta (Water, Durum Wheat Semolina, Rapeseed Oil, Salt), 38% Mushroom and Basil Sauce (Water, 38% Mushroom, Double Cream [Milk], Onion, Rapeseed Oil, Garlic Puree, Vegetable Stock (Dried Glucose Syrup, Salt, Yeast Extracts, Onion Powder, Carrot Powder, Tomato Powder, Sunflower Oil, Natural Flavouring), Cornflour, Parsley, Lemon Juice, Basil, Salt, Ground White Pepper), 15% Cooked Chicken (Chicken Breast 99.2%, Maize Starch)",https://www.sainsburys.co.uk/gol-ui/product/royal-halal-chicken-mushroom-pasta-400g,,2024-08-20T22:53:38.892403-04:00
66-2449-DAI,Royal Chicken Korma with Saffron Rice Halal 400g,Royal,"Dairy, eggs & chilled",Ready meals,All ready meals,,£3.25,,,£8.13 / kg,8125022.0,,,https://assets.sainsburys-groceries.co.uk/gol/8125022/1/640x640.jpg,"Nutrient	as sold Per 100g	as sold Each Pack (400g) contains
Energy kJ	799	3196
kcal	191	764
Fat (g)	10.0	40
of which saturates (g)	3.0	12.0
Carbohydrate (g)	14.3	57.2
of which sugars (g)	1.9	7.6
Fibre (g)	1.5	6.0
Protein (g)	10.2	40.8
Salt (g)	1.25	5.0","Water, Chicken Breast 18%, Basmati Rice 14%, Onion Puree (Onion, Rapeseed Oil, Water), Double Cream (Milk), Coconut Milk (Coconut Extract, Water), Tomato Puree, Rapeseed Oil, Yogurt (Milk), Cashew Nut, Onion, Garlic Puree, Ginger Puree, Coconut Flour, Sugar, Salt, Corn flour, Turmeric, Lemon Juice, Garam Masala, Chilli Powder, Ground Cardamom, Cumin Seeds, Ground Mace, Ground Fenugreek Seed, Green Cardamom Pods, Saffron",https://www.sainsburys.co.uk/gol-ui/product/royal-chicken-korma-with-saffron-rice-halal-400g,,2024-08-20T22:53:57.358302-04:00
66-2450-DAI,Snacksters Big Stack 204g,Snacksters,"Dairy, eggs & chilled",Ready meals,All ready meals,,£2.25,,,£11.03 / kg,8066668.0,"A double sliced sesame seeded white bread bun containing 2 cooked beef burgers and a slice of processed cheese, served with a sachet of burger sauce.",,https://assets.sainsburys-groceries.co.uk/gol/8066668/1/640x640.jpg,"Nutrient	Per 100g (as sold)	Per Burger (as sold)
Energy	1244kJ/ 296kcal	2538kJ/ 605kcal
Fat	18g	36.7g
of which saturates	6.1g	12.4g
Carbohydrate	21.3g	43.4g
of which sugars	4.0g	8.2g
Fibre	1.4g	2.9g
Protein	12g	24.4g
Salt	1.73g	3.5g","Sesame Seeded Bun: Wheat Flour (with Calcium, Iron, Niacin, Thiamin), Water, Sugar, Yeast, Sesame Seeds (2%), Vegetable Oils (Palm and Rapeseed), Salt, Emulsifiers (E472e, E471), Preservative (E282), Flour Treatment Agent (E300), Cooked Beefburgers (46%): Beef (67%), Wheat Flour (contains: Calcium Carbonate, Iron, Niacin, Thiamin), Soya Protein, Salt, Dextrose, Wheat Protein, Onion Powder, Onion Extract, Stack Sauce (11%): Water, Rapeseed oil, Onion Mix (Onion Diced, Water, Sugar, Gherkins, Cornflour, Spirit Vinegar, Non Brewed Condiment (Water, Acetic acid), Dill, Salt, Dill Oil), Spirit vinegar, American Mustard, Tomato Paste, Cornflour, Milk Proteins, Sugar, Salt, Garlic powder, Dill, Paprika Ground, Potassium Sorbate (Preservative), Onion powder, Processed Cheese Slice (7%): (Milk) (60%), Water, Whey Powder (Milk), Butter (Milk), Emulsifying Salts (E452, E339), Natural Cheese Flavouring (Milk), Calcium Phosphate, Milk Proteins, Colours (E160a, E160c)",https://www.sainsburys.co.uk/gol-ui/product/snacksters-big-stack-204g,,2024-08-20T22:54:10.612212-04:00
66-2451-DAI,Royal Chilli Con Carne & Rice 400g,Royal,"Dairy, eggs & chilled",,,,£3.25,,,£8.13 / kg,7962447.0,Chilli Con Carne & Rice,,https://assets.sainsburys-groceries.co.uk/gol/7962447/1/640x640.jpg,"Nutrient	as sold Per 100g	as sold Each Pack (400g) contains
Energy	521kJ/ 124kcal	2084kJ/ 494kcal
Fat	3.5g	14g
of which Saturates	1.2g	4.7g
Carbohydrate	18g	71g
of which Sugars	1.2g	4.7g
Fibre	1.2g	4.7g
Protein	5.2g	21g
Salt	0.45g	1.8g","Water, Thai Long Grain Rice (18%), Beef Mince (14%), Red Kidney Beans, Tomato, Onion, Red Pepper, Tomato Paste, Parsley (1%), Jalapeno, Cornflour, Rapeseed Oil, Garlic Puree, Beef Flavour Stock (Vegetable Stock (Water, Onion, Carrot Extract, Tomato, Celeriac, Herb), Flavourings, Glucose Syrup, Yeast Extracts, Salt, Colour: Plain Caramel, Rapeseed Oil, Maltodextrin, Sugar), Salt, Ground Coriander, Ground Cumin, Ground Paprika, Colour: Paprika Extract E160c",https://www.sainsburys.co.uk/gol-ui/product/royal-chilli-con-carne-rice-400g,,2024-08-20T22:54:28.982512-04:00
66-2452-DAI,Royal Chilli Chicken & Rice 400g,Royal,"Dairy, eggs & chilled",Ready meals,All ready meals,,£3.25,,,£8.13 / kg,7962405.0,Chilli Chicken & Rice,,https://assets.sainsburys-groceries.co.uk/gol/7962405/1/640x640.jpg,"Nutrient	as sold Per 100g	as sold Each Pack (400g) contains
Energy	606kJ/ 144kcal	2423kJ/ 577kcal
Fat	5.5g	4.5g
of which Saturates	1.1g	78g
Carbohydrate	19g	78g
of which Sugars	1.5g	6.1g
Fibre	0.6g	2.4g
Protein	4.2g	17g
Salt	0.29g	1.2g","Water, Rice (19%), Crispy Chicken (10%) (Chicken Breast (82%), Wheat Flour, Water, Modified Tapioca Starch, Salt, Corn Starch, Palm Oil, Raising Agents (Disodium Diphosphate, Sodium Bicarbonate), Yeast Extract, Onion, Garlic, Tapioca Starch, Spices (White Pepper, Black Pepper), Sugar, Stabilizer (Sodium Tripolyphosphate), Yeast, Spice Extract (Paprika), Soy Sauce (Water, Soya Beans, Wheat, Salt), Rapeseed Oil, Onion, Green Pepper, Red Pepper, Egg (2%), Green Peas, Cornflour, Spring Onion, Garlic Puree, Sugar, Ginger Puree, Toasted Sesame Seed Oil, Chicken Flavour Stock (Vegetable Stock (Water, Onion, Carrot Juice, Tomato, Herb Extract), Glucose Syrup, Flavourings, Yeast Extracts, Salt, Maltodextrin, Sugar, Sunflower Oil, Rapeseed Oil), Green Chilli Puree, Chilli Powder, Salt, Citric Acid E330",https://www.sainsburys.co.uk/gol-ui/product/royal-chilli-chicken-rice-400g,,2024-08-20T22:54:42.384791-04:00
66-2453-DAI,Royal Chicken Mushroom Risotto Halal 400g,Royal,"Dairy, eggs & chilled",Ready meals,All ready meals,,£3.50,,,£8.75 / kg,8130461.0,,,https://assets.sainsburys-groceries.co.uk/gol/8130461/1/640x640.jpg,"Nutrient	as sold Per 100g	as sold Each Pack (400g) contains
Energy kJ	695	2780
kcal	166	664
Fat (g)	8.2	32.8
of which saturates (g)	2.8	11.2
Carbohydrate (g)	12.8	51.2
of which sugars (g)	0.7	2.8
Fibre (g)	0.7	2.8
Protein (g)	9.9	39.6
Salt (g)	1.60	6.40","Chestnut Mushroom 21%, Chicken Breast 19%, Water, Brown Arborio Rice 13%, Mozzarella Cheese (Milk, Salt), Spinach, Double Cream (Milk), Onion, Rapeseed Oil, Garlic, Celery, Stock Powder (Vegetable Stock (Water, Onion, Carrot Juice, Tomato, Herb Extract), Glucose Syrup, Flavourings, Yeast Extracts, Salt, Maltodextrin, Sugar, Sunflower Oil, Rapeseed Oil), Salt, Garlic Puree, Ginger Puree, Lemon Juice",https://www.sainsburys.co.uk/gol-ui/product/royal-chicken-mushroom-risotto-halal-400g,,2024-08-20T22:55:00.796119-04:00
66-2454-DAI,Royal Lamb Kheema 350g,Royal,"Dairy, eggs & chilled",Ready meals,All ready meals,,£3.50,,,£10.00 / kg,8117206.0,,,https://assets.sainsburys-groceries.co.uk/gol/8117206/1/640x640.jpg,"Nutrient	as sold Per 100g	as sold Each Pack (350g) contains
Energy kJ	544	1904
kcal	130	455
Fat (g)	6.9	24.2
of which saturates (g)	1.2	4.2
Carbohydrate (g)	5.1	17.9
of which sugars (g)	0.3	1.1
Fibre (g)	3.1	10.9
Protein (g)	10.4	36.4
Salt (g)	0.76	2.66","86% Lamb Kheema (Minced Lamb (50%), Chopped Tomatoes (Tomatoes, Tomato Juice), Water, Onion, Rapeseed Oil, Ginger Puree, Garlic Puree, Cashew Nut Paste, Cornflour, Coriander Leaf, Chilli Powder, Ground Coriander, Garam Masala, Ground Turmeric, Colour: Paprika Extract E160c, Fenugreek Leaves Powder), 9% Fried Potatoes (Potatoes, Rapeseed Oil), 5% Blanched Green Peas",https://www.sainsburys.co.uk/gol-ui/product/royal-lamb-kheema-350g,,2024-08-20T22:55:19.414569-04:00
66-2455-DAI,"Sainsbury's Boston Style BBQ Beans, Taste the Difference 300g",Sainsbury's,"Dairy, eggs & chilled",,,,£3.50,,,£11.67 / kg,8189124.0,Haricot beans and smoked bacon in a tomato sauce with spices,,https://assets.sainsburys-groceries.co.uk/gol/8189124/1/640x640.jpg,,,https://www.sainsburys.co.uk/gol-ui/product/sainsburys-boston-style-bbq-beans-taste-the-difference-300g,,2024-08-20T22:55:46.095737-04:00
66-2456-DAI,Dega Spicy Salad with Mackerel 130g,Dega,"Dairy, eggs & chilled",Ready meals,All ready meals,,85p,,,65p / 100g,8143214.0,Spicy salad with mackerel.,,https://assets.sainsburys-groceries.co.uk/gol/8143214/1/640x640.jpg,"Nutrient	per 100 g of product:
Energy	575kJ/ 139kcal
Fat	9,1g
of which saturates	1,2g
Carbohydrate	6,8g
of which sugars	5,6g
Protein	5,1g
Salt	1,3g","Shredded Salmon 22%, Water, Tomato Paste, Carrot, Minced Mackerel 5% (Scomber scombrus)*, Celery, Onion, Parsley, Rapeseed Oil, Wheat Fiber, Sugar, Spirit Vinegar, Salt, Spices, Paprika Extract, *FAO 27 fishing are, The North East Atlantic Ocean, fishing method - A - trawls or B - surrounding nets and lift nets - identified as the last letter the package",https://www.sainsburys.co.uk/gol-ui/product/dega-spicy-salad-with-mackerel-130g,,2024-08-20T22:55:59.272101-04:00
66-2457-DAI,Sainsbury's Mango 250g,Sainsbury's,"Dairy, eggs & chilled",Discover,Picnic essentials,,£2.35,,,£9.40 / kg,7431384.0,Mango chunks,,https://assets.sainsburys-groceries.co.uk/gol/7431384/1/640x640.jpg,,,https://www.sainsburys.co.uk/gol-ui/product/sainsburys-mango-250g,,2024-08-20T22:56:19.954037-04:00
66-2458-DAI,Sainsbury's Pineapple 160g,Sainsbury's,"Dairy, eggs & chilled",Sandwiches & food to go,"Fruit, snacks & treats",,£1.35,,,£8.44 / kg,7742144.0,Pineapple chunks,,https://assets.sainsburys-groceries.co.uk/gol/7742144/1/640x640.jpg,,,https://www.sainsburys.co.uk/gol-ui/product/sainsburys-pineapple-160g,,2024-08-20T22:56:41.849546-04:00
66-2459-DAI,Sainsbury's Watermelon 160g,Sainsbury's,"Dairy, eggs & chilled",Sandwiches & food to go,"Fruit, snacks & treats",,£1.35,,,£8.44 / kg,7992354.0,Watermelon chunks,,https://assets.sainsburys-groceries.co.uk/gol/7992354/1/640x640.jpg,,,https://www.sainsburys.co.uk/gol-ui/product/sainsburys-watermelon-160g,,2024-08-20T22:57:03.384352-04:00
66-2460-DAI,Sainsbury's Melon & Grape 160g,Sainsbury's,"Dairy, eggs & chilled",Sandwiches & food to go,"Fruit, snacks & treats",,£1.35,,,£8.44 / kg,7742133.0,Melon and grape,,https://assets.sainsburys-groceries.co.uk/gol/7742133/1/640x640.jpg,,,https://www.sainsburys.co.uk/gol-ui/product/sainsburys-melon---grape-160g,,2024-08-20T22:57:24.774323-04:00
66-2461-DAI,Sainsbury’s Melon 500g,Sainsbury’s,"Dairy, eggs & chilled",Sandwiches & food to go,"Fruit, snacks & treats",,£3.20,,,£6.40 / kg,7791671.0,Melon,,https://assets.sainsburys-groceries.co.uk/gol/7791671/1/640x640.jpg,,,https://www.sainsburys.co.uk/gol-ui/product/sainsburys-melon-fridge-bag-500g,,2024-08-20T22:57:46.269029-04:00
66-2462-DAI,Sainsbury's Berry Fruit Salad 240g,Sainsbury's,"Dairy, eggs & chilled",Discover,Picnic essentials,,£2.35,,,£9.79 / kg,7773835.0,"Grape, strawberry, raspberry and blueberry",,https://assets.sainsburys-groceries.co.uk/gol/7773835/1/640x640.jpg,,,https://www.sainsburys.co.uk/gol-ui/product/sainsburys-berry-fruit-salad-240g,,2024-08-20T22:58:07.424699-04:00
66-2463-DAI,Sainsbury's Egg Bites x12 216g,Sainsbury's,"Dairy, eggs & chilled",Sandwiches & food to go,"Fruit, snacks & treats",,£1.49,,,69p / 100g,388061.0,British Pork sausagemeat filled with egg mayonnaise and coated in breadcrumbs,,https://assets.sainsburys-groceries.co.uk/gol/388061/1/640x640.jpg,,,https://www.sainsburys.co.uk/gol-ui/product/sainsburys-egg-bites-x12-216g,,2024-08-20T22:58:28.682595-04:00
66-2464-DAI,"Sainsbury's On the Go Cheddar, Red Leicester & Red Onion Sandwich",Sainsbury's,"Dairy, eggs & chilled",Sandwiches & food to go,Meal deal,,£1.75,,,£1.75 / ea,1320121.0,"Mayonnaise, medium mature Cheddar cheese, red Leicester cheese and red onion on oatmeal bread",,https://assets.sainsburys-groceries.co.uk/gol/1320121/1/640x640.jpg,,,https://www.sainsburys.co.uk/gol-ui/product/sainsburys-cheese---onion-sandwich,,2024-08-20T22:58:49.648358-04:00
66-2465-DAI,Sainsbury’s Pineapple 500g,Sainsbury’s,"Dairy, eggs & chilled",Sandwiches & food to go,"Fruit, snacks & treats",,£3.20,,£2.70,£6.40 / kg,7791371.0,Pineapple,,https://assets.sainsburys-groceries.co.uk/gol/7791371/1/640x640.jpg,,,https://www.sainsburys.co.uk/gol-ui/product/sainsburys-pineapple-fridge-bag-500g,,2024-08-20T22:59:05.894632-04:00
66-2466-DAI,Deli Kitchen Carb Lite Wraps x6 300g,Deli,"Dairy, eggs & chilled",Special offers,,,£1.85,,£1.50,31p / ea,8058998.0,"6 Wheat tortilla wraps made with wheat fibre, pea protein isolate and ground golden linseeds",,https://assets.sainsburys-groceries.co.uk/gol/8058998/1/640x640.jpg,"Nutrient	per 100g	per Tortilla (50g)	% RI*	RI* for an average adult
Energy kJ	1067	534	6	8400
Energy kcal	254	127	-	2000
Fat	6.5g	3.2g	5	70
of which saturates	2g	1.0g	5	20
Carbohydrate	29.3g	14.6g	-	-
of which sugars	1.6g	0.8g	1	90
Fibre	12g	6.0g	-	-
Protein	13.8g	6.9g	-	-
Salt	0.99g	0.5g	8	6","Wheat Flour (Wheat Flour, Calcium Carbonate, Niacin, Iron, Thiamin), Water, Wheat Fibre (11%), Pea Protein Isolate (9%), Ground Golden Linseeds (7%), Humectant (Glycerol), Palm Oil, Raising Agents (Disodium Diphosphate, Sodium Hydrogen Carbonate), Wheat Gluten, Emulsifier (Mono and Di-Glycerides of Fatty Acids), Acidity Regulator (Citric Acid), Stabiliser (Carboxy Methyl Cellulose), Preservative (Calcium Propionate), Salt, Wheat Starch, Flour Treatment Agent (L-Cysteine Hydrochloride)",https://www.sainsburys.co.uk/gol-ui/product/deli-kitchen-carb-lite-wraps-x6-300g,,2024-08-20T22:59:13.893073-04:00
66-2467-DAI,Sainsbury's Melon & Pineapple Fingers 260g,Sainsbury's,"Dairy, eggs & chilled",Sandwiches & food to go,"Fruit, snacks & treats",,£2.35,,,£9.04 / kg,7465372.0,Melon and pineapple,,https://assets.sainsburys-groceries.co.uk/gol/7465372/1/640x640.jpg,,,https://www.sainsburys.co.uk/gol-ui/product/sainsburys-melon---pineapple-fingers-240g,,2024-08-20T22:59:35.266943-04:00
66-2468-DAI,Sainsbury's Egg & Cress Sandwich,Sainsbury's,"Dairy, eggs & chilled",Sandwiches & food to go,Meal deal,,£1.75,,,£1.75 / ea,7797628.0,Egg mayonnaise and cress on malted bread,,https://assets.sainsburys-groceries.co.uk/gol/7797628/1/640x640.jpg,,,https://www.sainsburys.co.uk/gol-ui/product/sainsburys-egg---cress-sandwich,,2024-08-20T22:59:56.235543-04:00
66-2469-DAI,"Sainsbury's Apple, Pineapple & Grape 160g",Sainsbury's,"Dairy, eggs & chilled",Sandwiches & food to go,"Fruit, snacks & treats",,£1.35,,,£8.44 / kg,7742209.0,"Apple, pineapple and grape",,https://assets.sainsburys-groceries.co.uk/gol/7742209/1/640x640.jpg,,,https://www.sainsburys.co.uk/gol-ui/product/sainsburys-apple--pineapple---grape-160g,,2024-08-20T23:00:17.647831-04:00
66-2470-DAI,Sainsbury's Fruit Platter 350g,Sainsbury's,"Dairy, eggs & chilled",Sandwiches & food to go,"Fruit, snacks & treats",,£3.00,,,£8.57 / kg,7991362.0,"Grape, mango, melon, pineapple and watermelon",,https://assets.sainsburys-groceries.co.uk/gol/7991362/1/640x640.jpg,,,https://www.sainsburys.co.uk/gol-ui/product/sainsburys-fruit-platter,,2024-08-20T23:00:39.017414-04:00
66-2471-DAI,Sainsbury's Prawn Mayo Sandwich,Sainsbury's,"Dairy, eggs & chilled",Sandwiches & food to go,Sandwiches & wraps,,£2.85,,,£2.85 / ea,8162895.0,Prawn mayonnaise on oatmeal bread,,https://assets.sainsburys-groceries.co.uk/gol/8162895/1/640x640.jpg,,,https://www.sainsburys.co.uk/gol-ui/product/sainsburys-prawn-mayo-sandwich-8162895-p-44,,2024-08-20T23:01:00.429018-04:00
66-2472-DAI,Sainsbury's Mini Egg Bites x18 216g,Sainsbury's,"Dairy, eggs & chilled",Sandwiches & food to go,"Fruit, snacks & treats",,£2.60,,,£1.20 / 100g,7563390.0,British pork sausagemeat bites filled with egg mayonnaise and coated in breadcrumbs,,https://assets.sainsburys-groceries.co.uk/gol/7563390/1/640x640.jpg,,,https://www.sainsburys.co.uk/gol-ui/product/sainsburys-mini-egg-bites-x18-216g,,2024-08-20T23:01:21.854719-04:00
66-2473-DAI,Sainsbury's Chicken Salad Sandwich,Sainsbury's,"Dairy, eggs & chilled",Sandwiches & food to go,Meal deal,,£2.85,,,£2.85 / ea,7798851.0,"Chicken breast, black pepper mayonnaise, tomato, cucumber and lettuce on malted bread",,https://assets.sainsburys-groceries.co.uk/gol/7798851/1/640x640.jpg,,,https://www.sainsburys.co.uk/gol-ui/product/sainsburys-chicken-salad-sandwich,,2024-08-20T23:01:42.947064-04:00
66-2474-DAI,"Sainsbury's Middle Eastern Inspired Beetroot Salad Summer Edition, Taste the Difference 260g",Sainsbury's,"Dairy, eggs & chilled",Sandwiches & food to go,Pasta & salad,,£3.25,,£2.75,£1.25 / 100g,8181701.0,"Cooked giant couscous, cooked black barley, chickpeas and raisins in a spiced herb dressing with a labneh, Greek style yogurt and mint dip finished with roasted beetroot wedges.",,https://assets.sainsburys-groceries.co.uk/gol/8181701/1/640x640.jpg,,,https://www.sainsburys.co.uk/gol-ui/product/sainsburys-middle-eastern-inspired-beetroot-salad-summer-edition-taste-the-difference-260g,,2024-08-20T23:01:59.199925-04:00
66-2475-DAI,Sainsbury's Oakwood Smoked Ham & Cheddar Sandwich,Sainsbury's,"Dairy, eggs & chilled",Sandwiches & food to go,Meal deal,,£2.85,,,£2.85 / ea,7799121.0,"Oak smoked formed ham with added water, medium mature Cheddar cheese and mayonnaise on malted bread",,https://assets.sainsburys-groceries.co.uk/gol/7799121/1/640x640.jpg,,,https://www.sainsburys.co.uk/gol-ui/product/sainsburys-oakwood-smoked-ham---cheddar-sandwich,,2024-08-20T23:02:20.526893-04:00
66-2476-DAI,Sainsbury's Breaded Chicken Bites x20 200g,Sainsbury's,"Dairy, eggs & chilled",Sandwiches & food to go,"Fruit, snacks & treats",,£2.60,,,£1.30 / 100g,8057942.0,Chopped reformed seasoned British chicken with savoury breadcrumb coating,,https://assets.sainsburys-groceries.co.uk/gol/8057942/1/640x640.jpg,,,https://www.sainsburys.co.uk/gol-ui/product/sainsburys-breaded-chicken-bites-x20-200g,,2024-08-20T23:02:41.811736-04:00
66-2477-DAI,Sainsbury's Chicken & Maple Cured Bacon Sandwich,Sainsbury's,"Dairy, eggs & chilled",Sandwiches & food to go,Meal deal,,£2.85,,,£2.85 / ea,7798864.0,"Chicken breast, black pepper mayonnaise and beechwood smoked bacon on malted bread",,https://assets.sainsburys-groceries.co.uk/gol/7798864/1/640x640.jpg,,,https://www.sainsburys.co.uk/gol-ui/product/sainsburys-chicken-maple-cured-bacon-sandwich,,2024-08-20T23:03:03.507692-04:00
66-2478-DAI,Sainsbury's On the Go Tomato & Basil Chicken Pasta Salad 300g,Sainsbury's,"Dairy, eggs & chilled",Sandwiches & food to go,Pasta & salad,,£2.95,,,98p / 100g,8052451.0,"Cooked pasta with a tomato and basil mayonnaise dressing, tomato and spinach topped with marinated cooked sliced chicken",,https://assets.sainsburys-groceries.co.uk/gol/8052451/1/640x640.jpg,,,https://www.sainsburys.co.uk/gol-ui/product/sainsburys-on-the-go-tomato-basil-chicken-pasta-salad-300g,,2024-08-20T23:03:25.008475-04:00
66-2479-DAI,Sainsbury's Red Leicester Ploughmans Sandwich,Sainsbury's,"Dairy, eggs & chilled",Sandwiches & food to go,Meal deal,,£2.85,,,£2.85 / ea,7798602.0,"Red Leicester cheese, tomato, Branston® small chunk pickle and lettuce on malted bread",,https://assets.sainsburys-groceries.co.uk/gol/7798602/1/640x640.jpg,,,https://www.sainsburys.co.uk/gol-ui/product/sainsburys-red-leicester-ploughmans-sandwich,,2024-08-20T23:03:46.512996-04:00
66-2480-DAI,Sainsbury's Watermelon 300g,Sainsbury's,"Dairy, eggs & chilled",Sandwiches & food to go,"Fruit, snacks & treats",,£2.35,,,£7.83 / kg,8108179.0,Watermelon chunks,,https://assets.sainsburys-groceries.co.uk/gol/8108179/1/640x640.jpg,,,https://www.sainsburys.co.uk/gol-ui/product/sainsburys-watermelon-300g,,2024-08-20T23:04:07.654211-04:00
66-2481-DAI,Fish Sushi Selection,Fish,"Dairy, eggs & chilled",Sandwiches & food to go,Special offers,,£3.00,,,£2.00 / 100g,8163329.0,"1 Surimi, red pepper and rocket California roll with a sesame seed coating, 1 smoked Scottish salmon, soft cheese and chive California roll with a sesame seed coating, 1 smoked Scottish salmon nigiri, 1 king prawn nigiri, 1 red pepper hosomaki roll, 1 carrot and ginger hosomaki roll with a bottle of soy sauce",,https://assets.sainsburys-groceries.co.uk/gol/8163329/1/640x640.jpg,,,https://www.sainsburys.co.uk/gol-ui/product/fish-sushi-selection,,2024-08-20T23:04:29.024766-04:00
66-2482-DAI,Sainsbury's Pink Lady Apple 350g,Sainsbury's,"Dairy, eggs & chilled",Sandwiches & food to go,"Fruit, snacks & treats",,£2.50,,,£7.14 / kg,7857195.0,Pink Lady® apple,,https://assets.sainsburys-groceries.co.uk/gol/7857195/1/640x640.jpg,,,https://www.sainsburys.co.uk/gol-ui/product/sainsburys-pink-lady-apple-bag-350g,,2024-08-20T23:04:49.969242-04:00
66-2483-DAI,"Sainsbury's On the Go Mozzarella, Tomato & Basil Pasta Salad 225g",Sainsbury's,"Dairy, eggs & chilled",Sandwiches & food to go,Pasta & salad,,£2.95,,,£1.31 / 100g,8052512.0,Cooked pasta in a tomato and basil dressing with mozzarella balls and spinach,,https://assets.sainsburys-groceries.co.uk/gol/8052512/1/640x640.jpg,,,https://www.sainsburys.co.uk/gol-ui/product/sainsburys-on-the-go-mozzarella-tomato-basil-pasta-salad-225g,,2024-08-20T23:05:11.121081-04:00
66-2484-DAI,"Sainsbury's Beef, Horseradish Mayonnaise Sandwich",Sainsbury's,"Dairy, eggs & chilled",Special offers,,,£3.15,,,£3.15 / ea,7797561.0,"Medium rare British beef, horseradish mayonnaise, rocket and lettuce on white bread",,https://assets.sainsburys-groceries.co.uk/gol/7797561/1/640x640.jpg,,,https://www.sainsburys.co.uk/gol-ui/product/sainsburys-beef-horseradish-mayonnaise-sandwich,,2024-08-20T23:05:32.609266-04:00
66-2485-DAI,Sainsbury's On the Go Smoked Salmon & Cream Cheese on Oatmeal Bread,Sainsbury's,"Dairy, eggs & chilled",Special offers,,,£3.15,,,£3.15 / ea,7799642.0,Smoked salmon with cream cheese and lemon on oatmeal bread,,https://assets.sainsburys-groceries.co.uk/gol/7799642/1/640x640.jpg,,,https://www.sainsburys.co.uk/gol-ui/product/sainsburys-on-the-go-smoked-salmon-cream-cheese-on-oatmeal-bread,,2024-08-20T23:05:53.995381-04:00
66-2486-DAI,Sainsbury's Chicken Caesar Salad 180g,Sainsbury's,"Dairy, eggs & chilled",Sandwiches & food to go,Meal deal,,£3.00,,,£1.67 / 100g,8054062.0,"Lettuce, cooked sliced chicken breast, croutons and Parmigiano Reggiano cheese with a pot of Caesar dressing",,https://assets.sainsburys-groceries.co.uk/gol/8054062/1/640x640.jpg,,,https://www.sainsburys.co.uk/gol-ui/product/sainsburys-chicken-ceasar-salad,,2024-08-20T23:06:15.550943-04:00
66-2487-DAI,Oasis Summer Fruits 500ml,Oasis,Drinks,Sandwiches & food to go,Meal deal,500ML,£1.95,,,39p / 100ml,3741641.0,Still Summer Fruits Juice Drink with Sugar and Sweeteners,,https://assets.sainsburys-groceries.co.uk/gol/3741641/1/640x640.jpg,"Nutrient	Per 100 ml:	Per 250ml (%*):
Energy:	76kJ	191kJ
:	18kcal	45kcal (2%)
Fat:	0g	0g (0%)
of which saturates:	0g	0g (0%)
Carbohydrate:	4.1g	10g (4%)
of which sugars:	4.0g	10g (11%)
Protein:	0g	0g (0%)
Salt:	0.08g	0.21g (4%)","Water, Fruit Juices from Concentrate 5% (Apple 1.7%, Strawberry 1.5%, Redcurrant 1.2%, Cherry 0.6%), Sugar, Acid (Citric Acid), Fruit and Vegetable Concentrates (Carrot, Apple, Blackcurrant, Blueberry, Hibiscus), Natural Berry Flavouring with other Natural Flavourings, Stabiliser (Polyphosphates), Acidity Regulator (Sodium Citrates), Preservatives (Potassium Sorbate, Sodium Benzoate), Sweeteners (Aspartame, Acesulfame K)",https://www.sainsburys.co.uk/gol-ui/product/oasis-summer-fruits-500ml,,2024-08-19T04:28:51.984051-04:00
66-2488-DAI,"Sainsbury's Maple Cured Bacon, Lettuce & Tomato Sandwich",Sainsbury's,"Dairy, eggs & chilled",Sandwiches & food to go,Meal deal,,£2.85,,,£2.85 / ea,7799118.0,"Beechwood smoked bacon, tomato, lettuce and mayonnaise on malted bread",,https://assets.sainsburys-groceries.co.uk/gol/7799118/1/640x640.jpg,,,https://www.sainsburys.co.uk/gol-ui/product/sainsburys-maple-cured-bacon--lettuce---tomato-sandwich,,2024-08-20T23:06:36.973846-04:00
66-2489-DAI,Sainsbury's On the Go Chicken & Bacon Caesar Wrap,Sainsbury's,"Dairy, eggs & chilled",Special offers,,,£3.15,,,£3.15 / ea,7799556.0,"Chicken, Caesar mayonnaise, lettuce, smoked bacon and Italian style hard cheese in a tortilla wrap",,https://assets.sainsburys-groceries.co.uk/gol/7799556/1/640x640.jpg,,,https://www.sainsburys.co.uk/gol-ui/product/sainsburys-on-the-go-chicken-bacon-caesar-wrap,,2024-08-20T23:06:58.673454-04:00
66-2490-DAI,"Sainsbury's On the Go Apple, Grape & Strawberry 135g",Sainsbury's,"Dairy, eggs & chilled",Sandwiches & food to go,"Fruit, snacks & treats",,£1.35,,,£10.00 / kg,7992360.0,"Apple, grape and strawberry",,https://assets.sainsburys-groceries.co.uk/gol/7992360/1/640x640.jpg,,,https://www.sainsburys.co.uk/gol-ui/product/sainsburys-ftg-apple-grape-strawberry-135g,,2024-08-20T23:07:20.220982-04:00
66-2491-DAI,Sainsbury's Tuna Mayo Sandwich,Sainsbury's,"Dairy, eggs & chilled",Sandwiches & food to go,Meal deal,,£1.75,,,£1.75 / ea,7799020.0,Tuna Mayonnaise on oatmeal bread,,https://assets.sainsburys-groceries.co.uk/gol/7799020/1/640x640.jpg,,,https://www.sainsburys.co.uk/gol-ui/product/sainsburys-tuna-mayo-sandwich,,2024-08-20T23:07:41.819770-04:00
66-2492-DAI,"Sainsbury's Middle Eastern Inspired Carrot Salad, Taste the Difference 250g",Sainsbury's,"Dairy, eggs & chilled",Sandwiches & food to go,Pasta & salad,,£3.25,,£2.75,£1.30 / 100g,8181703.0,"Cooked giant couscous, cooked wheat berries and cranberries in a spiced lime and orange dressing with a Greek style yogurt, mint and cumin seed dip finished with roasted sumac carrot wedges mixed with pumpkin seeds, sunflower seeds and chilli.",,https://assets.sainsburys-groceries.co.uk/gol/8181703/1/640x640.jpg,,,https://www.sainsburys.co.uk/gol-ui/product/sainsburys-middle-eastern-inspired-carrot-salad-taste-the-difference-250g,,2024-08-20T23:07:58.032275-04:00
66-2493-DAI,Taste Original Chicken Satay Skewers & Sweet Chilli Dip 55g,Taste,"Dairy, eggs & chilled",Sandwiches & food to go,Sandwiches & wraps,,£1.50,,,£2.73 / 100g,8168274.0,Reformed Marinated Chicken with Spices Cooked onto a Wooden Skewer with Sweet Chilli Sauce.,,https://assets.sainsburys-groceries.co.uk/gol/8168274/1/640x640.jpg,"Nutrient	As sold per 100g
Energy	1040kJ/ 249kcal
Fat	13.4g
of which saturates	2.3g
Carbohydrate	18.3g
of which sugars	17.3g
Fibre	0.6g
Protein	13.4g
Salt	1.30g","Chicken Satay (73%) (Chicken (87%), Chicken Fat, Rapeseed Oil, Mustard Flour, Sugar, Dextrose, Salt, Ginger Extract, Yeast Extract, Stabilisers (Diphosphates, Polyphosphates), Garlic Powder, Cayenne Pepper, Soybean, Ginger, Spirit Vinegar), Sweet Chilli Dip (27%) (Sugar, Water, Distilled Barley Malt Vinegar, Cornflour, Red Chilli Purée (2%), Garlic Purée, Salt, Paprika, Natural Flavouring, Preservative (Potassium Sorbate))",https://www.sainsburys.co.uk/gol-ui/product/taste-original-chicken-satay-skewers-sweet-chilli-dip-55g,,2024-08-20T23:08:11.544087-04:00
66-2494-DAI,Coca-Cola Original Taste 500ml,Coca-Cola,Drinks,Sandwiches & food to go,Meal deal,500ML,£1.95,,£2.00,39p / 100ml,2876733.0,Sparkling Soft Drink with Plant Extracts,,https://assets.sainsburys-groceries.co.uk/gol/2876733/1/640x640.jpg,,"Carbonated Water, Sugar, Colour (Caramel E150d), Acid (Phosphoric Acid), Natural Flavourings including Caffeine",https://www.sainsburys.co.uk/gol-ui/product/coca-cola-500ml,,2024-08-19T04:31:41.225336-04:00
66-2495-DAI,Big Hoops BBQ Beef Grab Bag Crisps 45g,Big,"Dairy, eggs & chilled",Sandwiches & food to go,"Fruit, snacks & treats",,£1.10,,,£2.44 / 100g,7558451.0,Barbecue Beef Flavour Potato Rings,,https://assets.sainsburys-groceries.co.uk/gol/7558451/1/640x640.jpg,,"Potato (Dried Potato & Potato Starch), Sunflower Oil (26%), Barbecue Beef Flavour [Rice Flour, Salt, Dried Yeast Extract, Sweet Whey Powder (Milk), Dried Onion, Potassium Chloride, Sugar, Natural Flavouring, Dried Tomato, Maltodextrin, Colour: Paprika Extract], Natural Flavouring (contains Potassium Chloride, Dried Yeast Extract, Salt, Maltodextrin, Dried Onion), Salt",https://www.sainsburys.co.uk/gol-ui/product/hula-hoops-big-hoops-bbq-potato-rings-50g,,2024-08-20T23:08:24.668552-04:00
66-2496-DAI,"Sainsbury's Melon, Kiwi & Strawberry 220g",Sainsbury's,"Dairy, eggs & chilled",Sandwiches & food to go,"Fruit, snacks & treats",,£2.35,,£1.85,£10.68 / kg,7973644.0,"Melon, kiwi fruit and strawberry",,https://assets.sainsburys-groceries.co.uk/gol/7973644/1/640x640.jpg,,,https://www.sainsburys.co.uk/gol-ui/product/sainsburys-melon-kiwi-strawberry-220g,,2024-08-20T23:08:41.425820-04:00
66-2497-DAI,"Sainsbury's Asian Inspired Tenderstem Broccoli Salad Summer Edition, Taste the Difference 250g",Sainsbury's,"Dairy, eggs & chilled",Sandwiches & food to go,Pasta & salad,,£3.25,,£2.75,£1.30 / 100g,8181705.0,"Cooked grains, edamame soya beans and carrot in a soy sauce, lemongrass and lime leaf dressing with a red miso, red pepper and chilli dip and finished with Tenderstem® broccoli.",,https://assets.sainsburys-groceries.co.uk/gol/8181705/1/640x640.jpg,,,https://www.sainsburys.co.uk/gol-ui/product/sainsburys-asian-inspired-tenderstem-broccoli-salad-summer-edition-taste-the-difference-250g,,2024-08-20T23:08:57.734352-04:00
66-2498-DAI,Sainsbury's Melon Medley 300g,Sainsbury's,"Dairy, eggs & chilled",Sandwiches & food to go,"Fruit, snacks & treats",,£2.35,,,£7.83 / kg,8108181.0,Melon,,https://assets.sainsburys-groceries.co.uk/gol/8108181/1/640x640.jpg,,,https://www.sainsburys.co.uk/gol-ui/product/sainsburys-melon-medley-300g,,2024-08-20T23:09:19.022233-04:00
66-2499-DAI,"Sainsbury's Brie, Bacon & Chilli Chutney Sandwich",Sainsbury's,"Dairy, eggs & chilled",Sandwiches & food to go,Meal deal,,£3.15,,,£3.15 / ea,7847033.0,"Brie, chilli chutney, beechwood smoked bacon, mayonnaise and spinach on malted bread",,https://assets.sainsburys-groceries.co.uk/gol/7847033/1/640x640.jpg,,,https://www.sainsburys.co.uk/gol-ui/product/sainsburys-brie-bacon-chilli-chutney-sandwich,,2024-08-20T23:09:40.572542-04:00
66-2500-DAI,Sainsbury's All Day Breakfast Sandwich,Sainsbury's,"Dairy, eggs & chilled",Sandwiches & food to go,Meal deal,,£2.85,,,£2.85 / ea,7958372.0,"Free range egg, Cumberland sausage, beechwood smoked bacon, tomato sauce and mayonnaise on white bread",,https://assets.sainsburys-groceries.co.uk/gol/7958372/1/640x640.jpg,,,https://www.sainsburys.co.uk/gol-ui/product/sainsburys-all-day-breakfast-sandwich,,2024-08-20T23:10:01.719556-04:00
66-2501-DAI,Pepsi Max No Sugar Cola Bottle 500ml,Pepsi,Drinks,Sandwiches & food to go,Meal deal,500ML,£1.75,,£2.00,35p / 100ml,7268599.0,Carbonated Low Calorie Cola Flavoured Soft Drink with Sweeteners,,https://assets.sainsburys-groceries.co.uk/gol/7268599/1/640x640.jpg,"Nutrient	Per 100ml	Per 250ml
Energy	2kJ/ 0.4kcal	5kJ/ 1kcal
Fat	0g	0g
of which saturates	0g	0g
Carbohydrate	0g	0g
of which sugars	0g	0g
Protein	0g	0g
Salt	0g	0g","Carbonated Water, Colour (E150d), Sweeteners (Aspartame, Acesulfame K), Acids (Phosphoric Acid, Citric Acid), Flavourings (Including Caffeine), Preservative (Potassium Sorbate)",https://www.sainsburys.co.uk/gol-ui/product/pepsi-max-600ml,,2024-08-19T04:32:58.089009-04:00
66-2502-DAI,Evian Natural Bottled Mineral Still Water 750ml,Evian,Drinks,Sandwiches & food to go,Meal deal,750ML,£1.50,,£1.00,20p / 100ml,3499481.0,Natural mineral water,,https://assets.sainsburys-groceries.co.uk/gol/3499481/1/640x640.jpg,"Nutrient	Composition in mg/litre:		Composition in mg/litre:
Sodium Na+	6.5
Silica SiO₂	15
Bicarbonates HCO₃¯	360
Sulphates SO₄¯ ¯	14
Chlorides CI¯	10
Nitrates NO₃¯	3.8
Dry residue 180°C:	345mg/L
Calcium Ca++	80
Magnesium Mg++	26
Potassium K+	1",,https://www.sainsburys.co.uk/gol-ui/product/evian-natural-mineral-water-750ml-sports-cap-,,2024-08-19T04:34:34.493600-04:00
66-2503-DAI,"Sainsbury's Ham Sandwich, No Mayo",Sainsbury's,"Dairy, eggs & chilled",,,,£1.50,,,£1.50 / ea,7799115.0,Oak smoked formed ham with added water on white bread,,https://assets.sainsburys-groceries.co.uk/gol/7799115/1/640x640.jpg,,,https://www.sainsburys.co.uk/gol-ui/product/sainsburys-ham-sandwich--no-mayo,,2024-08-20T23:10:28.321839-04:00
66-2504-DAI,"Sainsbury's Hot Smoked Salmon & Baby Potato Salad, Taste the Difference",Sainsbury's,"Dairy, eggs & chilled",Sandwiches & food to go,Pasta & salad,,£4.50,,,£4.50 / 317g,8125485.0,"Cooked potatoes in a lemon mayonnaise dressing with hard-boiled free range egg, hot smoked salmon, mixed salad leaf and a wedge of lemon",,https://assets.sainsburys-groceries.co.uk/gol/8125485/1/640x640.jpg,,,https://www.sainsburys.co.uk/gol-ui/product/sainsburys-hot-smoked-salmon-baby-potato-salad-taste-the-difference,,2024-08-20T23:10:49.309899-04:00
66-2505-DAI,"Sainsbury's Apple, Mango, Strawberry & Raspberry 220g",Sainsbury's,"Dairy, eggs & chilled",Sandwiches & food to go,"Fruit, snacks & treats",,£2.35,,,£10.68 / kg,7991364.0,"Apple, mango, strawberry and raspberry",,https://assets.sainsburys-groceries.co.uk/gol/7991364/1/640x640.jpg,,,https://www.sainsburys.co.uk/gol-ui/product/sainsburys-apple-mango-strawberry-raspberry-220g,,2024-08-20T23:11:10.691240-04:00
66-2506-DAI,"Sainsbury's Steak & Caramelised Onion Sandwich, Taste the Difference",Sainsbury's,"Dairy, eggs & chilled",Sandwiches & food to go,Sandwiches & wraps,,£4.25,,,£4.25 / ea,7980040.0,"Medium rare British beef, caramelised red onion, ale and onion chutney, gravy mayonnaise, spinach and rocket on onion bread",,https://assets.sainsburys-groceries.co.uk/gol/7980040/1/640x640.jpg,,,https://www.sainsburys.co.uk/gol-ui/product/sainsburys-steak-caramelised-onion-on-the-go,,2024-08-20T23:11:31.726035-04:00
66-2507-DAI,"Sainsbury's Mozzarella, Tomato, Mayonnaise & Basil Pesto Tortilla Wrap",Sainsbury's,"Dairy, eggs & chilled",Special offers,,,£3.15,,,£3.15 / ea,7798436.0,"Mozzarella, slow roast tomatoes, rocket, mayonnaise and basil pesto in a tomato tortilla wrap",,https://assets.sainsburys-groceries.co.uk/gol/7798436/1/640x640.jpg,,,https://www.sainsburys.co.uk/gol-ui/product/sainsburys-mozzarella-tomato-mayonnaise-basil-pesto-tortilla-wrap,,2024-08-20T23:11:52.660751-04:00
66-2508-DAI,Sainsbury's Southern Fried Chicken Wrap,Sainsbury's,"Dairy, eggs & chilled",Sandwiches & food to go,Sandwiches & wraps,,£3.15,,,£3.15 / ea,8166144.0,"Southern fried chicken breast goujon with mayonnaise, lettuce, carrot, cabbage, barbecue sauce and onion in a tortilla wrap",,https://assets.sainsburys-groceries.co.uk/gol/8166144/1/640x640.jpg,,,https://www.sainsburys.co.uk/gol-ui/product/sainsburys-southern-fried-chicken-wrap-8166144-p-44,,2024-08-20T23:12:14.262651-04:00
66-2509-DAI,Big Hoops Salted Grab Bag Crisps 45g,Big,"Dairy, eggs & chilled",Sandwiches & food to go,"Fruit, snacks & treats",,£1.10,,,£2.44 / 100g,7553100.0,Salted Potato Rings,,https://assets.sainsburys-groceries.co.uk/gol/7553100/1/640x640.jpg,,"Potato (Dried Potato & Potato Starch), Sunflower Oil (26%), Salt, Potassium Chloride",https://www.sainsburys.co.uk/gol-ui/product/hula-hoops-big-hoops-original-potato-rings-50g,,2024-08-20T23:12:27.441138-04:00
66-2510-DAI,Coca-Cola Zero Sugar 500ml,Coca-Cola,Drinks,Sandwiches & food to go,Meal deal,500ML,£1.75,,£2.00,35p / 100ml,6420089.0,Sparkling Low Calorie Soft Drink with Plant Extracts with Sweeteners.,,https://assets.sainsburys-groceries.co.uk/gol/6420089/1/640x640.jpg,,"Carbonated Water, Colour (E150d), Acid (Phosphoric Acid), Sweeteners (Aspartame, Acesulfame-K, Enzymatically produced Steviol Glycosides), Natural Flavourings, Caffeine Flavouring, Acidity Regulator (Sodium Citrates)",https://www.sainsburys.co.uk/gol-ui/product/coke-zero-500ml,,2024-08-19T04:38:31.970459-04:00
66-2511-DAI,Diet Coke 500ml,Diet,Drinks,Sandwiches & food to go,Meal deal,500ML,£1.75,,£8.50,35p / 100ml,2876740.0,Sparkling Low Calorie Soft Drink with Plant Extracts with Sweeteners,,https://assets.sainsburys-groceries.co.uk/gol/2876740/1/640x640.jpg,,"Carbonated Water, Colour (Caramel E150d), Sweeteners (Aspartame, Acesulfame K), Natural Flavourings including Caffeine, Acids (Phosphoric Acid, Citric Acid)",https://www.sainsburys.co.uk/gol-ui/product/coca-cola--diet-500ml,,2024-08-19T04:36:40.458416-04:00
66-2512-DAI,Sainsbury's Carrot & Houmous 100g,Sainsbury's,"Dairy, eggs & chilled",Sandwiches & food to go,Meal deal,,£1.30,,,£1.30 / 100g,8053880.0,"Carrot with cooked chickpeas, sesame seed paste, concentrated lemon juice and garlic purée",,https://assets.sainsburys-groceries.co.uk/gol/8053880/1/640x640.jpg,,,https://www.sainsburys.co.uk/gol-ui/product/sainsburys-carrot-houmous-100g,,2024-08-20T23:12:48.334954-04:00
66-2513-DAI,Fanta Orange 500mL,Fanta,Drinks,Sandwiches & food to go,Meal deal,500ML,£1.80,,£2.50,36p / 100ml,3300510.0,Sparkling Orange Fruit Drink with Sugar and Sweeteners,,https://assets.sainsburys-groceries.co.uk/gol/3300510/1/640x640.jpg,,"Carbonated Water, Sugar, Orange Juice from Concentrate (3.7%), Citrus Fruit from Concentrate (1.3%), Acids (Citric Acid, Malic Acid), Vegetable Extracts (Carrot, Pumpkin), Sweeteners (Acesulfame K, Sucralose), Preservative (Potassium Sorbate), Acidity Regulator (Sodium Citrates), Stabiliser (Guar Gum), Natural Orange Flavourings with other Natural Flavourings, Antioxidant (Ascorbic Acid)",https://www.sainsburys.co.uk/gol-ui/product/fanta-orange-sparkling-drink-500ml,,2024-08-19T04:36:58.026525-04:00
66-2514-DAI,Walkers Ready Salted Crisps 45g,Walkers,"Dairy, eggs & chilled",Sandwiches & food to go,Meal deal,,£1.00,,,£2.22 / 100g,8001360.0,Ready Salted Potato Crisps,,https://assets.sainsburys-groceries.co.uk/gol/8001360/1/640x640.jpg,"Nutrient	Per 100g:	Per 45g(%*) Pack:
Energy	2162 kJ	973 kJ (12%*)
Energy	518 kcal	233 kcal (12%*)
Fat	31 g	14 g (20%*)
of which Saturates	2.5 g	1.1 g (6%*)
Carbohydrate	52 g	24 g
of which Sugars	0.4 g	0.2 g (<1%*)
Fibre	3.9 g	1.8 g
Protein	6.4 g	2.9 g
Salt	1.3 g	0.60 g (10%*)","Potatoes, Vegetable Oils (Sunflower, Rapeseed, in varying proportions), Salt, Antioxidants (Rosemary Extract, Ascorbic Acid, Tocopherol Rich Extract, Citric Acid).",https://www.sainsburys.co.uk/gol-ui/product/walkers-ready-salted-crisps-45g,,2024-08-20T23:13:01.624253-04:00
66-2515-DAI,Ribena Blackcurrant Juice Drink No Added Sugar 500ml,Ribena,Drinks,Sandwiches & food to go,Meal deal,500ML,£1.55,,,31p / 100ml,4020745.0,No Added Sugar Blackcurrant Juice Drink with sweeteners,250 ml,https://assets.sainsburys-groceries.co.uk/gol/4020745/1/640x640.jpg,"Nutrient	per 100ml	%RI*	per 250ml serving	%RI*		per 100ml	%RI*	per 250ml serving	%RI*
Energy, kJ/kcal	19/ 5	-	49/ 11	-
Carbohydrate, g	0.7	-	1.7	-
of which sugars, g	0.5	-	1.3	-
Salt, g	<0.01	-	0.01	-
Vitamin C, mg	32	40	80	100","Water, Blackcurrant Juice from Concentrate (7%), Acids (Malic Acid, Citric Acid), Acidity Regulators (Calcium Hydroxide, Calcium Carbonate), Extract of Carrot and Hibiscus, Vitamin C, Sweeteners (Aspartame, Acesulfame K), Stabiliser (Xanthan Gum), Flavouring",https://www.sainsburys.co.uk/gol-ui/product/ribena-blackcurrant-light-500ml,,2024-08-19T04:37:20.407192-04:00
66-2516-DAI,Walkers Cheese & Onion Crisps 45g,Walkers,"Dairy, eggs & chilled",Sandwiches & food to go,Meal deal,,£1.00,,,£2.22 / 100g,8001354.0,Cheese & Onion Flavour Potato Crisps,,https://assets.sainsburys-groceries.co.uk/gol/8001354/1/640x640.jpg,"Nutrient	Per 100g:	Per 45g(%*) Pack:
Energy	2137 kJ	962 kJ (11%*)
Energy	512 kcal	230 kcal (11%*)
Fat	29 g	13 g (19%*)
of which Saturates	2.4 g	1.1 g (5%*)
Carbohydrate	53 g	24 g
of which Sugars	2.6 g	1.2 g (1%*)
Fibre	4.0 g	1.8 g
Protein	6.6 g	3.0 g
Salt	1.2 g	0.52 g (9%*)","Potatoes, Vegetable Oils (Sunflower, Rapeseed, in varying proportions), Cheese & Onion Seasoning [Dried Onion, Salt, Dried Milk Whey, Lactose (from Milk), Sugar, Flavouring (contains Milk), Cheese Powder (from Milk), Dried Yeast, Acids (Citric Acid, Malic Acid), Whey Protein (from Milk), Dried Garlic, Colours (Annatto Bixin, Paprika Extract)], Antioxidants (Rosemary Extract, Ascorbic Acid, Tocopherol Rich Extract, Citric Acid).",https://www.sainsburys.co.uk/gol-ui/product/walkers-cheese-onion-crisps-50g,,2024-08-20T23:13:15.854754-04:00
66-2517-DAI,,,"Dairy, eggs & chilled",,,,,,,,,,,,,,https://www.sainsburys.co.uk/gol-ui/product/sainsburys-on-the-go-southern-fried-chicken-pasta-300g,,2024-08-20T23:14:27.599342-04:00
66-2518-DAI,Sainsbury's Coronation Chicken with Apricots & Sultanas,Sainsbury's,"Dairy, eggs & chilled",Sandwiches & food to go,Sandwiches & wraps,,£3.15,,,£3.15 / ea,8111424.0,"Chicken breast, mayonnaise with curry spices, spinach, apricots and sultanas on white bread with black onion seeds",,https://assets.sainsburys-groceries.co.uk/gol/8111424/1/640x640.jpg,,,https://www.sainsburys.co.uk/gol-ui/product/sainsburys-coronation-chicken-with-apricots-sultanas,,2024-08-20T23:14:49.760617-04:00
66-2519-DAI,Lipton Ice Tea Peach Flavoured Still Soft Drink 500ml,Lipton,Drinks,Sandwiches & food to go,Meal deal,500ML,£1.75,,£2.00,35p / 100ml,7278443.0,Still Soft Drink with Tea Extract and Peach Juice with Sugars and Sweetener.,,https://assets.sainsburys-groceries.co.uk/gol/7278443/1/640x640.jpg,"Nutrient	Per 100 ml	Per 250 ml	% per 250 ml*
Energy	56 kJ/ 13 kcal	141 kJ/ 34 kcal	2 %
Fat	0 g	0 g	0 %
- of which saturates	0 g	0 g	0 %
Carbohydrate	3.1 g	7.8 g	3 %
- of which sugars	3.0 g	7.5 g	8 %
Protein	0 g	0 g	0 %
Salt	0.03 g	0.08 g	1 %","Water, Sugars (Sucrose, Fructose), Acids (Malic Acid, Citric Acid), Black Tea Extract (0.12%), Peach Juice from Concentrate (0.1%), Acidity Regulator (Trisodium Citrate), Flavourings, Antioxidant (Ascorbic Acid), Sweetener (Steviol Glycosides from Stevia)",https://www.sainsburys.co.uk/gol-ui/product/lipton-ice-tea-peach-500ml,,2024-08-19T04:39:00.511255-04:00
66-2520-DAI,Sainsbury's Chicken & Bacon Pasta 280g,Sainsbury's,"Dairy, eggs & chilled",Sandwiches & food to go,Pasta & salad,,£2.95,,,£1.18 / 100g,8185810.0,"Cooked pasta, sweetcorn and tomato in a barbecue mayonnaise dressing topped with barbecue marinated cooked chicken and cooked bacon",,https://assets.sainsburys-groceries.co.uk/gol/8185810/1/640x640.jpg,,,https://www.sainsburys.co.uk/gol-ui/product/sainsburys-chicken-bacon-pasta-280g,,2024-08-20T23:15:11.167609-04:00
66-2521-DAI,Sainsbury's On the Go Ham & Cheese Sub Roll,Sainsbury's,"Dairy, eggs & chilled",Bread,Baguettes,,£2.85,,,£2.85 / ea,8046562.0,"Oak smoked formed ham with added water, medium mature Cheddar cheese and black pepper mayonnaise in a semolina topped sub roll",,https://assets.sainsburys-groceries.co.uk/gol/8046562/1/640x640.jpg,,,https://www.sainsburys.co.uk/gol-ui/product/sainsburys-on-the-go-ham-cheese-sub-roll,,2024-08-20T23:15:32.962464-04:00
66-2522-DAI,Sainsbury's Apple & Grape 130g,Sainsbury's,"Dairy, eggs & chilled",Sandwiches & food to go,Meal deal,,£1.35,,,£10.38 / kg,8105838.0,Apple and grape,,https://assets.sainsburys-groceries.co.uk/gol/8105838/1/640x640.jpg,,,https://www.sainsburys.co.uk/gol-ui/product/sainsburys-apple-grape-130g,,2024-08-20T23:15:54.568428-04:00
66-2523-DAI,7UP Zero Sugar Lemon & Lime Bottle 500ml,7UP,Drinks,Sandwiches & food to go,Meal deal,500ML,£1.75,,£8.50,35p / 100ml,7268601.0,Carbonated Low Calorie Lemon and Lime Flavoured Soft Drink with Sweeteners.,,https://assets.sainsburys-groceries.co.uk/gol/7268601/1/640x640.jpg,"Nutrient	Per 100ml	Per 250ml
Energy	8kJ/ 2kcal	20kJ/ 5kcal
Fat	0g	0g
of which Saturates	0g	0g
Carbohydrate	0g	0g
of which Sugars	0g	0g
Protein	0g	0g
Salt	0.04g	0.10g","Carbonated Water, Acids (Citric Acid, Malic Acid), Natural Lemon and Lime Flavouring, Acidity Regulator (Sodium Citrate), Sweeteners (Aspartame, Acesulfame K), Potassium Chloride, Stabiliser (Pectin)",https://www.sainsburys.co.uk/gol-ui/product/7up-free-600ml-7268601-p-44,,2024-08-19T04:43:37.254577-04:00
66-2524-DAI,"Sainsbury's Cheese Sandwich, No Mayo",Sainsbury's,"Dairy, eggs & chilled",,,,£1.50,,,£1.50 / ea,7797975.0,Medium mature Cheddar cheese on white bread,,https://assets.sainsburys-groceries.co.uk/gol/7797975/1/640x640.jpg,,,https://www.sainsburys.co.uk/gol-ui/product/sainsburys-cheese-sandwich--no-mayo,,2024-08-20T23:16:20.766783-04:00
66-2525-DAI,Yo! Rainbow Salmon Poke 283g,Yo!,"Dairy, eggs & chilled",Sandwiches & food to go,Special offers,,£4.75,,,£1.68 / 100g,8169509.0,Raw fish,,https://assets.sainsburys-groceries.co.uk/gol/8169509/1/640x640.jpg,"Nutrient	Per 100g:	per pack:
Energy	667kJ / 158kcal	1888kJ / 447kcal
Fat	4.1g	12g
of which saturates	1.0g	2.9g
Carbohydrate	25g	70g
of which sugars	5.4g	15g
Fibre	0.7g	2.0g
Protein	5.4g	15g
Salt	0.89g	2.5g","Cooked Rice (Water, Rice, Sugar, Spirit Vinegar, Rice Vinegar, Salt, Rapeseed Oil, Fructose-Glucose Syrup, Cane Molasses), Salmon (Salmo Salar) (Fish) (10%), Soy Sesame Dressing (10%) (Water, Soy Sauce (Water, Soya Beans, Wheat, Salt, Alcohol), Sugar, Rice Vinegar, Sesame Seed Oil, Modified Maize Starch, Onion Purée, Spirit Vinegar, Apple Juice Concentrate, Ginger Purée, Lemon Juice Concentrate, Lime Juice Concentrate, Garlic Powder, White Pepper), Edamame Beans (8%) (Soya), Pickled Red Cabbage (5%) (Red Cabbage, Rice Vinegar, Sugar, Salt), Grilled Yellow Pepper (5%), Crispy Onions (3%) (Onion, Palm Oil, Wheat Flour, Salt)",https://www.sainsburys.co.uk/gol-ui/product/yo%21-rainbow-salmon-poke-283g,,2024-08-20T23:16:33.956220-04:00
66-2526-DAI,Pringles Original Crisps Can 40g,Pringles,"Dairy, eggs & chilled",Sandwiches & food to go,"Fruit, snacks & treats",,£1.05,,,£2.63 / 100g,7754226.0,Savoury Snack.,,https://assets.sainsburys-groceries.co.uk/gol/7754226/1/640x640.jpg,,"Dehydrated Potatoes, Vegetable Oils (Sunflower, Palm, Corn) in varying proportions, Wheat Flour, Corn Flour, Rice Flour, Maltodextrin, Emulsifier (E471), Salt, Colour (Annatto Norbixin)",https://www.sainsburys.co.uk/gol-ui/product/pringles-original-40g,,2024-08-20T23:16:47.052440-04:00
66-2527-DAI,Sainsbury's Southern Fried Chicken Straws x14 168g,Sainsbury's,"Dairy, eggs & chilled",Sandwiches & food to go,"Fruit, snacks & treats",,£2.60,,,£1.55 / 100g,8058016.0,"Southern fried seasoned chopped and shaped British chicken, coated in southern fried breadcrumbs",,https://assets.sainsburys-groceries.co.uk/gol/8058016/1/640x640.jpg,,,https://www.sainsburys.co.uk/gol-ui/product/sainsburys-southern-fried-chicken-straws-x14-168g,,2024-08-20T23:17:08.433000-04:00
66-2528-DAI,"Sainsbury's New Yorker Sandwich, Taste the Difference",Sainsbury's,"Dairy, eggs & chilled",Sandwiches & food to go,Sandwiches & wraps,,£4.25,,,£4.25 / ea,7798199.0,"Pastrami, tomatoes, Emmental cheese, gherkins, mustard mayonnaise and spinach on dark rye bread",,https://assets.sainsburys-groceries.co.uk/gol/7798199/1/640x640.jpg,,,https://www.sainsburys.co.uk/gol-ui/product/sainsburys-new-yorker-sandwich--taste-the-difference,,2024-08-20T23:17:29.540273-04:00
66-2529-DAI,Sainsbury's On the Go Roasted & Salted Mixed Nuts 60g,Sainsbury's,"Dairy, eggs & chilled",Sandwiches & food to go,"Fruit, snacks & treats",,£1.00,,,£1.67 / 100g,7900282.0,"Roasted and salted peanuts, cashew nuts and almonds",,https://assets.sainsburys-groceries.co.uk/gol/7900282/1/640x640.jpg,,,https://www.sainsburys.co.uk/gol-ui/product/sainsburys-on-the-go-roasted-salted-mixed-nuts-60g,,2024-08-20T23:17:50.761513-04:00
66-2530-DAI,Nik Naks Nice'N'Spicy Grab Bag Crisps 45g,Nik,"Dairy, eggs & chilled",Sandwiches & food to go,"Fruit, snacks & treats",,£1.10,,,£2.44 / 100g,6034888.0,Nice 'N' Spicy Flavour Corn Snack,,https://assets.sainsburys-groceries.co.uk/gol/6034888/1/640x640.jpg,,"Maize, Sunflower Oil (36%), Nice 'N' Spicy Flavour [Sugar, Yeast Extract, Natural Flavourings (contains Barley Malt Vinegar, Barley Malt Extract, Soya Sauce, Wheat Flour), Salt, Dried Onion, Acid: Citric Acid, Curry Powder (Spices, Rice Flour, Salt), Acid: Malic Acid, Spice, Colour: Paprika Extract, Spice Extracts, Garlic Extract]",https://www.sainsburys.co.uk/gol-ui/product/kp-nik-naks-nice-n-spicy-grab-bag-50g,,2024-08-20T23:18:03.833702-04:00
66-2531-DAI,Walkers Salt & Vinegar Crisps 45g,Walkers,"Dairy, eggs & chilled",Sandwiches & food to go,Meal deal,,£1.00,,,£2.22 / 100g,8001375.0,Salt and Vinegar Flavour Potato Crisps,,https://assets.sainsburys-groceries.co.uk/gol/8001375/1/640x640.jpg,"Nutrient	Per 100g:	Per 45g(%*) Pack:
Energy	2134 kJ	960 kJ (11%*)
Energy	511 kcal	230 kcal (11%*)
Fat	30 g	13 g (19%*)
of which Saturates	2.4 g	1.1 g (5%*)
Carbohydrate	53 g	24 g
of which Sugars	0.4 g	0.2 g (<1%*)
Fibre	3.8 g	1.7 g
Protein	6.3 g	2.8 g
Salt	1.6 g	0.71 g (12%*)","Potatoes, Vegetable Oils (Sunflower, Rapeseed, in varying proportions), Salt and Vinegar Seasoning [Flavouring, Salt, Acids (Citric Acid, Malic Acid), Yeast Extract, Potassium Chloride], Antioxidants (Rosemary Extract, Ascorbic Acid, Tocopherol Rich Extract, Citric Acid)",https://www.sainsburys.co.uk/gol-ui/product/walkers-salt-vinegar-crisps-45g,,2024-08-20T23:18:16.956057-04:00
66-2532-DAI,San Pellegrino Sparkling Natural Mineral Water Bottle 500ml,San,Drinks,Sandwiches & food to go,Meal deal,500ML,£1.40,,£2.50,28p / 100ml,6315177.0,Carbonated Natural Mineral Water,,https://assets.sainsburys-groceries.co.uk/gol/6315177/1/640x640.jpg,"Nutrient	Typical Analysis (mg/L)		Typical Analysis (mg/L)
Sulphate SO4^2-	402
Bicarbonate HCO3-	243
Sodium Na+	31.2
Silica Residue SiO2	7.1
Nitrate NO3-	2.9
Strontium Sr^2+	2.7
Calcium Ca^2+	164
Magnesium Mg^2+	49.5
Chloride Cl-	49.4
Potassium K+	.2
Fluoride F-	0.5",,https://www.sainsburys.co.uk/gol-ui/product/san-pellegrino-500ml,,2024-08-19T04:44:08.522998-04:00
66-2533-DAI,Walkers Quavers Cheese Crisp Snacks 34g,Walkers,"Dairy, eggs & chilled",Sandwiches & food to go,"Fruit, snacks & treats",,£1.00,,,£2.94 / 100g,7860732.0,Cheese Flavour Potato Snack.,,https://assets.sainsburys-groceries.co.uk/gol/7860732/1/640x640.jpg,"Nutrient	Per 34g (%*) Pack	Per 100g:
Energy	674 kJ (8%*)	2245 kJ
Energy	161 kcal (8%*)	536 kcal
Fat	9.2 g (13%*)	30.8 g
of which Saturates	0.8 g (4%*)	2.7 g
Carbohydrate	18.6 g	62.1 g
of which Sugars	0.8 g (<1%*)	2.7 g
Fibre	0.4 g	1.2 g
Protein	0.8 g	2.5 g
Salt	0.64 g (11%*)	2.14 g","Potato Starch, Sunflower Oil, Cheese Flavour [Whey Powder (from Milk), Flavouring (contains Milk), Flavour Enhancers (Monosodium Glutamate, Disodium 5'-Ribonucleotide), Milk Powder, Cheese Powder (from Milk), Potassium Chloride, Garlic Powder, Acid (Lactic Acid), Colour (Paprika Extract)], Rice Flour, Soya Flour, Salt, Yeast, Onion Powder (Malt Flour from Barley), Pepper, Wheatflour (contains Calcium, Iron, Niacin, Thiamin), Colour (Annatto norbixin)",https://www.sainsburys.co.uk/gol-ui/product/walkers-quavers-cheese-crisp-snacks-34g,,2024-08-20T23:18:30.871868-04:00
66-2534-DAI,Lucozade Energy Drink Orange 500ml,Lucozade,Drinks,Sandwiches & food to go,Meal deal,500ML,£1.85,,£4.00,37p / 100ml,4122937.0,Sparkling Orange Glucose Drink with Sugars and Sweeteners,,https://assets.sainsburys-groceries.co.uk/gol/4122937/1/640x640.jpg,"Nutrient	per 100ml	per 250ml
Energy, kJ/kcal	148/ 35	369/ 87
Carbohydrate, g	8.4	21.0
of which sugars, g	4.5	11.2
Salt, g	0.06	0.14","Carbonated Water, Glucose Syrup (11%), Orange Juice from Concentrate (6%), Acid (Citric Acid), Acidity Regulator (Sodium Gluconate), Flavourings, Preservative (Potassium Sorbate), Sweeteners (Sucralose, Acesulfame K), Stabiliser (Acacia Gum), Caffeine, Antioxidant (Ascorbic Acid), Niacin (Vitamin B3), Colour (Beta Carotene)",https://www.sainsburys.co.uk/gol-ui/product/lucozade-energy-orange-500ml,,2024-08-19T04:44:39.421778-04:00
66-2535-DAI,"Sainsbury's Feta & Mixed Grains Salad, Taste the Difference 285g",Sainsbury's,"Dairy, eggs & chilled",,,,£4.50,,,£1.58 / 100g,8189467.0,"Dressed mixed grains, Feta cheese PDO, pickled red cabbage and carrot and sweet drop peppers with a pot of beetroot and crème fraiche dressing",,https://assets.sainsburys-groceries.co.uk/gol/8189467/1/640x640.jpg,,,https://www.sainsburys.co.uk/gol-ui/product/sainsburys-feta-mixed-grains-salad-taste-the-difference-285g,,2024-08-20T23:18:57.479606-04:00
66-2536-DAI,Vit Hit Lean & Green Apple + Elderflower + Mate Tea + L-Carnitine 500ml,Vit,Drinks,Sandwiches & food to go,Meal deal,500ML,£1.70,,,34p / 100ml,7815876.0,Low Calorie Elderflower Flavour Apple Juice Drink with Added Vitamins and Sweetener.,,https://assets.sainsburys-groceries.co.uk/gol/7815876/1/640x640.jpg,"Nutrient	100mls	RI/Bottle		100mls	RI/Bottle
Energy	31 kJ/ 7.1 kcal	-
Carbohydrates (g)	1.4 g	-
of which sugars (g)	1.3 g	-
Salt	<0.02 g	-
Additional Nutrition	Amount	-
Mate Extract	500 mg	-
L-carnitine	125 mg	-
Vitamins*	Per 100 ml	-
Vitamin C	16 mg / 20%	100%
Thiamin B1 (Thiamin)	0.22 mg / 20%	100%
Niacin	3.2 mg / 20%	100%
Vitamin B6	0.28 mg / 20%	100%
Folic acid	40 µg / 20%	100%
Vitamin B12	0.5 µg / 20%	100%
Biotin	10 µg / 20%	100%
Pantothenic acid	1.2 mg / 20%	100%","Water, Apple Juice from Concentrate (12%), Flavouring: Natural Elderflower and other Flavours, Antioxidant: Ascorbic Acid, Stabilisers Gum Arabic and Glycerol Esters of Wood Rosins, Sweetener Sucralose, Vitamin Blend: Vitamin C, Niacin, Pantothenic Acid, Vitamin B6, Vitamin B1, Folic Acid, Biotin, Vitamin B12, Natural Colours: Copper Complexes of Chlorophylls, Copper Complexes of Chlorophyllines and Sulphite Ammonia Caramel",https://www.sainsburys.co.uk/gol-ui/product/vit-hit-lean-green-apple-elderflower-mate-tea-l-carnitine-500ml,,2024-08-19T21:26:30.360306-04:00
66-2537-DAI,Pringles Sour Cream & Onion Crisps Can 40g,Pringles,"Dairy, eggs & chilled",Sandwiches & food to go,"Fruit, snacks & treats",,£1.05,,,£2.63 / 100g,7754222.0,Sour Cream and Onion Flavour Savoury Snack.,,https://assets.sainsburys-groceries.co.uk/gol/7754222/1/640x640.jpg,,"Dehydrated Potatoes, Vegetable Oils (Sunflower, Palm, Corn) in varying proportions, Wheat Flour, Corn Flour, Rice Flour, Sour Cream & Onion Seasoning (Onion Powder, Wheat Starch, Maltodextrin, Flavour Enhancers {Monosodium Glutamate, Disodium Guanylate, Disodium Inosinate}, Dextrose, Sunflower Oil, Salt, Flavourings {Milk}, Sugar, Sour Cream Powder {Milk}, Modified Maize Starch, Sweet Whey Powder {Milk}, Glucose Syrup, Acids {Citric Acid, Lactic Acid, Malic Acid}, Milk Proteins), Maltodextrin, Emulsifier (E471), Salt, Colour (Annatto Norbixin)",https://www.sainsburys.co.uk/gol-ui/product/pringles-sour-cream---onion-40g,,2024-08-20T23:19:10.596366-04:00
66-2538-DAI,Sainsbury's On the Go Scotch Egg 113g,Sainsbury's,"Dairy, eggs & chilled",Sandwiches & food to go,Sandwiches & wraps,,£1.30,,,£1.15 / 100g,8056842.0,British pork sausagemeat filled with a whole egg and coated in breadcrumbs,,https://assets.sainsburys-groceries.co.uk/gol/8056842/1/640x640.jpg,,,https://www.sainsburys.co.uk/gol-ui/product/sainsburys-on-the-go-scotch-egg-113g,,2024-08-20T23:19:31.528346-04:00
66-2539-DAI,Walkers Wotsits Really Cheesy Crisp Snacks 36g,Walkers,"Dairy, eggs & chilled",Sandwiches & food to go,"Fruit, snacks & treats",,£1.00,,,£2.78 / 100g,7860772.0,Really Cheesy Flavour Corn Puffs,,https://assets.sainsburys-groceries.co.uk/gol/7860772/1/640x640.jpg,"Nutrient	Per 30g(%*) Serving	Per 100g:
Energy	618 kJ (7%*)	2059 kJ
Energy	148 kcal (7%*)	494 kcal
Fat	9.6 g (14%*)	31.9 g
of which Saturates	0.9 g (4%*)	2.9 g
Carbohydrate	13.9 g	46.2 g
of which Sugars	2.2 g (2%*)	7.2 g
Fibre	0.1 g	0.2 g
Protein	1.6 g	5.4 g
Salt	0.47 g (8%*)	1.58 g","Corn (Maize), Rapeseed Oil, Cheese Flavour [Whey Permeate (contains Milk), Dried Cheese (from Milk) (6%), Salt, Cheese Solids (from Milk), Dairy Solids (from Milk), Yeast Extract, Potassium Chloride, Acid (Lactic Acid), Flavour Enhancer (Disodium 5'-Ribonucleotides), Colours (Paprika Extract, Annatto Norbixin), Natural Flavouring (contains Milk)]",https://www.sainsburys.co.uk/gol-ui/product/walkers-wotsits-really-cheesy-crisp-snacks-36g,,2024-08-20T23:19:44.740677-04:00
66-2540-DAI,Sainsbury's Chicken & Sweetcorn Sandwich,Sainsbury's,"Dairy, eggs & chilled",Sandwiches & food to go,Meal deal,,£2.25,,,£2.25 / ea,7797950.0,"Chicken breast, sweetcorn and black pepper mayonnaise on malted bread",,https://assets.sainsburys-groceries.co.uk/gol/7797950/1/640x640.jpg,,,https://www.sainsburys.co.uk/gol-ui/product/sainsburys-chicken-sweetcorn-sandwich,,2024-08-20T23:20:06.805885-04:00
66-2541-DAI,Sensations Thai Sweet Chilli Crisps 40g,Sensations,"Dairy, eggs & chilled",Sandwiches & food to go,"Fruit, snacks & treats",,£1.00,,,£2.50 / 100g,4153955.0,Thai Sweet Chilli Flavour Potato Crisps,,https://assets.sainsburys-groceries.co.uk/gol/4153955/1/640x640.jpg,"Nutrient	Per 100g:	Per 40g(%*) Pack
Energy	2041 kJ	816 kJ (10%*)
Energy	489 kcal	196 kcal (10%*)
Fat	26 g	10 g (15%*)
of which Saturates	2.2 g	0.9 g (4%*)
Carbohydrate	54 g	21 g
of which Sugars	3.9 g	1.6 g (2%*)
Fibre	5.9 g	2.4 g
Protein	6.6 g	2.6 g
Salt	0.79 g	0.32 g (5%*)","Potatoes, Vegetable Oils (Sunflower, Rapeseed, in varying proportions), Thai Sweet Chilli Seasoning [Sugar,Fructose, ButterMilk Powder (from Milk), Dried Soy Sauce (contains Soya, Wheat), Salt, Flavourings, Onion Powder, Hydrolysed Soya Protein, Dried Red Chilli, Garlic Powder, Dried Tomato, Dried Parsley, Potassium Chloride, Dried Red Peppers, Paprika Powder, Colour (Paprika Extract)], Firming Agent (Calcium Lactate), Antioxidants (Rosemary Extract, Ascorbic Acid, Tocopherol Rich Extract, Citric Acid).",https://www.sainsburys.co.uk/gol-ui/product/walkers-sensations-thai-sweet-chilli-crisps-40g,,2024-08-20T23:20:20.642699-04:00
66-2542-DAI,Pepsi Max Cherry No Sugar Cola Bottle 500ml,Pepsi,Drinks,Sandwiches & food to go,Meal deal,500ML,£1.75,,£2.00,35p / 100ml,7728610.0,Carbonated Low Calorie Cherry Cola Flavoured Soft Drink with Sweeteners,,https://assets.sainsburys-groceries.co.uk/gol/7728610/1/640x640.jpg,"Nutrient	Per 100ml	Per 250ml
Energy	3kJ/ 0.6kcal	8kJ/ 2kcal
Fat	0g	0g
of which saturates	0g	0g
Carbohydrate	0g	0g
of which sugars	0g	0g
Protein	0g	0g
Salt	0g	0g","Carbonated Water, Colour (E150d), Sweeteners (Aspartame, Acesulfame K), Flavourings (including Caffeine), Acids (Phosphoric Acid, Citric Acid), Preservative (Potassium Sorbate)",https://www.sainsburys.co.uk/gol-ui/product/pepsi-max-cherry-600ml,,2024-08-19T04:47:09.063978-04:00
66-2543-DAI,BBQ Chicken Pasta,BBQ,"Dairy, eggs & chilled",Sandwiches & food to go,Pasta & salad,,£2.95,,,£1.02 / 100g,8154456.0,"Cooked pasta, sweetcorn and red pepper in a barbecue mayonnaise dressing topped with barbecue marinated cooked sliced chicken",,https://assets.sainsburys-groceries.co.uk/gol/8154456/1/640x640.jpg,,,https://www.sainsburys.co.uk/gol-ui/product/bbq-chicken-pasta,,2024-08-20T23:20:42.654352-04:00
66-2544-DAI,Volvic Touch of Fruit Strawberry Flavoured Water 750ml,Volvic,Drinks,Sandwiches & food to go,Meal deal,750ML,£1.35,,£1.60,18p / 100ml,7526258.0,Still Natural Mineral Water Flavoured Drink with Sugar and Sweetener.,,https://assets.sainsburys-groceries.co.uk/gol/7526258/1/640x640.jpg,,"Volvic Natural Mineral Water (97.5%), Sugar (2.3%), Acid (Citric Acid), Natural Strawberry Flavouring with other Natural Flavourings, Preservative (Potassium Benzoate), Sweetener (Steviol Glycosides from Stevia), Natural Flavouring",https://www.sainsburys.co.uk/gol-ui/product/volvic-favoured-mineral-water--touch-of-strawberry-750ml,,2024-08-19T04:45:32.532907-04:00
66-2545-DAI,Sainsbury's Sausage Roll 90g,Sainsbury's,"Dairy, eggs & chilled",Sandwiches & food to go,"Fruit, snacks & treats",,£1.25,,,£1.39 / 100g,8172326.0,Seasoned British pork sausagemeat wrapped in puff pastry,,https://assets.sainsburys-groceries.co.uk/gol/8172326/1/640x640.jpg,,,https://www.sainsburys.co.uk/gol-ui/product/sainsburys-sausage-roll-90g,,2024-08-20T23:21:04.679904-04:00
66-2546-DAI,Evian Natural Bottled Mineral Still Water 500ml,Evian,Drinks,Sandwiches & food to go,Meal deal,500ML,£1.15,,£1.00,23p / 100ml,2738925.0,Natural Mineral Water,,https://assets.sainsburys-groceries.co.uk/gol/2738925/1/640x640.jpg,"Nutrient	Composition in mg/litre:		Composition in mg/litre:
Sodium Na+	6.5
Silica SiO₂	15
Bicarbonates HCO₃¯	360
Sulphates SO₄¯ ¯	14
Chlorides CI¯	10
Nitrates NO₃¯	3.8
Calcium Ca++	80
Magnesium Mg++	26
Potassium K+	1",,https://www.sainsburys.co.uk/gol-ui/product/evian-mineral-water-500ml,,2024-08-19T04:46:53.782508-04:00
66-2547-DAI,"Sainsbury's Scottish Smoked Salmon & Lemon Cream Cheese Bagel, Summer Edition, Taste the Difference",Sainsbury's,"Dairy, eggs & chilled",Bread rolls & bagels,All rolls & bagels,,£4.50,,,£4.50 / ea,8189224.0,Smoked salmon and a seasoned lemon cream cheese on a bagel,,https://assets.sainsburys-groceries.co.uk/gol/8189224/1/640x640.jpg,,,https://www.sainsburys.co.uk/gol-ui/product/sainsburys-scottish-smoked-salmon-lemon-cream-cheese-bagel-summer-edition-taste-the-difference,,2024-08-20T23:21:26.688752-04:00
66-2548-DAI,"Sainsbury's Chicken & Bacon Club Sandwich, Taste the Difference",Sainsbury's,"Dairy, eggs & chilled",Sandwiches & food to go,Sandwiches & wraps,,£4.50,,,£4.50 / ea,8181429.0,"Smoked shredded chicken, gravy mayonnaise, tomatoes, medium mature Cheddar cheese, beechwood smoked bacon and spinach on white bread",,https://assets.sainsburys-groceries.co.uk/gol/8181429/1/640x640.jpg,,,https://www.sainsburys.co.uk/gol-ui/product/sainsburys-chicken-bacon-club-sandwich-taste-the-difference,,2024-08-20T23:21:48.111874-04:00
66-2549-DAI,"Sainsbury's Halloumi, Roast Vegetable & Pesto Wrap, Taste the Difference",Sainsbury's,"Dairy, eggs & chilled",Sandwiches & food to go,Sandwiches & wraps,,£4.00,,,£4.00 / ea,8018816.0,"Halloumi, roasted red and yellow peppers, mayonnaise, rocket and basil pesto in a tortilla wrap",,https://assets.sainsburys-groceries.co.uk/gol/8018816/1/640x640.jpg,,,https://www.sainsburys.co.uk/gol-ui/product/sainsburys-halloumi-roast-vegetable-pesto-wrap-taste-the-difference,,2024-08-20T23:22:09.484082-04:00
66-2550-DAI,Lucozade Energy Drink Original 500ml,Lucozade,Drinks,Sandwiches & food to go,Meal deal,500ML,£1.85,,£4.00,37p / 100ml,6478531.0,Sparkling Glucose Drink with sugar and sweeteners,,https://assets.sainsburys-groceries.co.uk/gol/6478531/1/640x640.jpg,"Nutrient	per 100ml	per 250ml
Energy, kJ/kcal	159/ 37	398/ 94
Carbohydrate, g	8.9	22.3
of which sugars, g	4.5	11.2
Salt, g	0.09	0.22","Carbonated Water, Glucose Syrup (13%), Acids (Citric Acid, Lactic Acid), Acidity Regulator (Sodium Citrate), Flavourings, Preservative (Potassium Sorbate), Caffeine, Sweeteners (Sucralose, Acesulfame K), Antioxidant (Ascorbic Acid), Colours (Sunset Yellow, Ponceau 4R), Niacin (Vitamin B3)",https://www.sainsburys.co.uk/gol-ui/product/lucozade-energy-original-500ml,,2024-08-19T04:46:14.224953-04:00
66-2551-DAI,Sainsbury's No Mayo Hoisin Duck,Sainsbury's,"Dairy, eggs & chilled",Sandwiches & food to go,Sandwiches & wraps,,£3.15,,,£3.15 / ea,7799565.0,"Marinated duck in hoisin sauce with lettuce, cucumber, spring onion and coriander in a tortilla wrap",,https://assets.sainsburys-groceries.co.uk/gol/7799565/1/640x640.jpg,,,https://www.sainsburys.co.uk/gol-ui/product/sainsburys-no-mayo-hoisin-duck,,2024-08-20T23:22:31.031858-04:00
66-2552-DAI,Fridge Raiders Slow Roasted Chicken Bites Meal Deal 45g,Fridge,"Dairy, eggs & chilled",Sandwiches & food to go,Sandwiches & wraps,,£1.30,,,£2.89 / 100g,8115063.0,Roast flavour chopped and shaped chicken breast.,,https://assets.sainsburys-groceries.co.uk/gol/8115063/1/640x640.jpg,"Nutrient	Per 100g	Per Pack (45g)
Energy	874kJ/ 209kcal	394kJ/ 95kcal
Fat	11g	6g
of which saturates	4.4g	2g
Carbohydrate	5.6g	2.5g
of which sugars	0.9g	0.5g
Protein	21g	9g
Salt	1.5g	0.7g","Chicken Breast (91%), Vegetable Oils (Soya Bean, Sunflower, Rapeseed), Seasoning (Salt, Yeast Extract, Onion, Garlic, Sage, Stabiliser: Sodium Tripolyphosphate, Natural Flavouring), Rusk (Wheat Flour, (Wheat Flour, Calcium Carbonate, Iron, Niacin, Thiamin), Salt, Raising Agent: Ammonium Bicarbonate), Modified Tapioca Starch, Dextrose",https://www.sainsburys.co.uk/gol-ui/product/fridge-raiders-slow-roasted-chicken-bites-meal-deal-50g,,2024-08-20T23:23:00.085853-04:00
66-2553-DAI,Walkers Prawn Cocktail Crisps 45g,Walkers,"Dairy, eggs & chilled",Sandwiches & food to go,Meal deal,,£1.00,,,£2.22 / 100g,8001432.0,Prawn Cocktail Flavour Potato Crisps (with sugar and sweetener),,https://assets.sainsburys-groceries.co.uk/gol/8001432/1/640x640.jpg,"Nutrient	Per 100g:	Per 45g(%*) Pack:
Energy	2133 kJ	960 kJ (11%*)
Energy	511 kcal	230 kcal (11%*)
Fat	29 g	13 g (19%*)
of which Saturates	2.4 g	1.1 g (5%*)
Carbohydrate	54 g	24 g
of which Sugars	1.9 g	0.9 g (<1%*)
Fibre	3.9 g	1.8 g
Protein	6.3 g	2.8 g
Salt	1.2 g	0.53 g (9%*)","Potatoes, Vegetable Oils (Sunflower, Rapeseed, in varying proportions), Prawn Cocktail Seasoning [Flavouring, Sugar, Salt, Acid (Citric Acid), Dextrose, Dried Yeast, Potassium Chloride, Dried Onion, Tomato Powder, Yeast Extract, Colour (Paprika Extract), Sweetener (Sucralose)], Antioxidants (Rosemary Extract, Ascorbic Acid, Tocopherol Rich Extract, Citric Acid).",https://www.sainsburys.co.uk/gol-ui/product/walkers-prawn-cocktail-crisps-45g,,2024-08-20T23:23:12.837657-04:00
66-2554-DAI,Dr Pepper 500ml,Dr,Drinks,Sandwiches & food to go,Meal deal,500ML,£1.75,,£2.50,35p / 100ml,3300527.0,Sparkling Fruit Flavour Soft Drink with Sugar and Sweeteners.,,https://assets.sainsburys-groceries.co.uk/gol/3300527/1/640x640.jpg,"Nutrient	Per 100ml:	Per 250ml (%*)
Energy:	74kJ, 18kcal	185kJ, 45kcal (2%)
Fat:	0g	0g (0%)
of which saturates:	0g	0g (0%)
Carbohydrate:	4.3g	11g (4%)
of which sugars:	4.3g	11g (12%)
Protein:	0g	0g (0%)
Salt:	0.05g	0.13g (2%)","Carbonated Water, Sugar, Colour (Caramel E150d), Acid (Phosphoric Acid), Sweeteners (Aspartame, Acesulfame K), Preservative (Potassium Sorbate), Flavourings including Caffeine",https://www.sainsburys.co.uk/gol-ui/product/dr-pepper-500ml,,2024-08-19T04:48:01.683248-04:00
66-2555-DAI,itsu Chicken Gyoza & Greens Noodle Soup 242g,itsu,"Dairy, eggs & chilled",Sandwiches & food to go,Special offers,,£4.25,,,£1.76 / 100g,8189319.0,"Wheat noodles, chicken gyoza & mixed vegetables with tsuyu (soy & chilli) broth",,https://assets.sainsburys-groceries.co.uk/gol/8189319/1/640x640.jpg,"Nutrient	as prepared per: 100g	as prepared per: pot
Energy (kJ) / (kcal)	249 / 53	1373 / 294
Fat (g)	1.6	8.8
of which saturates (g)	0.2	1.3
Carbohydrate (g)	9.6	53
of which sugars (g)	12	6.6
Fibre (g)	0.8	4.6
Protein (g)	1.9	10
Salt (g)	0.55	3.0","Somen Noodles (48%) (Water, Wheat Flour, Rapeseed Oil, Salt), Chicken Gyoza (25%) (Wheat Flour, Cabbage, Chicken Thigh, Onion, Water, Chicken Skin, Spring Onion, Tapioca Starch, Soy Sauce [Water, Soya Beans, Wheat, Salt], Ginger, Yeast Extract, Garlic, Chicken Stock [Water, Chicken Bones, Chicken, Chicken Fat, Salt], Sesame Oil, Textured Soya Protein, Sugar, Wheat,Gluten, Iodized Salt [Salt, Potassium Iodatel, Rapeseed Oil, Salt, Black Pepper, Turmeric], Vegetables (15%) (Spinach, Red Pepper, Spring Onion), Suyu Broth (13%) (Soy Sauce [Water, Soya Beans, Wheat, Salt, Alcohol], Mirin [Fermented Rice, Water, Maltose, Álcohol], Water, Yeast Extract, Sugar, Dashi Stock Powder [Salt, Maltose, Bonito Powder (Fish), Hydrolysed Wheat Protein, Yeast Extract, Kombu Powder], Salt, Cayenne Powder)",https://www.sainsburys.co.uk/gol-ui/product/itsu-chicken-gyoza-greens-noodle-soup-242g,,2024-08-20T23:23:25.913752-04:00
66-2556-DAI,Sainsbury's Chicken Tikka Wrap,Sainsbury's,"Dairy, eggs & chilled",Sandwiches & food to go,Sandwiches & wraps,,£3.15,,,£3.15 / ea,8125044.0,"Chicken breast in a spicy marinade, cucumber, tomato, spinach, fromage frais, red onion, tikka paste and coconut mayonnaise in a tortilla wrap",,https://assets.sainsburys-groceries.co.uk/gol/8125044/1/640x640.jpg,,,https://www.sainsburys.co.uk/gol-ui/product/sainsburys-chicken-tikka-wrap,,2024-08-20T23:23:47.157862-04:00
66-2557-DAI,Walkers Max Crisps Paprika 50g,Walkers,"Dairy, eggs & chilled",Sandwiches & food to go,"Fruit, snacks & treats",,£1.00,,,£2.00 / 100g,3165515.0,Punchy Paprika Flavour Ridged Potato Crisps,,https://assets.sainsburys-groceries.co.uk/gol/3165515/1/640x640.jpg,"Nutrient	Per 100g:	Per 50g(%*) Pack
Energy	2118 kJ	1059 kJ (13%*)
Energy	508 kcal	254 kcal (13%*)
Fat	29 g	15 g (21%*)
of which Saturates	2.4 g	1.2 g (6%*)
Carbohydrate	53 g	26 g
of which Sugars	3.3 g	1.7 g (2%*)
Fibre	4.5 g	2.3 g
Protein	6.7 g	3.4 g
Salt	1.2 g	0.60 g (10%*)","Potatoes, Vegetable Oils (Sunflower, Rapeseed, in varying proportions), Punchy Paprika Seasoning [Sugar, Salt, Flavourings, Dried Paprika, Dextrose, Dried Onion, Acidity Regulators (Citric Acid, Malic Acid), Dried Tomato, Dried Garlic, Smoked Maltodextrin, Smoked Sunflower Oil, Colour (Paprika Extract)], Antioxidants (Rosemary Extract, Ascorbic Acid, Tocopherol Rich Extract, Citric Acid).",https://www.sainsburys.co.uk/gol-ui/product/walkers-max-crisps-paprika-50g,,2024-08-20T23:24:00.608253-04:00
66-2558-DAI,Sainsbury's Vegan Falafel & Houmous Wrap,Sainsbury's,"Dairy, eggs & chilled",Sandwiches & food to go,Sandwiches & wraps,,£3.15,,,£3.15 / ea,7798442.0,"Falafel and houmous with red pepper, cucumber, chutney, carrot, spinach and mint dressing in a tortilla wrap",,https://assets.sainsburys-groceries.co.uk/gol/7798442/1/640x640.jpg,,,https://www.sainsburys.co.uk/gol-ui/product/sainsburys-vegan-falafel-houmous-wrap,,2024-08-20T23:24:22.514461-04:00
66-2559-DAI,Yo! Chicken & Sweet Pepper Poke 290g,Yo!,"Dairy, eggs & chilled",Sandwiches & food to go,Special offers,,£4.75,,,£1.64 / 100g,8169456.0,"A poke bowl of British chicken, spicy edamame beans, grilled peppers, pickled red cabbage and carrot. Served with rice & a soy sesame dressing",,https://assets.sainsburys-groceries.co.uk/gol/8169456/1/640x640.jpg,"Nutrient	per 100g:	per pack:
Energy	578kJ / 137kcal	1676kJ / 397kcal
Fat	2.1g	6.1g
of which saturates	0.4g	1.0g
Carbohydrate	23g	68g
of which sugars	5.5g	16g
Fibre	<0.5g	<0.5g
Protein	6.1g	18g
Salt	0.98g	2.8g","Cooked Rice (Water, Rice, Sugar, Spirit Vinegar, Rice Vinegar, Salt, Rapeseed Oil, Fructose-Glucose Syrup, Cane Molasses), Sliced Chicken Breast (13%) (Chicken Breast, Salt, Cornflour), Soy Sesame Dressing (10%) (Water, Soy Sauce (Water, Soya Beans, Wheat, Salt, Alcohol), Sugar, Rice Vinegar, Sesame Seed Oil, Modified Maize Starch, Onion Purée, Spirit Vinegar, Apple Juice Concentrate, Ginger Purée, Lemon Juice Concentrate, Lime Juice Concentrate, Garlic Powder, White Pepper), Spicy Edamame Beans (8%) (Edamame Beans (Soya), Spring Onion, White Sesame Seeds, Red Pepper Powder), Pickled Red Cabbage (3%) (Red Cabbage, Rice Vinegar, Sugar, Salt), Grilled Red Pepper (3%), Grilled Yellow Pepper (3%), Carrot (1%), White Sesame Seeds, Black Sesame Seeds",https://www.sainsburys.co.uk/gol-ui/product/yo%21-chicken-sweet-pepper-poke-290g,,2024-08-20T23:24:35.706585-04:00
66-2560-DAI,Fanta Fruit Twist 500ml,Fanta,Drinks,Sandwiches & food to go,Meal deal,500ML,£1.80,,£2.50,36p / 100ml,3883235.0,Sparkling Mixed Fruit Drink with Sugar and Sweeteners,,https://assets.sainsburys-groceries.co.uk/gol/3883235/1/640x640.jpg,"Nutrient	100 ml:	250 ml (%*):
Energy:	80 kJ, 19 kcal	200 kJ (2%), 48 kcal (2%)
Fat:	0 g	0 g (0%)
of which saturates:	0 g	0 g (0%)
Carbohydrate:	4.5 g	11 g (4%)
of which sugars:	4.4 g	11 g (12%)
Protein:	0 g	0 g (0%)
Salt:	0 g	0 g (0%)","Carbonated Water, Sugar, Fruit Juices from Concentrate 4.4% (Orange 3.4%, Peach 0.5%, Apple 0.4%, Passion Fruit 0.1%), Vegetable and Plant Concentrates (Carrot, Safflower), Acids (Citric Acid, Malic Acid), Sweeteners (Acesulfame K, Aspartame), Preservative (Potassium Sorbate), Natural Flavouring, Stabilisers (Glycerol Esters of Wood Rosins, Guar Gum)",https://www.sainsburys.co.uk/gol-ui/product/fanta-fruit-twist-drink-500ml,,2024-08-19T04:47:45.110374-04:00
66-2561-DAI,Sainsbury's Smoked Ham & Mustard Sandwich,Sainsbury's,"Dairy, eggs & chilled",Sandwiches & food to go,Meal deal,,£2.85,,,£2.85 / ea,7797572.0,"Oak smoked formed ham with added water, mayonnaise and mustard on oatmeal bread",,https://assets.sainsburys-groceries.co.uk/gol/7797572/1/640x640.jpg,,,https://www.sainsburys.co.uk/gol-ui/product/sainsburys-smoked-ham---mustard-sandwich,,2024-08-20T23:24:57.109421-04:00
66-2562-DAI,"Sainsbury's Five Spice Chicken & Grains Salad, Taste the Difference 290g",Sainsbury's,"Dairy, eggs & chilled",,,,£4.50,,,£1.55 / 100g,8189461.0,"Cooked grains, cooked Oriental style chicken, green beans, spinach and pickled cabbage and carrot, with a pot of sesame dressing",,https://assets.sainsburys-groceries.co.uk/gol/8189461/1/640x640.jpg,,,https://www.sainsburys.co.uk/gol-ui/product/sainsburys-five-spice-chicken-grains-salad-taste-the-difference-290g,,2024-08-20T23:25:24.311564-04:00
66-2563-DAI,Sainsbury's Cheese & Bacon Bites x12 144g,Sainsbury's,"Dairy, eggs & chilled",Sandwiches & food to go,"Fruit, snacks & treats",,£2.25,,,£1.56 / 100g,8181929.0,"A blend of soft cheese, Cheddar cheese, mozzarella with smoked bacon and seasoning coated in breadcrumbs",,https://assets.sainsburys-groceries.co.uk/gol/8181929/1/640x640.jpg,,,https://www.sainsburys.co.uk/gol-ui/product/sainsburys-cheese-bacon-bites-x12-144g,,2024-08-20T23:25:45.745718-04:00
66-2564-DAI,Higgidy Cheddar & Caramelised Onion Chutney Rolls,Higgidy,"Dairy, eggs & chilled",Sandwiches & food to go,Sandwiches & wraps,,£1.50,,,£2.78 / 100g,8165524.0,"Mature Cheddar & Red Leicester cheeses with caramelised onion chutney wrapped in all-butter puff pastry, hand-topped with a cheese & crispy onion crumb.",,https://assets.sainsburys-groceries.co.uk/gol/8165524/1/640x640.jpg,"Nutrient	Per 100g:	Per Pack:
Energy	1437kJ/ 346kcal	776kJ/ 187kcal
Fat	19.9g	10.7g
of which saturates	11.8g	6.4g
Carbohydrate	30.7g	16.6g
of which sugars	4.0g	2.2g
Fibre	2.2g	1.2g
Protein	9.6g	5.2g
Salt	1.41g	0.76g","Wheat Flour (contains Calcium Carbonate, Iron, Niacin, Thiamin), Water, Butter (Milk), Mature Cheddar Cheese (Milk) (9%), Caramelised Onion Chutney (7%) (Onions, Red Wine Vinegar, Demerara Sugar, Muscovadó Sugar, Balsamic Vinegar of Modena (Wine Vinegar, Concentrated Grape Must), Citrus Fibre (Citrus Fibre, Thickener: Pectin), Salt, Ground Black Pepper), Onions, Potato, Cannellini Beans, Free-Range Whole Egg, Ricotta Cheese (Milk), Red Leicester Cheese (Milk) (contains Colour: Beta Carotene), Crème Fraîche (Milk), Medium Fat Hard Cheese (Milk), Free-Range Egg Yolk, Cornflour, Salt, Sustainable Palm Oil*, Dijon Mustard, Black Onion Seeds, Dried Skimmed Milk, Whipping Cream (Milk), Rapeseed Oil, *www.higgidy.co.uk/palmoil",https://www.sainsburys.co.uk/gol-ui/product/higgidy-cheddar-onion-chutney-veggie-rolls-54g,,2024-08-20T23:25:58.932524-04:00
66-2565-DAI,YO! Crispy Californian Rolls 181g,YO!,"Dairy, eggs & chilled",Sandwiches & food to go,Special offers,,£4.75,,,£2.32 / 100g,8169481.0,"7 MSC seafood stick rolls with red pepper & rocket, coated in black & white sesame seeds, with sweet teriyaki sauce & crispy onions",,https://assets.sainsburys-groceries.co.uk/gol/8169481/1/640x640.jpg,"Nutrient	per 100g:	per pack:
Energy	759kJ / 181kcal	1374kJ / 327kcal
Fat	6.2g	11g
of which saturates	1.3g	2.3g
Carbohydrate	27g	49g
of which sugars	5.7g	10g
Fibre	2.2g	2.2g
Protein	6.7g	6.7g
Salt	2.1g	2.1g","Cooked Rice (Water, Rice, Sugar, Spirit Vinegar, Rice Vinegar, Salt, Rapeseed Oil, Fructose-Glucose Syrup, Cane Molasses), MSC Seafood Chunks (10%) (Surimi (MSC Alaska Pollock (Theragra chalcogramma) (Fish) and/or Hake (Merluccius productus) (Fish), Sugar, Stabilizers (Sorbitol, Di, Tri and Polyphosphates)), Water, Reconstituted Pasteurised Free Range Egg White Powder, Wheat Starch, Rapeseed Oil, Pea Starch, Soya Protein, Salt, Sugar, Modified Potato Starch, Natural Flavouring (contains Crustaceans), Colour (Lycopene)), Red Pepper, Teriyaki Sauce (6%) (Water, Glucose Syrup, Sugar, Soy Sauce (Water, Soya Beans, Salt, Alcohol), Mirin, Cornflour, Salt), Crispy Onions (Onions, Palm Oil, Wheat Flour, Salt), Mayonnaise (Rapeseed Oil, Water, Pasteurised Free Range Egg, Pasteurised Free Range Egg Yolk, Spirit Vinegar, Sugar, Salt, Lemon Juice From Concentrate, Preservative (Potassium Sorbate), Antioxidant (Calcium Disodium EDTA), Colour (Paprika Extract)), Rocket, Black and White Sesame Seeds, Seaweed",https://www.sainsburys.co.uk/gol-ui/product/yo%21-crispy-californian-rolls-181g,,2024-08-20T23:26:12.069917-04:00
66-2566-DAI,Sainsbury's Honey & Mustard Chicken Pasta 280g,Sainsbury's,"Dairy, eggs & chilled",Sandwiches & food to go,Pasta & salad,,£2.95,,,£1.05 / 100g,8185812.0,"Cooked pasta, sweetcorn, red pepper and tomato in a honey and mustard mayonnaise dressing with cooked marinated chicken",,https://assets.sainsburys-groceries.co.uk/gol/8185812/1/640x640.jpg,,,https://www.sainsburys.co.uk/gol-ui/product/sainsburys-honey-mustard-chicken-pasta-280g,,2024-08-20T23:26:33.396947-04:00
66-2567-DAI,"Sainsbury's Greek Style Chicken & Tzatziki, Taste the Difference",Sainsbury's,"Dairy, eggs & chilled",Sandwiches & food to go,Sandwiches & wraps,,£4.00,,,£4.00 / ea,7958341.0,"Tzatziki mix with sliced Kalamata olives, feta full fat hard cheese PDO and tomato, marinated and shredded Greek style chicken and rocket in a tortilla wrap.",,https://assets.sainsburys-groceries.co.uk/gol/7958341/1/640x640.jpg,,,https://www.sainsburys.co.uk/gol-ui/product/sainsburys-greek-style-chicken-tzatziki-taste-the-difference,,2024-08-20T23:26:54.778897-04:00
66-2568-DAI,Red Bull Energy Drink 473ml,Red,Drinks,Sandwiches & food to go,Meal deal,473ML,£2.60,,£3.50,55p / 100ml,7150786.0,Energy drink,,https://assets.sainsburys-groceries.co.uk/gol/7150786/1/640x640.jpg,"Nutrient	per 100 ml		per 100 ml
Energy	195 kJ (46 kcal)
Fat	0 g
of which Saturates	0 g
Carbohydrates	11 g
of which Sugars	11 g
Protein	0 g
Salt	0.1 g
Niacin	8 mg / 50% NRV
Pantothenic Acid	2 mg / 33% NRV
Vitamin B6	2 mg / 143% NRV
Vitamin B12	2 μg / 80% NRV","Water, Sucrose, Glucose, Acid (Citric Acid), Carbon Dioxide, Taurine (0.4 %), Acidity Regulators (Sodium Carbonates, Magnesium Carbonates), Caffeine (0.03 %), Vitamins (Niacin, Pantothenic Acid, B6, B12), Flavourings, Colours (Plain Caramel, Riboflavins)",https://www.sainsburys.co.uk/gol-ui/product/red-bull-energy-drink-473ml,,2024-08-19T04:50:56.931202-04:00
66-2569-DAI,Monster Energy Drink Mango Loco 500ml,Monster,Drinks,Sandwiches & food to go,Meal deal,500ML,£1.95,,£1.25,39p / 100ml,7929533.0,"Carbonated Energy Drink with Taurine, Caffeine, L-Carnitine, Inositol and B Vitamins with Sugars and Sweetener",,https://assets.sainsburys-groceries.co.uk/gol/7929533/1/640x640.jpg,,"Carbonated Water, Fruit Juice from Concentrates (9%) (White Grape Mango, Guava, Apple, Pineapple, Passion Fruit, Apricot, Peach, Orange, Lemon), Sucrose, Glucose Syrup, Acids (Citric Acid, Malic Acid), Taurine (0.4%), Flavourings, Acidity Regulators (Potassium Citrates, Sodium Citrates), Preservatives (Potassium Sorbate, Sodium Benzoate), Caffeine (0.03%), Colour (Carotenes), Sweetener (Sucralose), Vitamins (B3, B6, B2, B12), Stabilisers (Xanthan Gum, Sodium Alginate, Gum Arabic), L-Carnitine L-Tartrate (0.004%), Inositol (0.002%), Fruit and Vegetable Concentrates (Grape, Carrot and Sweet Potato)",https://www.sainsburys.co.uk/gol-ui/product/monster-mango-loco-500ml,,2024-08-19T04:50:30.688194-04:00
66-2570-DAI,Sainsbury's Seafood Cocktail Sandwich,Sainsbury's,"Dairy, eggs & chilled",Sandwiches & food to go,Sandwiches & wraps,,£2.25,,,£2.25 / ea,8162897.0,Prawns and surimi in a cocktail sauce with cucumber and lettuce on oatmeal bread,,https://assets.sainsburys-groceries.co.uk/gol/8162897/1/640x640.jpg,,,https://www.sainsburys.co.uk/gol-ui/product/sainsburys-seafood-cocktail-sandwich-8162897-p-44,,2024-08-20T23:27:16.471821-04:00
66-2571-DAI,Ribena Blackcurrant Juice Drink 500ml,Ribena,Drinks,Sandwiches & food to go,Meal deal,500ML,£1.55,,,31p / 100ml,3704936.0,Blackcurrant Juice Drink with sugar and sweeteners,250 ml,https://assets.sainsburys-groceries.co.uk/gol/3704936/1/640x640.jpg,"Nutrient	per 100ml	%RI*	per 250ml serving	%RI*		per 100ml	%RI*	per 250ml serving	%RI*
Energy, kJ/kcal	80/ 19	-	200/ 47	-
Carbohydrate, g	4.4	-	11.1	-
of which sugars, g	4.3	-	10.7	-
Salt, g	0.06	-	0.14	-
Vitamin C, mg	32	40	80	100","Water, Blackcurrant Juice from Concentrate (7%), Sugar, Thickener (Polydextrose), Acidity Regulator (Sodium Gluconate), Extract of Carrot and Hibiscus, Vitamin C, Natural Blackcurrant Flavourings, Acid (Citric Acid), Sweeteners (Acesulfame K, Sucralose)",https://www.sainsburys.co.uk/gol-ui/product/ribena-blackcurrant-500ml,,2024-08-19T04:49:54.795095-04:00
66-2572-DAI,McCoy's Salt and Malt Vinegar Grab Bag Crisps 45g,McCoy's,"Dairy, eggs & chilled",Sandwiches & food to go,"Fruit, snacks & treats",,£1.10,,,£2.44 / 100g,4055334.0,Salt & Malt Vinegar Flavour Potato Crisps,,https://assets.sainsburys-groceries.co.uk/gol/4055334/1/640x640.jpg,,"Potatoes, Sunflower Oil, Salt & Malt Vinegar Flavour [Salt, Natural Flavouring, Sugar, Dextrose, Acid: Citric Acid, Rice Flour, Dried Yeast Extract, Maltodextrin, Stabiliser: Potassium Phosphate, Dried Barley Malt Vinegar Extract]",https://www.sainsburys.co.uk/gol-ui/product/mccoys-salt---vinegar-50g,,2024-08-20T23:27:29.573354-04:00
66-2573-DAI,Capri Sun Orange 330ml,Capri,Drinks,Sandwiches & food to go,Meal deal,330ML,£1.35,,,41p / 100ml,6395250.0,Fruit Juice Drink with Sugar and Sweetener,,https://assets.sainsburys-groceries.co.uk/gol/6395250/1/640x640.jpg,,"Water, Fruit Juices from Concentrate 10% (Orange 6%, Lemon 4%), Sugar, Natural Orange Flavouring with other Natural Flavourings, Sweetener (Steviol Glycosides), Antioxidant (Ascorbic Acid)",https://www.sainsburys.co.uk/gol-ui/product/capri-sun-orange-330ml,,2024-08-19T04:52:35.125481-04:00
66-2574-DAI,Doritos Chilli Heatwave Tortilla Chip Crisps 48g,Doritos,"Dairy, eggs & chilled",Sandwiches & food to go,"Fruit, snacks & treats",,£1.00,,,£2.08 / 100g,7860762.0,Chilli Heatwave Flavour Corn Chips,,https://assets.sainsburys-groceries.co.uk/gol/7860762/1/640x640.jpg,"Nutrient	Per 48g(%*)serving:	Per 100g:
Energy	1005 kJ (12%*)	2094 kJ
Energy	240 kcal (12%*)	501 kcal
Fat	12 g (17%*)	25 g
of which Saturates	1.0 g (5%*)	2.1 g
Carbohydrate	29 g	60 g
of which Sugars	2.7 g (3%*)	5.7 g
Fibre	2.7 g	5.6 g
Protein	2.9 g	6.1 g
Salt	0.66 g (11%*)	1.4 g","Corn (Maize), Rapeseed oil, Chilli Heatwave Flavour [Sugar, Flavourings (contains Soya, Wheat), Hydrolysed Soya Protein, Acidity Regulators (Sodium Acetates, Citric Acid, Malic Acid), Flavour Enhancers (Monosodium Glutamate, Disodium 5'-Ribonucleotides), Onion Powder, Salt, Garlic Powder, Potassium Chloride, Soybean, Wheat, Colour (Paprika Extract)], Antioxidants (Rosemary Extract, Ascorbic Acid, Tocopherol Rich Extract, Citric Acid)",https://www.sainsburys.co.uk/gol-ui/product/doritos-chilli-heatwave-tortilla-chip-crisps-55g,,2024-08-20T23:27:42.705272-04:00
66-2575-DAI,Plant Pioneers Vegan Hoisin No Duck Wrap,Plant,"Dairy, eggs & chilled",Sandwiches & food to go,Sandwiches & wraps,,£3.15,,,£3.15 / ea,8098582.0,"Texturised wheat pieces, hoisin sauce, lettuce, cucumber and spring onion in a tortilla wrap",,https://assets.sainsburys-groceries.co.uk/gol/8098582/1/640x640.jpg,,,https://www.sainsburys.co.uk/gol-ui/product/plant-pioneers-hoisin-no-duck,,2024-08-20T23:28:04.116083-04:00
66-2576-DAI,Skips Prawn Cocktail Grab Bag Crisps 35g,Skips,"Dairy, eggs & chilled",Sandwiches & food to go,"Fruit, snacks & treats",,£1.10,,,£3.14 / 100g,7774944.0,Prawn Cocktail Flavour Tapioca Snack,,https://assets.sainsburys-groceries.co.uk/gol/7774944/1/640x640.jpg,,"Tapioca Starch, Sunflower Oil, Maize Flour, Prawn Cocktail Flavour [Sugar, Salt, Natural Flavourings, Acid: Citric Acid, Dried Onion, Natural Vinegar Flavouring, Potassium Chloride, Yeast Extract, Spice, Dried Tomato, Natural Pepper Flavourings, Colour: Paprika Extract], Rice Protein, Sugar, Salt",https://www.sainsburys.co.uk/gol-ui/product/skips-prawn-cocktail-40g,,2024-08-20T23:28:17.211324-04:00
66-2577-DAI,Sainsbury's Chicken Kyiv Bites x12 216g,Sainsbury's,"Dairy, eggs & chilled",Sandwiches & food to go,"Fruit, snacks & treats",,£2.60,,,£1.20 / 100g,8058003.0,Chopped and shaped seasoned British chicken filled with garlic and cream cheese coated in breadcrumbs,,https://assets.sainsburys-groceries.co.uk/gol/8058003/1/640x640.jpg,,,https://www.sainsburys.co.uk/gol-ui/product/sainsburys-chicken-kyiv-bites-x12-216g,,2024-08-20T23:28:38.527411-04:00
66-2578-DAI,Peperami Original 22.5g,Peperami,"Dairy, eggs & chilled",Sandwiches & food to go,Sandwiches & wraps,,£1.30,,,£5.78 / 100g,7858180.0,Smoked pork salami sausage.,,https://assets.sainsburys-groceries.co.uk/gol/7858180/1/640x640.jpg,"Nutrient	Per 100g	Per stick**	%* per stick**
Energy	2056kJ 497kcal	463kJ 112kcal	6%
Fat	44g	9.9g	14%
Of which saturates	18g	4.1g	20%
Carbohydrates	2.2g	<0.5g	<1%
Of which sugars	2g	<0.5g	<1%
Protein	23g	5.2g	10%
Salt	3.9g	0.88g	15%","Pork, Iodised Salt (Salt, Potassium Iodate), Dextrose, Spices, Pork Fat, Flavour Enhancer (Monosodium Glutamate, Disodium Inosinate, Disodium Quanylate), Preservative (Sodium Nitrite), Beechwood Smoke, Made with 146g Pork and Pork Fat per 100g finished product, as some moisture is lost during curing and drying",https://www.sainsburys.co.uk/gol-ui/product/peperami-original-225g-7858180-p-44,,2024-08-20T23:28:51.712415-04:00
66-2579-DAI,Lucozade Sport Drink Orange 500ml,Lucozade,Drinks,Sandwiches & food to go,Meal deal,500ML,£1.85,,,37p / 100ml,2888453.0,Orange Flavour Isotonic Drink with Sugars and Sweeteners,,https://assets.sainsburys-groceries.co.uk/gol/2888453/1/640x640.jpg,"Nutrient	per In every 100ml	%RI*	per 100ml	%RI*
Energy, kJ/kcal	282/ 66	-	113/ 27	-
Carbohydrate, g	15.7	-	6.3	-
of which sugars, g	8.8	-	3.5	-
Salt, g	0.31	-	0.12	-
Niacin, mg	3.0	19	1.2	7.5","Water, Glucose Syrup, Acid (Citric Acid), Acidity Regulator (Sodium Citrate), Preservative (Potassium Sorbate), Stabiliser (Acacia Gum), Antioxidant (Ascorbic Acid), Sweeteners (Aspartame, Acesulfame K), Flavouring, Niacin (Vitamin B3), Colour (Beta Carotene)",https://www.sainsburys.co.uk/gol-ui/product/lucozade-sport-still-glucose-drink--orange-500ml,,2024-08-19T04:52:20.932847-04:00
66-2580-DAI,"Sainsbury's Chorizo & Mozzarella Sandwich, Taste the Difference",Sainsbury's,"Dairy, eggs & chilled",Sandwiches & food to go,Sandwiches & wraps,,£4.25,,,£4.25 / ea,8153719.0,"Chorizo, mozzarella cheese, garlic mayonnaise, nduja mayonnaise and rocket on white bread with sun-dried tomatoes.",,https://assets.sainsburys-groceries.co.uk/gol/8153719/1/640x640.jpg,,,https://www.sainsburys.co.uk/gol-ui/product/sainsburys-chorizo-mozzarella-sandwich-taste-the-difference,,2024-08-20T23:29:13.133046-04:00
66-2581-DAI,Graze Snack Box Veggie Protein Power 28g,Graze,"Dairy, eggs & chilled",Sandwiches & food to go,"Fruit, snacks & treats",,£1.20,,,£4.29 / 100g,7754867.0,"Sea salt & black pepper cashews, roasted edamame beans, salted peas & broad beans",,https://assets.sainsburys-groceries.co.uk/gol/7754867/1/640x640.jpg,,"Sea Salt & Black Pepper Cashews (33%): [Cashew Nuts, Black Pepper Seasoning (6%) (Sea Salt, Black Pepper, Rice Flour, Maltodextrin, Sugar, Lemon Juice Powder, Natural Flavouring), Tapioca Starch], Roasted Edamame Beans (27%): [Edamame Beans (Soya), Salt], Salted Peas (20%): [Green Peas, Corn Starch, Wheat Flour, Sunflower Oil, Sugar, Sea Salt], Salted Broad Beans (20%): [Broad Beans, Sunflower Oil, Sea Salt]",https://www.sainsburys.co.uk/gol-ui/product/graze-snack-box-veggie-protein-power-28g,,2024-08-20T23:29:26.277127-04:00
66-2582-DAI,"Sainsbury's Katsu Chicken, Autumn Edition",Sainsbury's,"Dairy, eggs & chilled",Sandwiches & food to go,Sandwiches & wraps,,£3.15,,,£3.15 / ea,8162889.0,"Chicken breast goujons in a breadcrumb coating, vegetables in vinegar, katsu curry sauce, mayonnaise and lettuce in a chilli tortilla wrap",,https://assets.sainsburys-groceries.co.uk/gol/8162889/1/640x640.jpg,,,https://www.sainsburys.co.uk/gol-ui/product/sainsburys-chicken-katsu-wrap,,2024-08-20T23:29:47.562172-04:00
66-2583-DAI,Proper Chips Barbecue Lentil Chips 20g,Proper,"Dairy, eggs & chilled",Sandwiches & food to go,"Fruit, snacks & treats",,£1.05,,,£5.25 / 100g,7994071.0,Lentil chips with a barbecue seasoning.,,https://assets.sainsburys-groceries.co.uk/gol/7994071/1/640x640.jpg,,"Lentil Flour (28%), Potato Starch, Vegetable Oils (Sunflower, Rapeseed, Coconut), Corn Flour, Sugar, Salt, Natural Flavourings, Onion, Garlic, Rice Flour, Smoked Chipotle Pepper, Tomato, Spices",https://www.sainsburys.co.uk/gol-ui/product/properchips-barbecue-lentil-chips-20g,,2024-08-20T23:30:00.637231-04:00
66-2584-DAI,Plant Pioneers Southern Fried No Chicken Wrap,Plant,"Dairy, eggs & chilled",Sandwiches & food to go,Sandwiches & wraps,,£3.15,,,£3.15 / ea,8136899.0,"Wheat protein and pea protein spiced goujons, coleslaw, red pepper and red chilli sauce, lettuce and fried onion in a tortilla wrap",,https://assets.sainsburys-groceries.co.uk/gol/8136899/1/640x640.jpg,,,https://www.sainsburys.co.uk/gol-ui/product/plant-pioneers-southern-fried-no-chicken-wrap,,2024-08-20T23:30:21.994090-04:00
66-2585-DAI,Cadbury Mini Rolls Milk Chocolate On The Go x2,Cadbury,"Dairy, eggs & chilled",Cakes & tarts,All cakes & tarts,,£1.10,,,55p / ea,7800552.0,"Chocolate flavoured sponge with a vanilla flavour filling, covered with milk chocolate.",,https://assets.sainsburys-groceries.co.uk/gol/7800552/1/640x640.jpg,"Nutrient	Per 100g	Per Roll (26g)	%* Per Roll (26g)
Energy	1925kJ / 460kcal	505kJ / 120kcal	6%
Fat	23.5g	6.2g	9%
of which Saturates	11.3g	3.0g	15%
Carbohydrate	56.3g	14.8g	6%
of which Sugars	42.8g	11.3g	13%
Fibre	2.3g	0.6g	-
Protein	4.8g	1.3g	3%
Salt	0.70g	0.18g	3%","Milk Chocolate (34%) [Sugar, Cocoa Mass, Cocoa Butter, Dried Skimmed Milk, Milk Fat, Vegetable Fats (Palm, Shea, Sal, Mango in varying proportions), Dried Whey (from Milk), Emulsifier (Soya Lecithin)], Vanilla Flavour Filling (28%) [Vegetable Oils (Palm, Rapeseed), Glucose Syrup, Dextrose, Sugar, Water, Emulsifier (E471), Flavouring], Sugar, Wheat Flour (with added Calcium, Iron, Niacin, Thiamin), Water, Glucose Syrup, Humectant (Glycerol), Dried Whole Egg, Fat Reduced Cocoa, Vegetable Oils (Palm, Rapeseed), Dried Whey (from Milk), Raising Agents (E450, Sodium Bicarbonate), Soya Flour, Dried Egg White, Salt, Emulsifier (E471), Milk Proteins",https://www.sainsburys.co.uk/gol-ui/product/cadbury-mini-milk-chocolate-rolls-x2,,2024-08-20T23:30:34.932119-04:00
66-2586-DAI,Fridge Raiders Southern Style Chicken Bites Meal Deal 45g,Fridge,"Dairy, eggs & chilled",Sandwiches & food to go,Sandwiches & wraps,,£1.30,,,£2.89 / 100g,8115060.0,Southern style flavour chopped and shaped chicken breast.,,https://assets.sainsburys-groceries.co.uk/gol/8115060/1/640x640.jpg,"Nutrient	Per 100g	Per Pack (45g)
Energy	923kJ/ 221kcal	416kJ/ 100kcal
Fat	14g	7g
of which saturates	3.8g	1.7g
Carbohydrate	4.2g	1.9g
of which sugars	1.1g	0.5g
Protein	19g	9g
Salt	1.3g	0.7g","Chicken Breast (91%), Vegetable Oils (Soya Bean, Sunflower, Rapeseed), Seasoning (Salt, Spices, Onion Powder, Sugar, Herbs, Yeast Extract, Garlic Powder, Stabiliser: Sodium Tripolyphosphate, Black Pepper Extract), Rusk (Wheat Flour (Wheat Flour, Calcium Carbonate, Iron, Niacin, Thiamin), Salt, Raising Agent: Ammonium Bicarbonate), Modified Tapioca Starch, Dextrose",https://www.sainsburys.co.uk/gol-ui/product/fridge-raiders-southern-style-chicken-bites-meal-deal-50g,,2024-08-20T23:30:48.199057-04:00
66-2587-DAI,YO! Chicken Katsu Rolls 200g,YO!,"Dairy, eggs & chilled",Sandwiches & food to go,Special offers,,£4.75,,,£2.38 / 100g,8169493.0,,,https://assets.sainsburys-groceries.co.uk/gol/8169493/1/640x640.jpg,"Nutrient	per 100g:	per pack:
Energy	702kJ / 167kcal	1405kJ / 334kcal
Fat	5.9g	12g
of which saturates	0.9g	1.7g
Carbohydrate	24g	48g
of which sugars	4.3g	8.6g
Fibre	1.0g	2.0g
Protein	3.8g	7.6g
Salt	1.0g	2.0g","Cooked Rice (Water, Rice, Sugar, Spirit Vinegar, Rice Vinegar, Salt, Rapeseed Oil, Fructose-Glucose Syrup, Cane Molasses), Breaded Cooked Chicken Breast (11%) (Chicken Breast, Wheat Flour, Water, Modified Starch (Oxidised Starch, Starch Acetate), Palm Oil, Salt, Dextrose, Raising Agents (Sodium Phosphates, Sodium Bicarbonate), Stabiliser (Sodium Triphosphate, Yeast, Soya Flour), Mayonnaise (Rapeseed Oil, Water, Pasteurised Free Range Egg, Pasteurised Free Range Egg Yolk, Spirit Vinegar, Sugar, Salt, Lemon Juice from Concentrate, Preservative (Potassium Sorbate), Antioxidant (Calcium Disodium EDTA), Colour (Paprika Extract)), Cucumber (7%), Red Pepper (6%), Teriyaki Sauce (Water, Sugar, Soya Beans, Wheat, Salt, Modified Maize Starch, Onion Purée, Spirit Vinegar, Apple Juice Concentrate, Garlic Powder, Lime Juice Concentrate, Alcohol), Lettuce, Seaweed",https://www.sainsburys.co.uk/gol-ui/product/yo%21-chicken-katsu-rolls-200g,,2024-08-20T23:31:06.884262-04:00
66-2588-DAI,Walkers Oven Baked Prawn Cocktail Flavoured Crisp Snacks 37.5g,Walkers,"Dairy, eggs & chilled",Sandwiches & food to go,Meal deal,,£1.00,,,£2.67 / 100g,8036911.0,Prawn Cocktail Flavour Baked Potato Snack with Sugar and Sweetener,,https://assets.sainsburys-groceries.co.uk/gol/8036911/1/640x640.jpg,"Nutrient	Per 100g	Per 37.5g (%*) Serving
Energy	1839 kJ	690 kJ (8%*)
Energy	437 kcal	164 kcal (8%*)
Fat	13 g	4.8 g (7%*)
of which Saturates	1.4 g	0.5 g (3%*)
Carbohydrate	72 g	27 g
of which Sugars	6.2 g	2.3 g (3%*)
Fibre	6.3 g	2.4 g
Protein	6.0 g	2.3 g
Salt	0.81 g	0.30 g (5%*)","Potato Flakes, Starch, Rapeseed Oil, Prawn Cocktail Seasoning, Sugar, Emulsifier (Lecithins), Sunflower Oil, Colour (Annatto Norbixin), Prawn Cocktail Seasoning: Flavouring, Sugar, Yeast Powder, Salt, Dextrose, Acid (Citric Acid), Potassium Chloride, Onion Powder, Tomato Powder, Colour (Paprika Extract), Sweetener (Sucralose).",https://www.sainsburys.co.uk/gol-ui/product/walkers-baked-prawn-cocktail-snack-375g,,2024-08-20T23:31:20.151851-04:00
66-2589-DAI,Sainsbury's Cocktail Sausages & Tomato Ketchup 98g,Sainsbury's,"Dairy, eggs & chilled",Sandwiches & food to go,Sandwiches & wraps,,£1.30,,,£1.33 / 100g,8052900.0,Pork cocktail sausages in beef casing with tomato ketchup,,https://assets.sainsburys-groceries.co.uk/gol/8052900/1/640x640.jpg,,,https://www.sainsburys.co.uk/gol-ui/product/sainsburys-cocktail-sausages-heinz-ketchup-98g,,2024-08-20T23:31:40.790381-04:00
66-2590-DAI,Lipton Ice Tea Lemon 500ml,Lipton,Drinks,Sandwiches & food to go,Meal deal,500ML,£1.75,,£2.00,35p / 100ml,8021719.0,Still Soft Drink with Tea Extract and Lemon Juice with Sugars and Sweetener.,,https://assets.sainsburys-groceries.co.uk/gol/8021719/1/640x640.jpg,"Nutrient	Per 100 ml	Per 250 ml	% per 250 ml*
Energy	55 kJ/ 13 kcal	139 kJ/ 33 kcal	2 %
Fat	0 g	0 g	0 %
- of which saturates	0 g	0 g	0 %
Carbohydrate	3.1 g	7.8 g	3 %
- of which sugars	3.0 g	7.5 g	8 %
Protein	0 g	0 g	0 %
Salt	0.03 g	0.09 g	2 %","Water, Sugars (Sucrose, Fructose), Acids (Citric Acid, Malic Acid), Black Tea Extract (0.12%), Lemon Juice from Concentrate (0.1%), Acidity Regulator (Trisodium Citrate), Flavourings, Antioxidant (Ascorbic Acid), Sweetener (Steviol Glycosides from Stevia)",https://www.sainsburys.co.uk/gol-ui/product/lipton-ice-tea-lemon-500ml-8021719-p-44,,2024-08-19T04:53:13.232435-04:00
66-2591-DAI,Kellogg's Rice Krispies Squares Marshmallow 28g,Kellogg's,"Dairy, eggs & chilled",Sandwiches & food to go,"Fruit, snacks & treats",,90p,,,£3.21 / 100g,6662001.0,Rice Cereal Bar with a Marshmallow Flavoured Coating.,,https://assets.sainsburys-groceries.co.uk/gol/6662001/1/640x640.jpg,,"Kellogg's Toasted Rice Cereal (35%) (Rice, Sugar, Salt,BarleyMalt Extract, Niacin, Iron, Vitamin B6, Riboflavin, Thiamin, Folic Acid, Vitamin D, Vitamin B12), Marshmallow (33%) (Glucose Syrup, Sugar, Beef Gelatin, Flavouring), Fructose, Palm Oil, Invert Sugar Syrup, Glucose Syrup, Humectant (Glycerol), Salt, Flavouring (contains Milk), Emulsifiers (E472e, E472a), Antioxidant (E320)",https://www.sainsburys.co.uk/gol-ui/product/kelloggs-rice-krispies-squares-marshmallow-28g,,2024-08-20T23:31:53.786788-04:00
66-2592-DAI,itsu Gourmet Gyoza Chicken & Spring Onion 133g,itsu,"Dairy, eggs & chilled",Sandwiches & food to go,Special offers,,£3.75,,,£2.82 / 100g,8166270.0,Steamed Asian style wheat parcels filled with chicken & vegetables with a ponzu sauce (soy based dipping sauce),,https://assets.sainsburys-groceries.co.uk/gol/8166270/1/640x640.jpg,"Nutrient	as sold per: 100g	as sold per: 6 gyoza		as sold per: 100g	as sold per: ponzu sauce
Energy (kJ)	653	731
Energy (kcal)	155	174
Fat (g)	4.4	4.9
of which saturates (g)	1.2	1.3
Carbohydrate (g)	20	22
of which sugars (g)	2.5	2.8
Fibre (g)	1.7	1.9
Protein (g)	8.2	9.2
Salt (g)	0.71	0.80
Energy (kJ)	653	98
Energy (kcal)	155	23
Fat (g)	4.4	<0.5
of which saturates (g)	1.2	<0.1
Carbohydrate (g)	20	5.1
of which sugars (g)	2.5	5.1
Fibre (g)	1.7	<0.5
Protein (g)	8.2	0.6
Salt (g)	0.71	1.2","Gyoza Filling (Chicken [Thigh & Skin] (37%), Cabbage, White Onion, Spring Onion (5%), Soy Sauce [Water, Soya Beans, Wheat, Salt], Ginger, Yeast Extract, Garlic, Chicken Stock [Water, Chicken, Salt], Sesame Oil, Textured Soya Protein, Sugar, Salt, Water, Black Pepper, Turmeric), Gyoza Skin (Wheat Flour, Water, Tapioca Starch, Wheat Gluten, Rapeseed Oil, Salt, Turmeric)",https://www.sainsburys.co.uk/gol-ui/product/itsu-gourmet-gyoza-chicken-spring-onion-133g,,2024-08-20T23:32:07.139550-04:00
66-2593-DAI,YO! Vegan Selection 222g,YO!,"Dairy, eggs & chilled",Sandwiches & food to go,Special offers,,£4.50,,,£2.03 / 100g,8115042.0,"2 Inari nigiri, 4 cucumber hosomaki, 2 yellow pepper hosomaki, 1 chive coated pickled carrot, cucumber & red pepper roll, 1 sesame coated pickled red cabbage, yellow pepper & rocket roll, with soy sauce, pickled ginger & wasabi",,https://assets.sainsburys-groceries.co.uk/gol/8115042/1/640x640.jpg,"Nutrient	per 100g:	per pack:
Energy	615kJ / 146kcal	1365kJ / 324kcal
Fat	2.9g	5.8g
of which saturates	0.5g	1.0g
Carbohydrate	26g	59g
of which sugars	8.4g	19g
Fibre	1.5g	3.3g
Protein	3.4g	7.5g
Salt	1.2g	2.8g","Cooked Rice (Water, Rice, Sugar, Spirit Vinegar, Rice Vinegar, Salt, Rapeseed Oil, Fructose-Glucose Syrup, Cane Molasses), Inari Fried Tofu Wraps (13%) (Soya Beans, Water, Sugar, Rice Bran Oil, Sweetener (Maltitol), Wheat, Salt, Acidity Regulators (Sodium Acetate, Acetic Acid, Malic Acid), Corn Starch, Colour (Plain Caramel)), Cucumber (6%), Yellow Pepper (3%), Soy Sauce Sachet (Water, Soya Beans, Wheat, Salt, Alcohol), Pickled Carrot (Carrot, Rice Vinegar, Sugar, Salt), Pickled Red Cabbage (Red Cabbage, Rice Vinegar, Sugar, Salt), Pickled Ginger Sachet (Ginger, Tapioca Starch, Water, Sugar Cane Vinegar, Salt, Alcohol), Wasabi Sachet (Horseradish, Wasabi, Tapioca Starch, Salt, Mustard Oil, Acidity Regulator (Citric Acid), Antioxidant (Ascorbic Acid)), Red Pepper, Seaweed, Chives, Rocket, White Sesame Seeds, Black Sesame Seeds",https://www.sainsburys.co.uk/gol-ui/product/yo%21-vegan-selection-222g,,2024-08-20T23:32:20.815073-04:00
66-2594-DAI,Sainsbury's Summer Chicken & Chorizo,Sainsbury's,"Dairy, eggs & chilled",Sandwiches & food to go,Sandwiches & wraps,,£2.85,,,£2.85 / ea,8189220.0,"Chicken breast, chorizo and seasoned mayonnaise on malted bread",,https://assets.sainsburys-groceries.co.uk/gol/8189220/1/640x640.jpg,,,https://www.sainsburys.co.uk/gol-ui/product/sainsburys-summer-chicken-chorizo,,2024-08-20T23:32:42.760934-04:00
66-2595-DAI,Monster Energy Drink 500ml,Monster,Drinks,Sandwiches & food to go,Meal deal,500ML,£1.95,,£1.25,39p / 100ml,7002768.0,"Carbonated Energy Drink with Taurine, Ginseng, L-carnitine, Caffeine and B Vitamins with Sugars and Sweetener.",,https://assets.sainsburys-groceries.co.uk/gol/7002768/1/640x640.jpg,"Nutrient	Per 100ml	Per 500ml (%*)		Per 100ml	Per 500ml (%*)
Energy	201 kJ/ (47 kcal)	1006 kJ/ (237 kcal) (12%)
Carbohydrate	12g	60g (23%)
of which sugars	11g	55g (61%)
Salt	0.19g	0.96g (16%)
Vitamins	(%**)	(%**)
Niacin (Vit B3)	8.5mg (53%)	43mg (266%)
Vitamin B6	0.80mg (57%)	4.0mg (286%)
Riboflavin (Vit B2)	0.70mg (50%)	3.5mg (250%)
Vitamin B12	2.5µg (100%)	13µg (500%)","Carbonated Water, Sucrose, Glucose Syrup, Acid (Citric Acid), Flavourings, Taurine (0.4%), Acidity Regulator (Sodium Citrates), Panax Ginseng Root Extract (0.08%), L-Carnitine L-Tartrate (0.04%), Preservatives (Sorbic Acid, Benzoic Acid), Caffeine (0.03%), Colour (Anthocyanins), Vitamins (B3, B6, B2, B12), Sweetener (Sucralose), Sodium Chloride, D-Glucuronolactone, Guarana Seed Extract (0.002%), Inositol, Maltodextrin",https://www.sainsburys.co.uk/gol-ui/product/monster-energy-500ml,,2024-08-19T04:53:56.022342-04:00
66-2596-DAI,Walkers Baked Cheese & Onion Crisps Snacks 37.5g,Walkers,"Dairy, eggs & chilled",Sandwiches & food to go,"Fruit, snacks & treats",,£1.00,,,£2.67 / 100g,6821961.0,Cheese & Onion Flavour Baked Potato Snack,,https://assets.sainsburys-groceries.co.uk/gol/6821961/1/640x640.jpg,"Nutrient	Per 100g	Per 37.5g(%*) Serving
Energy	1840 kJ	690 kJ (8%*)
Energy	437 kcal	164 kcal (8%*)
Fat	13 g	4.8 g (7%*)
of which Saturates	1.4 g	0.5 g (3%*)
Carbohydrate	72 g	27 g
of which Sugars	7.3 g	2.7 g (3%*)
Fibre	6.2 g	2.3 g
Protein	6.1 g	2.3 g
Salt	0.89 g	0.33 g (6%*)","Potato Flakes, Starch, Rapeseed Oil, Cheese & Onion Seasoning, Sugar, Emulsifier (Lecithins), Sunflower Oil, Colour (Annatto Norbixin), Cheese & Onion Seasoning: Whey Permeate (from Milk), Salt, Sugar, Flavouring (contains Milk), Rice Flour, Onion Powder, Acidity Regulators (Citric Acid, Malic Acid), Whey Protein (from Milk), Garlic Powder, Dried Cheese (0.1%) (from Milk), Whey Powder (from Milk), Colour (Paprika Extract, Annatto Bixin), Skimmed Milk Powder.",https://www.sainsburys.co.uk/gol-ui/product/walkers-baked-cheese---onion-crisps-375g,,2024-08-20T23:32:56.654318-04:00
66-2597-DAI,Red Bull Energy Drink 250ml,Red,Drinks,Sandwiches & food to go,Meal deal,250ML,£1.75,,£3.50,70p / 100ml,2522838.0,Energy Drink,,https://assets.sainsburys-groceries.co.uk/gol/2522838/1/640x640.jpg,"Nutrient	per 100 ml		per 100 ml
Energy	195 kJ (46 kcal)
Fat	0 g
of which Saturates	0 g
Carbohydrates	11 g
of which Sugars	11 g
Protein	0 g
Salt	0.1 g
Niacin	8 mg / 50% NRV
Pantothenic Acid	2 mg / 33% NRV
Vitamin B6	2 mg / 143% NRV
Vitamin B12	2 μg / 80% NRV","Water, Sucrose, Glucose, Acid (Citric Acid), Carbon Dioxide, Taurine (0.4%), Acidity Regulators (Sodium Carbonates, Magnesium Carbonates), Caffeine (0.03 %), Vitamins (Niacin, Pantothenic Acid, B6, B12), Flavourings, Colours (Plain Caramel, Riboflavins)",https://www.sainsburys.co.uk/gol-ui/product/red-bull-energy-250ml,,2024-08-19T04:53:47.968461-04:00
66-2598-DAI,Walkers Max Flame Grilled Steak Crisps 50g,Walkers,"Dairy, eggs & chilled",Sandwiches & food to go,"Fruit, snacks & treats",,£1.00,,,£2.00 / 100g,7812466.0,Sizzling Flame Grilled Steak Flavour Ridged Potato Crisps,,https://assets.sainsburys-groceries.co.uk/gol/7812466/1/640x640.jpg,"Nutrient	Per 100g:	Per 50g(%*) Pack
Energy	2123 kJ	1062 kJ (13%*)
Energy	508 kcal	254 kcal (13%*)
Fat	29 g	15 g (21%*)
of which Saturates	2.3 g	1.2 g (6%*)
Carbohydrate	52 g	26 g
of which Sugars	1.2 g	0.6 g (<1%*)
Fibre	4.4 g	2.2 g
Protein	6.9 g	3.5 g
Salt	1.1 g	0.55 g (9%*)","Potatoes, Vegetable Oils (Sunflower, Rapeseed, in varying proportions), Flame Grilled Steak Seasoning [Flavourings, Salt, Onion Powder, Sugar, Potassium Chloride, Smoked Salt, Colour (Paprika Extract)], Antioxidants (Rosemary Extract, Ascorbic Acid, Tocopherol Rich Extract, Citric Acid).",https://www.sainsburys.co.uk/gol-ui/product/walkers-max-flame-grilled-steak-50g,,2024-08-20T23:33:10.384292-04:00
66-2599-DAI,Red Bull Energy Drink Sugar Free 250ml,Red,Drinks,Sandwiches & food to go,Meal deal,250ML,£1.65,,£3.50,66p / 100ml,4130819.0,Energy drink with sweeteners,,https://assets.sainsburys-groceries.co.uk/gol/4130819/1/640x640.jpg,"Nutrient	per 100 ml		per 100 ml
Energy	13 kJ (3 kcal)
Fat	0 g
of which Saturates	0 g
Carbohydrate	0 g
of which Sugars	0 g
Salt	0.1 g
Niacin	8 mg / 50% NRV
Pantothenic acid	2 mg / 33% NRV
Vitamin B6	2 mg / 143% NRV
Vitamin B12	2 µg / 80% NRV","Water, Acid (Citric Acid), Carbon Dioxide, Taurine (0.4%), Acidity Regulators (Sodium Carbonates, Magnesium Carbonates), Caffeine (0.03 %), Sweeteners (Sucralose, Acesulfame K), Vitamins (Niacin, Pantothenic Acid, B6, B12), Flavourings, Thickener (Xanthan Gum), Colours (Plain Caramel, Riboflavins)",https://www.sainsburys.co.uk/gol-ui/product/red-bull-sugarfree--energy-drink-250ml--4130819-p,,2024-08-19T04:53:39.778988-04:00
66-2600-DAI,Lucozade Zero Pink Lemonade 500ml,Lucozade,Drinks,Sandwiches & food to go,Meal deal,500ML,£1.85,,£4.00,37p / 100ml,7794921.0,Sparkling sugar free lemon and red berry flavour drink with sweeteners.,250 ml,https://assets.sainsburys-groceries.co.uk/gol/7794921/1/640x640.jpg,"Nutrient	per 100ml	%RI*	per 250ml Serving	%RI*
Energy, kJ/kcal	7/ 1.7	-	19/ 4	-
Carbohydrate, g	0.1	-	0.1	-
of which sugars, g	0.1	-	0.1	-
Salt, g	0.04	-	0.1	-
Niacin, mg	1.2	7.5	3.0	19","Carbonated Water, Fruit Juices from Concentrate (2%) (Lemon, Cranberry, Raspberry), Acid (Citric Acid), Acidity Regulator (Sodium Gluconate), Lemon Extract, Sweeteners (Aspartame, Acesulfame K), Flavourings, Preservative (Potassium Sorbate), Extracts of Sweet Potato, Apple, Radish and Cherry, Caffeine, Stabiliser (Locust Bean Gum), Niacin (Vitamin B3)",https://www.sainsburys.co.uk/gol-ui/product/lucozade-zero-pink-lemonade-500ml,,2024-08-19T04:56:13.284245-04:00
66-2601-DAI,Sainsbury's Gluten Free Chicken Mayo Sandwich,Sainsbury's,"Dairy, eggs & chilled",Sandwiches & food to go,Sandwiches & wraps,,£3.25,,,£3.25 / ea,8181906.0,Chicken with seasoned mayonnaise on gluten free seeded bread,,https://assets.sainsburys-groceries.co.uk/gol/8181906/1/640x640.jpg,,,https://www.sainsburys.co.uk/gol-ui/product/sainsburys-gluten-free-chicken-mayo-sandwich,,2024-08-20T23:33:32.369165-04:00
66-2602-DAI,Highland Spring Eco Bottle Water 500ml,Highland,Drinks,Sandwiches & food to go,Meal deal,500ML,£1.00,,,20p / 100ml,7920687.0,Still Spring Water.,,https://assets.sainsburys-groceries.co.uk/gol/7920687/1/640x640.jpg,"Nutrient	Average Analysis mg/l
Bicarbonate:	150
Calcium:	40.5
Chloride:	6.1
Magnesium:	10.1
Nitrate (as NO3):	3.1
Potassium:	0.7
Sodium:	5.6
Sulphate:	5.3
Dry residue at 180°C:	170
pH:	7.8",,https://www.sainsburys.co.uk/gol-ui/product/highland-spring-eco-bottle-500ml,,2024-08-20T01:36:47.677658-04:00
66-2603-DAI,Diet Coke 330ml,Diet,Drinks,Sandwiches & food to go,Meal deal,330ML,£1.10,,£8.50,33p / 100ml,2190976.0,Sparkling Low Calorie Soft Drink with Plant Extracts with Sweeteners.,,https://assets.sainsburys-groceries.co.uk/gol/2190976/1/640x640.jpg,,"Carbonated Water, Colour (Caramel E150d), Sweeteners (Aspartame, Acesulfame K), Natural Flavourings, Caffeine Flavouring, Acids (Phosphoric Acid, Citric Acid)",https://www.sainsburys.co.uk/gol-ui/product/diet-coke-330ml,,2024-08-19T04:55:48.780305-04:00
66-2604-DAI,Orangina Sparkling Juice Drink 420ml,Orangina,Drinks,Sandwiches & food to go,Meal deal,420ML,£1.70,,£2.50,40p / 100ml,7758372.0,"Sparkling Orange Juice Drink with Citrus Pulp, Sugar and Sweeteners",,https://assets.sainsburys-groceries.co.uk/gol/7758372/1/640x640.jpg,"Nutrient	per 100ml
Energy, kJ/kcal	30/ 7
Carbohydrate, g	1.4
of which sugars, g	1.2
Salt, g	0.01","Carbonated Water, Orange Juice and other Citrus Juice from Concentrate 12% (Orange 10%, Lemon, Mandarin, Grapefruit), Pulp 2% (Orange 1%, Mandarin), Preservative (Potassium Sorbate), Sweeteners (Acesulfame K, Sucralose), Orange Peel Extract, Natural Orange Flavourings",https://www.sainsburys.co.uk/gol-ui/product/orangina-420ml,,2024-08-19T04:55:57.235175-04:00
66-2605-DAI,McCoy's Thai Sweet Chicken Grab Bag Crisps 45g,McCoy's,"Dairy, eggs & chilled",Sandwiches & food to go,Meal deal,,£1.10,,,£2.44 / 100g,8061040.0,Thai Sweet Chicken Flavour Potato Crisps,,https://assets.sainsburys-groceries.co.uk/gol/8061040/1/640x640.jpg,,"Potatoes, Sunflower Oil, Thai Sweet Chicken Flavour [Sugar, Maltodextrin, Salt, Dried Yeast Extract, Ground Spices (Red Chilli Pepper, Fennel, Aniseed, Clove), Natural Flavourings, Dried Onion, Dried Garlic, Acid: Citric Acid, Dried Parsley, Chilli Powder (Chilli, Cumin, Oregano, Dried Garlic, Salt), Red Bell Pepper Powder, Colour: Paprika Extract]",https://www.sainsburys.co.uk/gol-ui/product/mccoys-thai-sweet-chicken-crisps-475g,,2024-08-20T23:33:46.067751-04:00
66-2606-DAI,Pepsi Cola Bottle 500ml,Pepsi,Drinks,Sandwiches & food to go,Meal deal,500ML,£1.75,,£2.00,35p / 100ml,3718070.0,Carbonated Cola Flavoured Soft Drink with Sugar and Sweeteners,,https://assets.sainsburys-groceries.co.uk/gol/3718070/1/640x640.jpg,"Nutrient	Per 100ml	Per 250ml
Energy	78kJ/ 18kcal	196kJ/ 46kcal
Fat	0g	0g
of which Saturates	0g	0g
Carbohydrate	4.6g	12g
of which Sugars	4.6g	11g
Protein	0g	0g
Salt	0g	0.01g","Carbonated Water, Sugar, Colour (E150d), Flavourings (Including Caffeine), Acid (Phosphoric Acid), Sweeteners (Acesulfame K, Sucralose)",https://www.sainsburys.co.uk/gol-ui/product/pepsi-500ml,,2024-08-19T04:58:42.558948-04:00
66-2607-DAI,Brave Roasted Chickpeas Sea Salt 35g,Brave,"Dairy, eggs & chilled",Sandwiches & food to go,"Fruit, snacks & treats",,£1.00,,,£2.86 / 100g,8012553.0,Roasted Chickpeas with Sea Salt,,https://assets.sainsburys-groceries.co.uk/gol/8012553/1/640x640.jpg,"Nutrient	Per 100g	Per 35g
Energy [kJ]	1623	568
Energy [kcal]	388	136
Fat [g]	10.7	3.7
of which saturates [g]	1.2	0.4
Carbohydrates [g]	45	16
of which sugars [g]	1.7	0.6
Fibre [g]	15	5.2
Protein [g]	20.4	7.1
Salt [g]	1.5	0.5","Chickpeas (88%), Rapeseed Oil, Sea Salt",https://www.sainsburys.co.uk/gol-ui/product/brave-roasted-chickpeas-sea-salt-35g,,2024-08-20T23:33:59.842088-04:00
66-2608-DAI,Red Bull Energy Drink 355ml,Red,Drinks,Sandwiches & food to go,Meal deal,355ML,£2.05,,£1.25,58p / 100ml,6566727.0,Energy Drink,,https://assets.sainsburys-groceries.co.uk/gol/6566727/1/640x640.jpg,"Nutrient	per 100 ml		per 100 ml
Energy	195 kJ (46 kcal)
Fat	0 g
of which Saturates	0 g
Carbohydrates	11 g
of which Sugars	11 g
Protein	0 g
Salt	0.1 g
Niacin	8 mg / 50% NRV
Pantothenic Acid	2 mg / 33% NRV
Vitamin B6	2 mg / 143% NRV
Vitamin B12	2 μg / 80% NRV","Water, Sucrose, Glucose, Acid (Citric Acid), Carbon Dioxide, Taurine (0.4 %), Acidity Regulators (Sodium Carbonates, Magnesium Carbonates), Caffeine (0.03 %), Vitamins (Niacin, Pantothenic Acid, B6, B12), Flavourings, Colours (Plain Caramel, Riboflavins)",https://www.sainsburys.co.uk/gol-ui/product/red-bull-energy-355ml,,2024-08-19T04:56:47.236267-04:00
66-2609-DAI,Sainsbury’s Gluten Free Egg & Cress Sandwich,Sainsbury’s,"Dairy, eggs & chilled",Sandwiches & food to go,Sandwiches & wraps,,£3.25,,,£3.25 / ea,8181433.0,hard-boiled egg with seasoned mayonnaise and cress on gluten free seeded bread,,https://assets.sainsburys-groceries.co.uk/gol/8181433/1/640x640.jpg,,,https://www.sainsburys.co.uk/gol-ui/product/sainsburys-goodfellas-egg-cress-sandwich,,2024-08-20T23:34:21.347978-04:00
66-2610-DAI,Sainsbury's Chicken Selection Pack 230g,Sainsbury's,"Dairy, eggs & chilled",Sandwiches & food to go,"Fruit, snacks & treats",,£3.00,,,£1.30 / 100g,8147741.0,"4 Sweet Chilli Chicken Bites: chopped and shaped chicken filled with sweet chilli sauce, coated in pepper breadcrumbs",,https://assets.sainsburys-groceries.co.uk/gol/8147741/1/640x640.jpg,,,https://www.sainsburys.co.uk/gol-ui/product/sainsburys-chicken-selection-pack-230g,,2024-08-20T23:34:43.522297-04:00
66-2611-DAI,Red Bull Energy Drink Coconut Edition 250ml,Red,Drinks,Sandwiches & food to go,Meal deal,250ML,£1.75,,,70p / 100ml,7963289.0,Energy Drink with the taste of Coconut and Berry,,https://assets.sainsburys-groceries.co.uk/gol/7963289/1/640x640.jpg,"Nutrient	per 100 ml		per 100 ml
Energy	191 kJ (45 kcal)
Fat	0 g
of which Saturates	0 g
Carbohydrates	11 g
of which Sugars	11 g
Protein	0 g
Salt	0.1 g
Niacin	8 mg / 50% NRV
Pantothenic Acid	2 mg / 33% NRV
Vitamin B6	2 mg / 143% NRV
Vitamin B12	2 μg / 80% NRV","Water, Sucrose, Glucose, Acid (Citric Acid), Carbon Dioxide, Taurine (0.4%), Acidity Regulator (Sodium Citrates), Caffeine (0.03%), Vitamins (Niacin, Pantothenic Acid, B6, B12), Flavourings, Stabilisers (Glycerol Esters of Wood Rosins, Sucrose Acetate Isobutyrate), Colours (Plain Caramel, Brilliant Blue FCF)",https://www.sainsburys.co.uk/gol-ui/product/red-bull-coconut-berry-edition-250ml,,2024-08-19T21:38:35.705091-04:00
66-2612-DAI,Doritos Cool Grab Original Tortilla Chip Crisps 48g,Doritos,"Dairy, eggs & chilled",Sandwiches & food to go,"Fruit, snacks & treats",,£1.00,,,£2.08 / 100g,7860742.0,Cool Original Flavour Corn Chips,,https://assets.sainsburys-groceries.co.uk/gol/7860742/1/640x640.jpg,"Nutrient	Per 48g(%*)Pack:	Per 100g:
Energy	1009 kJ (12%*)	2103 kJ
Energy	241 kcal (12%*)	503 kcal
Fat	12 g (18%*)	26 g
of which Saturates	1.2 g (6%*)	2.5 g
Carbohydrate	28 g	59 g
of which Sugars	0.9 g (1%*)	1.9 g
Fibre	2.7 g	5.7 g
Protein	2.8 g	5.8 g
Salt	0.58 g (10%*)	1.2 g","Corn(Maize), Rapeseed Oil, Cool Original Flavour [Flavouring (contains Milk),Salt, Glucose Syrup, Sugar, Onion Powder, Potassium Chloride, Cheese powder (from Milk), Garlic Powder, Tomato Powder, Flavour Enhancers (Monosodium glutamate, Disodium 5'-ribonucleotides), Acidity Regulators (Malic acid, Sodium acetates, Citric acid), Colour (Annatto bixin), Milk Protein, Spice], Antioxidants (Rosemary Extract, Ascorbic Acid, Tocopherol Rich Extract, Citric Acid)",https://www.sainsburys.co.uk/gol-ui/product/doritos-cool-original-tortilla-chip-crisps-55g,,2024-08-20T23:34:57.290871-04:00
66-2613-DAI,Monster Energy Drink Ultra 500ml,Monster,Drinks,Sandwiches & food to go,Meal deal,500ML,£1.90,,£1.25,38p / 100ml,7785382.0,"Carbonated Energy Drink with Taurine, Ginseng, Caffeine, L-Carnitine and B Vitamins with Sweeteners.",,https://assets.sainsburys-groceries.co.uk/gol/7785382/1/640x640.jpg,"Nutrient	Per 100ml:	Per 500ml (%*):		Per 100ml:	Per 500ml (%*):
Energy:	10kJ, 2kcal	50kJ, 11kcal (1%)
Carbohydrate:	0.9g	4.4g (2%)
Of which sugars:	0g	0g (0%)
Salt:	0.2g	1.0g (17%)
Vitamins:	(%**)	(%**)
Niacin (Vit B3):	8.5mg (53%)	43mg (266%)
Pantothenic Acid (Vit B5):	4.2mg (70%)	21mg (350%)
Vitamin B6:	0.8mg (57%)	4.0mg (286%)
Vitamin B12:	2.5µg (100%)	13µg (500%)","Carbonated Water, Acid (Citric Acid), Taurine (0.4%), Acidity Regulator (Sodium Citrate), Flavourings, Panax Ginseng Root Extract (0.08%), Sweeteners (Sucralose, Acesulfame K), Caffeine (0.03%), Preservatives (Sorbic Acid, Benzoic Acid), L-Carnitine L-Tartrate (0.015%), Vitamins (B3, B5, B6, B12), Sodium Chloride, D-Glucronolactone, Guarana Seed Extract (0.002%), Inositol",https://www.sainsburys.co.uk/gol-ui/product/monster-energy-ultra-sugar-free-500ml,,2024-08-19T04:57:11.962637-04:00
66-2614-DAI,Diet Pepsi Cola Bottle 500ml,Diet,Drinks,Sandwiches & food to go,Meal deal,500ML,£1.75,,£1.85,35p / 100ml,7268374.0,Carbonated Low Calorie Cola Flavoured Soft Drink with Sweeteners,,https://assets.sainsburys-groceries.co.uk/gol/7268374/1/640x640.jpg,"Nutrient	Per 100ml	Per 250ml
Energy	3kJ/ 0.6kcal	8kJ/ 2kcal
Fat	0g	0g
of which saturates	0g	0g
Carbohydrate	0g	0g
of which sugars	0g	0g
Protein	0g	0g
Salt	0.05g	0.13g","Carbonated Water, Colour (E150d), Acids (Phosphoric Acid, Citric Acid), Flavourings (including Caffeine), Sweeteners (Aspartame, Acesulfame K), Acidity Regulator (Sodium Citrate), Preservative (Potassium Sorbate)",https://www.sainsburys.co.uk/gol-ui/product/diet-pepsi-600ml,,2024-08-19T04:57:29.260857-04:00
66-2615-DAI,Pollen + Grace Mexican Chipotle Burrito,Pollen,"Dairy, eggs & chilled",Sandwiches & food to go,Sandwiches & wraps,,£4.00,,,£4.00 / ea,8187379.0,"Mexican-style wrap with cayenne roasted sweet potato, Mexican-style spicy rice, sweetcorn salsa, black beans, crunchy red pepper + vegan chipotle mayo",,https://assets.sainsburys-groceries.co.uk/gol/8187379/1/640x640.jpg,"Nutrient	Per 100g (*RI%)	Per pack (*RI%)
Energy kJ	761 (9%)	1881 (23%)
Energy kcal	182 (9%)	450 (23%)
Fat (g)	5.9 (8%)	14.5 (21%)
of which saturates (g)	0.3 (2%)	0.7 (4%)
Carbohydrate (g)	26.2 (10%)	64.8 (25%)
of which sugars (g)	3.4 (4%)	8.3 (9%)
Fibre (g)	2.3	5.8
Protein (g)	5 (10%)	12.3 (25%)
Salt (g)	0.9 (15%)	2.2 (36%)","Tortilla Wrap (Wheat Flour [Calcium Carbonate, Iron, Niacin, Thiamin], Water, Palm Oil, Raising Agents [Sodium Acid Pyrophosphate, Sodium Bicarbonate], Salt, Acidity Regulator [Malic Acid], Humectant [Glycerine], Sugar), Mexican-Style Rice (37%) (Black Turtle Beans, Long Grain Brown Rice, Sweetcorn, Red Onion, Fresh Coriander, Sea Salt, Paprika), Roasted Sweet Potato (12%) (Sweet Potato, Rapeseed Oil, Sea Salt, Cayenne Pepper), Chipotle Vegan Mayo (8%) (Vegan Mayo [Water, Rapeseed Oil, Corn Flour, Spirit Vinegar, Dijon Mustard, Sugar, Salt, Mustard Powder, Lemon Juice Concentrate, Stabiliser (Xanthan Gum)], Chipotle Chilli Paste [White Wine Vinegar (Sulphites), Brown Sugar, Chipotle Chilli Flakes, Onion, Tomato Paste, Balsamic Vinegar (Sulphites), Sunflower Oil, Chipotle Chilli Pepper, Garlic Purée, Salt, Smoked Paprika, Cumin]), Red Peppers (6%), Spinach (5%)",https://www.sainsburys.co.uk/gol-ui/product/pollen-grace-mexican-chipotle-burrito,,2024-08-20T23:35:11.013027-04:00
66-2616-DAI,Graze Salt & Vinegar Crunch 28g,Graze,"Dairy, eggs & chilled",Sandwiches & food to go,"Fruit, snacks & treats",,£1.20,,,£4.29 / 100g,8016176.0,"Salt & vinegar flavoured broad beans, corn hoops, and salted corn",,https://assets.sainsburys-groceries.co.uk/gol/8016176/1/640x640.jpg,,"Salt & Vinegar Flavoured Broad Beans (50%): Broad Beans, Salt & Vinegar Seasoning (4%) (Sea Salt, Cider Vinegar Powder, Acidity Regulator: Citric Acid, Acidity Regulator: Malic Acid, Sugar, Malt Vinegar Powder (Barley), Caramelised Sugar Powder, Yeast Extract Powder, Natural Flavouring), Rapeseed Oil, Salt & Vinegar Flavoured Corn Hoops (27%): Corn, Sunflower Oil, Salt & Vinegar Flavouring (Natural Flavouring, Salt, Yeast Extract Powder, Acidity Regulator: Citric Acid), Salted Corn (23%): Corn Sunflower Oil, Sea Salt",https://www.sainsburys.co.uk/gol-ui/product/graze-salt-vinegar-crunch-28g,,2024-08-20T23:35:24.633692-04:00
66-2617-DAI,San Pellegrino Orange 330ml,San,Drinks,Sandwiches & food to go,Meal deal,330ML,£1.30,,£2.50,39p / 100ml,7513477.0,"Sparkling orange beverage with 16% orange juice from concentrate, with sugar and sweetener.",,https://assets.sainsburys-groceries.co.uk/gol/7513477/1/640x640.jpg,,"Water, Orange Juice from Concentrate (16%), Sugar, Carbon Dioxide, Orange Extract (0,1%), Acid: Citric Acid, Natural Flavourings, Stabiliser: Pectins, Natural Orange Flavouring, Sweetener: Steviol Glycosides from Stevia, Sweetener from natural origin",https://www.sainsburys.co.uk/gol-ui/product/san-pellegrino-orange-330ml,,2024-08-19T04:58:02.197653-04:00
66-2618-DAI,Walkers Roast Chicken Crisps 45g,Walkers,"Dairy, eggs & chilled",Sandwiches & food to go,Meal deal,,£1.00,,,£2.22 / 100g,8001465.0,Roast Chicken Flavour Potato Crisps,,https://assets.sainsburys-groceries.co.uk/gol/8001465/1/640x640.jpg,"Nutrient	Per 100g:	Per 45g(%*) Pack:
Energy	2132 kJ	959 kJ (11%*)
Energy	511 kcal	230 kcal (11%*)
Fat	29 g	13 g (19%*)
of which Saturates	2.4 g	1.1 g (5%*)
Carbohydrate	53 g	24 g
of which Sugars	1.4 g	0.6 g (<1%*)
Fibre	4.0 g	1.8 g
Protein	6.7 g	3.0 g
Salt	1.2 g	0.55 g (9%*)","Potatoes, Vegetable Oils (Sunflower, Rapeseed, in varying proportions), Roast Chicken Seasoning [Salt, Dextrose, Yeast Powder, Garlic Powder, Yeast Extract, Onion Powder, Flavourings, Potassium Chloride, Dried Sage, Colour (Paprika Extract)], Antioxidants (Rosemary Extract, Ascorbic Acid, Tocopherol Rich Extract, Citric Acid).",https://www.sainsburys.co.uk/gol-ui/product/walkers-roast-chicken-crisps-45g,,2024-08-20T23:35:38.676571-04:00
66-2619-DAI,Walkers Squares Salt & Vinegar Snacks Crisps 27.5g,Walkers,"Dairy, eggs & chilled",Sandwiches & food to go,"Fruit, snacks & treats",,£1.00,,,£3.64 / 100g,7428436.0,Salt & Vinegar Flavour Potato Snack.,,https://assets.sainsburys-groceries.co.uk/gol/7428436/1/640x640.jpg,"Nutrient	Per 27.5(%*) Pack	Per 100g
Energy	511 kJ (6%*)	1858 kJ
Energy	122 kcal (6%*)	443 kcal
Fat	5.0 g (7%*)	18 g
of which Saturates	0.4 g (2%*)	1.5 g
Carbohydrate	16.8 g	61 g
of which Sugars	1.0 g (1%*)	3.5 g
Fibre	1.5 g	5.5 g
Protein	1.8 g	6.5 g
Salt	0.61 g (10%*)	2.2 g","Potato Granules, Sunflower Oil, Potato Starch, Salt & Vinegar Flavour [Flavouring, Acid (Citric Acid), Sugar, Flavour Enhancers (Monosodium Glutamate, Disodium Guanylate), Potassium Chloride], Maltodextrin, Salt",https://www.sainsburys.co.uk/gol-ui/product/squares-salt---vinegar-275g,,2024-08-20T23:35:52.511035-04:00
66-2620-DAI,Coca-Cola Zero Sugar 330ml,Coca-Cola,Drinks,Sandwiches & food to go,Meal deal,330ML,£1.10,,£2.00,33p / 100ml,7746462.0,Sparkling Low Calorie Soft Drink with Plant Extracts with Sweeteners,,https://assets.sainsburys-groceries.co.uk/gol/7746462/1/640x640.jpg,,"Carbonated Water, Colour (E150d), Acid (Phosphoric Acid), Sweeteners (Aspartame, Acesulfame-K, Enzymatically Produced Steviol Glycosides), Natural Flavourings, Caffeine Flavouring, Acidity Regulator (Sodium Citrates)",https://www.sainsburys.co.uk/gol-ui/product/coke-zero-330ml,,2024-08-19T04:58:49.821688-04:00
66-2621-DAI,Doritos Tangy Cheese Tortilla Chip Crisps 48g,Doritos,"Dairy, eggs & chilled",Sandwiches & food to go,"Fruit, snacks & treats",,£1.00,,,£2.08 / 100g,7860749.0,Tangy Cheese Flavour Corn Chips,,https://assets.sainsburys-groceries.co.uk/gol/7860749/1/640x640.jpg,"Nutrient	Per 48g(%*)Pack:	Per 100g:
Energy	1012 kJ (12%*)	2109 kJ
Energy	242 kcal (12%*)	505 kcal
Fat	13 g (18%*)	26 g
of which Saturates	1.2 g (6%*)	2.4 g
Carbohydrate	28 g	58 g
of which Sugars	1.3 g (1%*)	2.7 g
Fibre	2.7 g	5.7 g
Protein	3.1 g	6.5 g
Salt	0.57 g (10%*)	1.2 g","Corn(Maize), Rapeseed Oil, Tangy Cheese Flavour [Whey Powder (From Milk), Wheat Flour (contains Calcium, Iron, Niacin, Thiamin), Salt, Cheese Powder (From Milk), Tomato Powder, Flavouring (contains Milk), Onion Powder, Buttermilk Powder, Potassium Chloride, Flavour Enhancer (Monosodium glutamate), Garlic Powder, Milk Protein, Dextrose, Acidity Regulators (Lactic acid, Citric acid), Colours (Paprika extract, Annatto bixin, Plain caramel), Spice, Sugar, Skimmed Milk Powder], Antioxidants (Rosemary Extract, Ascorbic Acid, Tocopherol Rich Extract, Citric Acid).",https://www.sainsburys.co.uk/gol-ui/product/doritos-tangy-cheese-tortilla-chip-crisps-55g,,2024-08-20T23:36:05.653603-04:00
66-2622-DAI,Sainsbury's Food To Go Roasted Cashews 23g,Sainsbury's,"Dairy, eggs & chilled",,,,70p,,,£3.04 / 100g,7809055.0,Roasted cashews,,https://assets.sainsburys-groceries.co.uk/gol/7809055/1/640x640.jpg,,,https://www.sainsburys.co.uk/gol-ui/product/sainsburys-food-to-go-roasted-cashews-23g,,2024-08-20T23:36:33.233442-04:00
66-2623-DAI,Pepsi Max No Sugar Cola Can 330ml,Pepsi,Drinks,Sandwiches & food to go,Meal deal,330ML,£1.10,,£2.00,33p / 100ml,8061421.0,Carbonated Low Calorie Cola Flavoured Soft Drink with Sweeteners,,https://assets.sainsburys-groceries.co.uk/gol/8061421/1/640x640.jpg,"Nutrient	Per 100ml	Per 330ml
Energy	2kJ/ 0.4kcal	7kJ/ 1kcal
Fat	0g	0g
of which saturates	0g	0g
Carbohydrate	0g	0g
of which sugars	0g	0g
Protein	0g	0g
Salt	0g	0g","Carbonated Water, Colour (E150D), Sweeteners (Aspartame, Acesulfame K), Acids (Phosphoric Acid, Citric Acid), Flavourings (including Caffeine), Preservative (Potassium Sorbate)",https://www.sainsburys.co.uk/gol-ui/product/pepsi-max-330ml,,2024-08-19T04:59:06.352576-04:00
66-2624-DAI,YO! Korean Style Duck Rolls 200g,YO!,"Dairy, eggs & chilled",Sandwiches & food to go,Special offers,,£4.75,,,£2.34 / 100g,8182760.0,"7 teriyaki & kimchi duck, cucumber & spring onion rolls coated in mixed sesame, with a bibimbap style sauce",,https://assets.sainsburys-groceries.co.uk/gol/8182760/1/640x640.jpg,"Nutrient	per 100g:	per pack:
Energy	690kJ / 164kcal	1381kJ / 327kcal
Fat	4g	8g
of which saturates	0.9g	1.7g
Carbohydrate	27g	54g
of which sugars	8.9g	17.8g
Fibre	0.8g	1.6g
Protein	4.6g	9.3g
Salt	1.5g	3.1g","Cooked Rice (Water, Rice, Sugar, Spirit Vinegar, Rice Vinegar, Salt, Rapeseed Oil, Fructose-Glucose Syrup, Cane Molasses), Bibimbap Style Sauce (14%) (Sweet Chilli Sauce (Sugar, Water, Chilli Purée, Modified Maize Starch, Salt, Lime Juice, Garlic Purée, Spirit Vinegar), Teriyaki Sauce (Water, Sugar, Soya Beans, Wheat, Salt, Modified Maize Starch, Onion Purée, Spirit Vinegar, Apple Juice Concentrate, Garlic Powder, Lime Juice Concentrate, Alcohol), Kimchi Paste (Sugar, Gochujang Paste (Corn Syrup, Wheat Flour, Water, Salt, Red Pepper Powder, Defatted Soya Bean Powder, Wheat, Alcohol, Garlic, Onion, Rice, Koji (Barley)), Salt, Water, Vegetable Stock Powder (Sea Salt, Yeast Extract, Rice Flour, Dried Onion, Dried Carrot, Parsley, Turmeric), Rapeseed Oil, Sesame Seed Oil, Garlic Purée, Onion Purée, Soy Sauce (Water, Soya Beans, Wheat, Salt, Alcohol), Chili Flakes), Smoky Sriracha (Raw Cider Vinegar, Red Peppers, Red Chillies, Onion, Sugar, Miso (Water, Soya Beans, Rice, Sea Salt), Salt, Chilli Powder, Garlic), Sesame Seed Oil), Teriyaki & Kimchi Duck Mix (14%) (Shredded Duck (Duck Breast Meat, Salt, Demerara Sugar, White Pepper, Star Anise, Fennel, Cinnamon, Black Pepper, Clove), Teriyaki Sauce (Water, Sugar, Soya Beans, Wheat, Salt, Modified Maize Starch, Onion Purée, Spirit Vinegar, Apple Juice Concentrate, Garlic Powder, Lime Juice Concentrate, Alcohol), Kimchi Paste (Sugar, Gochujang Paste (Corn Syrup, Wheat Flour, Water, Salt, Red Pepper Powder, Defatted Soya Bean Powder, Wheat, Alcohol, Garlic, Onion, Rice, Koji (Barley)), Salt, Water, Vegetable Stock Powder (Sea Salt, Yeast Extract, Rice Flour, Dried Onion, Dried Carrot, Parsley, Turmeric), Rapeseed Oil, Sesame Seed Oil, Garlic Purée, Onion Purée, Soy Sauce (Water, Soya Beans, Wheat, Salt, Alcohol), Chili Flakes)), Cucumber (7%), Spring Onion (4%), Coloured Orange Sesame Seeds (Sesame Seeds, Water, Colour (Norbixin)), Black Sesame Seeds, Seaweed",https://www.sainsburys.co.uk/gol-ui/product/yo%21-korean-style-duck-rolls-200g,,2024-08-20T23:36:46.303823-04:00
66-2625-DAI,Purdey's Rejuvenate Natural Energy Drink 330ml,Purdey's,Drinks,Sandwiches & food to go,Meal deal,330ML,£1.70,,£4.00,52p / 100ml,7720116.0,Carbonated Multivitamin Fruit Drink with Sweetener (Naturally Sourced Sweetener),,https://assets.sainsburys-groceries.co.uk/gol/7720116/1/640x640.jpg,"Nutrient	Per 100ml	Per 330ml		Per 100ml	Per 330ml
Energy	84kJ/ 20kcal	277kJ/ 66kcal
Fat	0g	0g
of which saturates	0g	0g
Carbohydrate	3.9g	13g
of which sugars	3.9g	13g
Protein	0g	0g
Salt	0g	0g
	% RI**	% RI**
Vitamin C (mg)	8 10	26 33
Thiamin (B1) (mg)	0.11 10	0.36 33
Riboflavin (B2) (mg)	0.14 10	0.46 33
Niacin (B3) (mg)	1.6 10	5.3 33
Vitamin B6 (mg)	0.14 10	0.46 33
Vitamin B12 (µg)	0.25 10	0.83 33","Carbonated Water, Fruit Juices from Concentrate 33% (Grape 25%, Apple 8%), Botanical Extracts (Damiana, Oak Bark, Chinese Ginseng (0.04%)), Acids (Malic Acid, Citric Acid), Natural Flavourings, Vitamins (C, Niacin, Thiamin, B6, Riboflavin, B12), Preservative (Potassium Sorbate), Sweetener (Steviol Glycosides)",https://www.sainsburys.co.uk/gol-ui/product/purdeys-rejuvenate-multivitamin-fruit-drink-330ml,,2024-08-19T04:59:57.260978-04:00
66-2626-DAI,Monster Energy Pipeline Punch 500ml,Monster,Drinks,Sandwiches & food to go,Meal deal,500ML,£1.95,,£4.00,39p / 100ml,7929418.0,"Carbonated Energy Drink with Taurine, Caffeine, L-Carnitine, Inositol and B Vitamins with Sugars and Sweetener",,https://assets.sainsburys-groceries.co.uk/gol/7929418/1/640x640.jpg,,"Carbonated Water, Fruit Juices from Concentrate (6%) (Orange, Apple, Guava, Pineapple, Passion Fruit), Sucrose, Glucose Syrup, Taurine (0.4%), Acid (Citric Acid), Maltodextrin, Flavourings, Acidity Regulator (Sodium Citrates), Preservatives (Potassium Sorbate, Sodium Benzoate), Caffeine (0.03%), Vegetable Oils (Coconut, Rapeseed), Sweetener (Sucralose), Modified Starch, Vitamins (B3, B6, B2, B12), L-Carnitine L-Tartrate (0.004%), Sodium Chloride, Inositol (0.002%), Colour (E129)",https://www.sainsburys.co.uk/gol-ui/product/monster-energy-pipeline-punch-500ml,,2024-08-19T04:57:20.586420-04:00
66-2627-DAI,Peperami Single Hot 22.5g,Peperami,"Dairy, eggs & chilled",Sandwiches & food to go,Sandwiches & wraps,,£1.30,,,£5.78 / 100g,7858125.0,Hot smoked pork salami sausage.,,https://assets.sainsburys-groceries.co.uk/gol/7858125/1/640x640.jpg,"Nutrient	Per 100g	Per stick**	%* per stick**
Energy	2056kJ 497kcal	463kJ 112kcal	6%
Fat	44g	9.9g	14%
Of which saturates	18g	4.1g	20%
Carbohydrates	3.2g	0.7g	<1%
Of which sugars	2.4g	0.5g	<1%
Protein	22g	5g	10%
Salt	4g	0.9g	15%","Pork, Iodised Salt (Salt, Potassium Iodate), Spices, Dextrose, Pork Fat, Flavour Enhancer (Monosodium Glutamate), Flavourings, Preservative (Sodium Nitrite), Beechwood Smoke, Made with 144g Pork and Pork Fat per 100g finished product, as some moisture is lost during curing and drying",https://www.sainsburys.co.uk/gol-ui/product/peperami-single-hot-225g,,2024-08-20T23:36:59.364406-04:00
66-2628-DAI,Walkers Baked Sea Salt Snacks Crisps 37.5g,Walkers,"Dairy, eggs & chilled",Sandwiches & food to go,"Fruit, snacks & treats",,£1.00,,,£2.67 / 100g,6821965.0,Sea Salt Flavour Baked Potato Snack,,https://assets.sainsburys-groceries.co.uk/gol/6821965/1/640x640.jpg,"Nutrient	Per 100g	Per 37.5g (%*) Serving
Energy	1841 kJ	690 kJ (8%*)
Energy	438 kcal	164 kcal (8%*)
Fat	13 g	4.8 g (7%*)
of which Saturates	1.4 g	0.5 g (3%*)
Carbohydrate	73 g	27 g
of which Sugars	5.4 g	2.0 g (2%*)
Fibre	6.3 g	2.4 g
Protein	5.9 g	2.2 g
Salt	0.85 g	0.32 g (5%*)","Potato Flakes, Starch, Rapeseed Oil, Sugar, Emulsifier (Lecithins), Sea Salt Seasonings[Sea Salt, Salt, Flavourings], Sunflower Oil, Colour (Annatto Norbixin).",https://www.sainsburys.co.uk/gol-ui/product/walkers-baked-ready-salted-crisps-375g,,2024-08-20T23:37:12.606617-04:00
66-2629-DAI,Irn-Bru Soft Drink 500ml,Irn-Bru,Drinks,Sandwiches & food to go,Meal deal,500ML,£1.45,,£2.50,29p / 100ml,2765136.0,Sparkling Flavoured Soft Drink with Sweeteners,,https://assets.sainsburys-groceries.co.uk/gol/2765136/1/640x640.jpg,"Nutrient	Per 100ml
Energy	80kJ/ 19kcal
Fat	0g
of which saturates	0g
Carbohydrate	4.5g
of which sugars	4.5g
Protein	<0.5g
Salt	<0.01g","Carbonated Water, Sugar, Acid (Citric Acid), Flavourings (including Caffeine Ammonium Ferric Citrate & Quinine), Sweeteners (Aspartame, Acesulfame K), Preservative (E211), Colours (Sunset Yellow FCF, Ponceau 4R)",https://www.sainsburys.co.uk/gol-ui/product/irn-bru-500ml-2765136-p,,2024-08-19T05:00:05.958941-04:00
66-2630-DAI,Glacéau Smartwater 600ml,Glacéau,Drinks,Sandwiches & food to go,Meal deal,600ML,£1.40,,,23p / 100ml,7718316.0,Vapour distilled water with added electrolytes,,https://assets.sainsburys-groceries.co.uk/gol/7718316/1/640x640.jpg,,"Vapour Distilled Spring Water, Electrolytes (Calcium Chloride, Magnesium Chloride, Potassium Bicarbonate)",https://www.sainsburys.co.uk/gol-ui/product/glaceau-smartwater-600ml,,2024-08-20T01:41:17.707529-04:00
66-2631-DAI,Jacob's Mini Cheddars Original Crisps 45g,Jacob's,"Dairy, eggs & chilled",Sandwiches & food to go,"Fruit, snacks & treats",,£1.00,,,£2.22 / 100g,3554562.0,Cheese Snack Biscuits,100 g,https://assets.sainsburys-groceries.co.uk/gol/3554562/1/640x640.jpg,"Nutrient	Per 100g	Per Serving (22.5g)
Energy (kJ)	2157	485
Energy (kcal)	516	116
Fat	29.5g	6.6g
of which Saturates	11.6g	2.6g
Carbohydrate	50.3g	11.3g
of which Sugars	4.6g	1.0g
Fibre	2.5g	0.6g
Protein	10.8g	2.4g
Salt	2.6g	0.6g","Flour (Wheat Flour, Calcium, Iron, Niacin, Thiamin), Vegetable Oils (Palm, Sunflower), Dried Cheese (12%) (Milk) [Dried Powdered Cheese (Milk), Natural Flavouring, Yeast Extract (Barley)], Sugar, Glucose Syrup, Salt, Dried Whey (Milk), Barley Malt Extract, Raising Agents (Ammonium Bicarbonate, Sodium Bicarbonate), Acid (Lactic Acid), Natural Flavourings",https://www.sainsburys.co.uk/gol-ui/product/mini-cheddars--original-50g,,2024-08-20T23:37:25.771693-04:00
66-2632-DAI,Relentless Origin Energy Drink 500ml,Relentless,Drinks,Sandwiches & food to go,Meal deal,500ML,£1.00,,£1.25,20p / 100ml,6375049.0,"Carbonated Energy Drink with Taurine, Caffeine, Guarana and B Vitamins with Sugar and Sweetener.",,https://assets.sainsburys-groceries.co.uk/gol/6375049/1/640x640.jpg,,"Carbonated Water, Sucrose, Acid (Citric Acid), Flavour Enhancer (Erythritol), Taurine (0.4%), Acidity Regulator (Sodium Citrates), Preservatives (Potassium Sorbate, Sodium Benzoate), Colour (E150d), Caffeine (0.03%), Flavourings, Sweetener (Sucralose), Vitamins (B3, B5, B6, B12), Guarana Seed Extract (0.005%)",https://www.sainsburys.co.uk/gol-ui/product/relentless-origin-energy-drink-500ml,,2024-08-19T05:01:21.607525-04:00
66-2633-DAI,itsu Bao Buns Hoisin Duck 120g,itsu,"Dairy, eggs & chilled",Sandwiches & food to go,Special offers,,£3.75,,,£3.13 / 100g,8166952.0,"Soft steamed buns filled with duck, hoisin sauce & vegetables",,https://assets.sainsburys-groceries.co.uk/gol/8166952/1/640x640.jpg,"Nutrient	as sold per: 100g	3 bao buns
Energy (kJ) / (kcal)	920 / 218	1242 / 294
Fat (g)	4.4	5.9
of which saturates (g)	0.7	0.9
Carbohydrate (g)	36	49
of which sugars (g)	6.6	8.8
Fibre (g)	2.1	2.8
Protein (g)	7.5	10
Salt (g)	1.0	1.4","Wheat Flour, Duck Breast (16%), Water, Vegetables (13%) (Onion, Chinese Leaf Cabbage, Carrot, Spring Onion), Sugar, Hoisin Sauce (6%) (Water, Sugar, Soya Beans, Wheat Flour, Sesame Oil, Salt, Garlic Powder, Ginger, Tapioca Starch, Rice, Mixed Spices, High Maltose Syrup, Sticky Rice, Red Onion, Alcohol, Soya Oil), Corn Starch, Soya Oil, Sesame Oil, Salt, Rice, Yeast, Soya Beans, Raising Agents: Sodium Carbonates*, Diphosphates*, Colour: Plain Caramel, Orange Peel, *Commonly found in Baking Powder they help the bao'buns to rise making them light & fluffy",https://www.sainsburys.co.uk/gol-ui/product/itsu-bao-buns-hoisin-duck-120g,,2024-08-20T23:37:38.818366-04:00
66-2634-DAI,Popchips Barbeque Potato Chip Crisps 23g,Popchips,"Dairy, eggs & chilled",Sandwiches & food to go,"Fruit, snacks & treats",,£1.00,,,£4.35 / 100g,7599377.0,Barbeque flavour popped potato snacks,,https://assets.sainsburys-groceries.co.uk/gol/7599377/1/640x640.jpg,,"Dried Potato, Rice Flour, Sunflower Oil, Barbeque Flavour [Sugar, Dried Yeast, Potassium Chloride, Dried Onion, Natural Flavourings, Dried Garlic, Ground Spices (Smoked Paprika, Red Chilli Pepper), Salt, Dried Tomato, Dextrose, Acid: Citric Acid, Smoked Sea Salt, Colour: Paprika Extract, Antioxidant: Rosemary Extract], Potato Starch, Salt",https://www.sainsburys.co.uk/gol-ui/product/popchips-barbeque-23g,,2024-08-20T23:37:51.906424-04:00
66-2635-DAI,Walkers Baked Salt & Vinegar Crisps Snacks 37.5g,Walkers,"Dairy, eggs & chilled",Sandwiches & food to go,Meal deal,,£1.00,,,£2.67 / 100g,8036909.0,Salt & malt vinegar flavour baked potato snack,,https://assets.sainsburys-groceries.co.uk/gol/8036909/1/640x640.jpg,"Nutrient	Per 100g	Per 37.5g(%*) Pack
Energy	1829 kJ	686 kJ (8%*)
Energy	435 kcal	163 kcal (8%*)
Fat	13 g	4.8 g (7%*)
of which Saturates	1.4 g	0.5 g (3%*)
Carbohydrate	72 g	27 g
of which Sugars	5.8 g	2.2 g (2%*)
Fibre	6.1 g	2.3 g
Protein	5.9 g	2.2 g
Salt	0.88 g	0.33 g (6%*)","Potato Flakes, Starch, Rapeseed Oil, Salt & Malt Vinegar Seasoning, Sugar, Emulsifier (Lecithins), Sunflower Oil, Colour (Annatto Norbixin), Salt & Malt Vinegar Seasoning: Flavourings (contains Barley Malt Vinegar Extract), Acid (Citric Acid), Salt, Lactose (from Milk), Potassium Chloride, Colour (Paprika Extract)",https://www.sainsburys.co.uk/gol-ui/product/walkers-baked-salt-vinegar-snack-375g,,2024-08-20T23:38:05.048839-04:00
66-2636-DAI,Sainsbury's Scotch Eggs x2 226g,Sainsbury's,"Dairy, eggs & chilled",Savoury snacks,All savoury snacks,,£1.25,,,55p / 100g,4237.0,British pork sausagemeat filled with a whole egg and coated in breadcrumbs,,https://assets.sainsburys-groceries.co.uk/gol/4237/1/640x640.jpg,,,https://www.sainsburys.co.uk/gol-ui/product/sainsburys-scotch-eggs-x2-226g,,2024-08-20T23:38:27.211888-04:00
66-2637-DAI,Sainsbury's Pork Cocktail Sausages 350g,Sainsbury's,"Dairy, eggs & chilled",Savoury snacks,All savoury snacks,,£3.00,,,86p / 100g,8057957.0,Cooked British pork cocktail sausages coated in alginate casing,,https://assets.sainsburys-groceries.co.uk/gol/8057957/1/640x640.jpg,,,https://www.sainsburys.co.uk/gol-ui/product/sainsburys-pork-cocktail-sausages-350g,,2024-08-20T23:38:49.324737-04:00
66-2638-DAI,Sainsbury's Scotch Eggs x4 452g,Sainsbury's,"Dairy, eggs & chilled",Savoury snacks,All savoury snacks,,£2.25,,,50p / 100g,6881080.0,British pork sausagemeat filled with a whole egg and coated in breadcrumbs,,https://assets.sainsburys-groceries.co.uk/gol/6881080/1/640x640.jpg,,,https://www.sainsburys.co.uk/gol-ui/product/sainsburys-scotch-eggs-x4-452g,,2024-08-20T23:39:10.312934-04:00
66-2639-DAI,Sainsbury's Mini Sausage Rolls x20 200g,Sainsbury's,"Dairy, eggs & chilled",Savoury snacks,All savoury snacks,,£2.25,,,£1.13 / 100g,7559223.0,Seasoned British pork sausage meat wrapped in puff pastry,,https://assets.sainsburys-groceries.co.uk/gol/7559223/1/640x640.jpg,,,https://www.sainsburys.co.uk/gol-ui/product/sainsburys-mini-sausage-rolls-x20-200g,,2024-08-20T23:39:32.156682-04:00
66-2640-DAI,"Sainsbury's Scotch Eggs with Outdoor Bred Pork, Taste The Difference x2 260g",Sainsbury's,"Dairy, eggs & chilled",Savoury snacks,All savoury snacks,,£2.75,,,£1.06 / 100g,8057938.0,Outdoor bred British pork sausagemeat filled with a free range whole boiled egg and coated in a wholegrain breadcrumb,,https://assets.sainsburys-groceries.co.uk/gol/8057938/1/640x640.jpg,,,https://www.sainsburys.co.uk/gol-ui/product/sainsburys-scotch-eggs-with-outdoor-bred-pork-taste-the-difference-x2-260g,,2024-08-20T23:39:53.523795-04:00
66-2641-DAI,Wall's Hearty Sausage Rolls x4 220g,Wall's,"Dairy, eggs & chilled",Savoury snacks,All savoury snacks,,£1.95,,,89p / 100g,8148090.0,Seasoned pork sausagemeat wrapped in puff pastry.,,https://assets.sainsburys-groceries.co.uk/gol/8148090/1/640x640.jpg,,"Wheat Flour (Wheat Flour, Calcium Carbonate, Iron, Niacin, Thiamin), Water, Pork (21%), Palm Oil, Wheat Protein, Salt, Rapeseed Oil, Pork Fat, Dried Skimmed Milk, Tapioca Starch, Yeast Extract, Sugar, Flavour Enhancer (Monosodium Glutamate), White Pepper, Emulsifier (Tri Sodium Diphosphates), Caramelised Sugar Powder, Spice Extracts, Antioxidants (Alpha-Tocopherol, Ascorbyl Palmitate), Herb Extracts",https://www.sainsburys.co.uk/gol-ui/product/walls-hearty-sausage-rolls-x4-220g,,2024-08-20T23:40:07.155620-04:00
66-2642-DAI,Higgidy Cheddar & Caramelised Onion Chutney Rolls,Higgidy,"Dairy, eggs & chilled",Savoury snacks,All savoury snacks,,£3.30,,,£2.06 / 100g,7858290.0,Cheddar & Caramelised Onion Chutney Rolls,,https://assets.sainsburys-groceries.co.uk/gol/7858290/1/640x640.jpg,"Nutrient	Per 100g	Per 2 Rolls
Energy	1437kJ/ 346kcal	776kJ/ 187kcal
Fat	19.9g	10.7g
of which saturates	11.8g	6.4g
Carbohydrate	30.7g	16.6g
of which sugars	4.0g	2.2g
Fibre	2.2g	1.2g
Protein	9.6g	5.2g
Salt	1.41g	0.76g","Wheat Flour (contains Calcium Carbonate, Iron, Niacin, Thiamin), Water, Butter (Milk), Mature Cheddar Cheese (Milk) (9%), Caramelised Onion Chutney (7%) (Onions, Red Wine Vinegar, Demerara Sugar, Muscovado Sugar, Balsamic Vinegar of Modena (Wine Vinegar, Concentrated Grape Must), Citrus Fibre (Citrus Fibre, Thickener: Pectin), Salt, Ground Black Pepper), Onions, Potato, Cannellini Beans, Free-Range Whole Egg, Ricotta Cheese (Milk), Red Leicester Cheese (Milk) (contains Colour: Beta Carotene), Crème Fraîche (Milk), Medium Fat Hard Cheese (Milk), Free-Range Egg Yolk, Cornflour, Salt, Sustainable Palm Oil*, Dijon Mustard, Black Onion Seeds, Dried Skimmed Milk, Whipping Cream (Milk), Rapeseed Oil, *www.higgidy.co.uk/palmoil",https://www.sainsburys.co.uk/gol-ui/product/higgidy-cheddar-onion-chutney-veggie-rolls-160g,,2024-08-20T23:40:20.486298-04:00
66-2643-DAI,Wall's Hearty Sausage Rolls x10 550g,Wall's,"Dairy, eggs & chilled",Savoury snacks,All savoury snacks,,£3.00,,,55p / 100g,8148094.0,Seasoned pork sausagemeat wrapped in puff pastry.,,https://assets.sainsburys-groceries.co.uk/gol/8148094/1/640x640.jpg,"Nutrient	Per 100g	Per 55g Roll	Ref. Intake Per 55g Roll
Energy	1388 kJ / 332 kcal	763 kJ / 183kcal	9%
Fat	19.3g	10.6g	15%
of which Saturates	8.3g	4.6g	23%
Carbohydrate	30.6g	16.8g	-
of which Sugars	1.9g	1.0g	1%
Fibre	1.9g	1.0g	-
Protein	8.5g	4.7g	-
Salt	1.41g	0.78g	13%","Wheat Flour (Wheat Flour, Calcium Carbonate, Iron, Niacin, Thiamin), Water, Pork (21%), Palm Oil, Wheat Protein, Salt, Rapeseed Oil, Pork Fat, Dried Skimmed Milk, Tapioca Starch, Yeast Extract, Sugar, Flavour Enhancer (Monosodium Glutamate), White Pepper, Emulsifier (Tri Sodium Diphosphates), Caramelised Sugar Powder, Spice Extracts, Antioxidants (Alpha-Tocopherol, Ascorbyl Palmitate), Herb Extracts",https://www.sainsburys.co.uk/gol-ui/product/walls-hearty-sausage-rolls-x10-550g,,2024-08-20T23:40:33.668061-04:00
66-2644-DAI,St Pierre Brioche Hot Dog Rolls 4pk,St,"Dairy, eggs & chilled",Bread rolls & bagels,All rolls & bagels,,£1.95,,,49p / ea,8075706.0,4 Pre-Cut Brioche Hot Dog Rolls,,https://assets.sainsburys-groceries.co.uk/gol/8075706/1/640x640.jpg,,"Wheat Flour, Water, Sugar, Egg, Rapeseed Oil, Yeast, Flavourings (Milk), Wheat Gluten, Concentrated Butter (Milk), Dried Skimmed Milk, Salt, Pea Protein, Deactivated Yeast, Rice Flour, Acerola Powder, Glucose Syrup, Turmeric",https://www.sainsburys.co.uk/gol-ui/product/st-pierre-brioche-hot-dog-rolls-4pk,,2024-08-20T23:40:47.302354-04:00
66-2645-DAI,"Sainsbury's Pork Sausage Rolls, Summer Edition, Taste the Difference x4 188g",Sainsbury's,"Dairy, eggs & chilled",Savoury snacks,All savoury snacks,,£3.00,,,£1.60 / 100g,8011721.0,All Butter puff pastry with a seasoned pork filling,,https://assets.sainsburys-groceries.co.uk/gol/8011721/1/640x640.jpg,,,https://www.sainsburys.co.uk/gol-ui/product/sainsburys-pork-sausage-rolls-summer-edition-taste-the-difference-x4-188g,,2024-08-20T23:41:08.711131-04:00
66-2646-DAI,Higgidy Great British Pork Sausage Rolls 160g,Higgidy,"Dairy, eggs & chilled",Savoury snacks,All savoury snacks,,£3.30,,,£2.06 / 100g,8019020.0,Great British Pork Sausage Rolls,,https://assets.sainsburys-groceries.co.uk/gol/8019020/1/640x640.jpg,"Nutrient	Per 100g	Per 2 Rolls
Energy	1675kJ/ 402kcal	911kJ/ 219kcal
Fat	25.7g	14.0g
of which saturates	13.0g	7.1g
Carbohydrate	30.6g	16.6g
of which sugars	2.3g	1.2g
Fibre	1.8g	1.0g
Protein	11.7g	6.3g
Salt	1.47g	0.80g","Wheat Flour (contains Calcium Carbonate, Iron, Niacin, Thiamin), Pork Sausage Meat (30%) (Pork Shoulder, Pork Belly, Water, Wheat Flour (contains Calcium Carbonate, Iron, Niacin, Thiamin), Salt, Onion Powder, Nutmeg, White Pepper, Sage, Yeast, Coriander), Water, Butter (Milk), Medium Fat Hard Cheese (Milk), Caramelised Onion Chutney (5%) (Red Onions, Sugar, Balsamic Vinegar (Wine Vinegar, Grape Must), White Wine Vinegar, Ground Black Pepper, Muscovado Sugar, Concentrated Lemon Juice), Onions, Free-Range Egg Yolk, Mature Cheddar Cheese (Milk), Salt, Poppy Seeds, Parsley, Rapeseed Oil, Black Pepper",https://www.sainsburys.co.uk/gol-ui/product/higgidy-great-british-pork-sausage-rolls-160g,,2024-08-20T23:41:21.410739-04:00
66-2647-DAI,"Sainsbury's Pork Cocktail Sausages, Taste the Difference x18 198g",Sainsbury's,"Dairy, eggs & chilled",Savoury snacks,All savoury snacks,,£3.00,,£2.00,£1.52 / 100g,8173174.0,Cooked Outdoor bred British pork cocktail sausages,,https://assets.sainsburys-groceries.co.uk/gol/8173174/1/640x640.jpg,"Nutrient	per 100g:	Per sausage:
Energy	1167kJ/ 281kcal	128kJ/ 31kcal
Fat	19.9g	2.2g
of which saturates	7.3g	0.8g
Carbohydrate	6.4g	0.7g
of which sugars	<0.5g	<0.5g
Fibre	1.5g	<0.5g
Protein	18.3g	2.0g
Salt	1.50g	0.17g","Pork (85%), Water, Rice Flour, Gram Flour, Salt, Spices: White Pepper, Nutmeg, Coriander Powder, Ginger, Cayenne Pepper, Cloves, Tapioca Starch, Onion Powder, Sage, Cornflour, Stabiliser: Sodium Triphosphate, Preservative: Sodium Metabisulphite (Sulphites), Yeast Extract, Antioxidant: Ascorbic Acid, Emulsifier: Mono- and Diglycerides of Fatty Acids, Dextrose, Sausages filled into alginate casings",https://www.sainsburys.co.uk/gol-ui/product/sainsburys-pork-cocktail-sausages-taste-the-difference-x18-198g,,2024-08-20T23:41:29.524789-04:00
66-2648-DAI,Higgidy Spinach & Red Pepper Mini Vegan Muffins x8 160g,Higgidy,"Dairy, eggs & chilled",Savoury snacks,All savoury snacks,,£3.85,,,£24.06 / kg,8176581.0,"Savoury bite-size muffins made with red peppers, spinach and basil, butternut squash purée and pine nuts.",,https://assets.sainsburys-groceries.co.uk/gol/8176581/1/640x640.jpg,"Nutrient	Per 100g	Per 2 Muffins
Energy	832kJ/ 199kcal	333kJ/ 80kcal
Fat	6.8g	2.8g
of which saturates	0.8g	0.3g
Carbohydrate	28.9g	11.5g
of which sugars	3.8g	1.5g
Fibre	2.4g	1.0g
Protein	4.6g	1.9g
Salt	2.12g	0.85g","Wheat Flour (contains Calcium Carbonate, Iron, Niacin, Thiamin), Oat Drink (Water, Oats, Rapeseed Oil, Sea Salt), Onions, Red Peppers (14%), Slow-roasted Red Pepper Tapenade (Slow-roasted Red Peppers, Rapeseed Oil, Tomato Concentrate, Olive Oil, Salt, Concentrated Lemon Juice, Garlic, Sugar), Spinach (10%), Butternut Squash Purée, Basil (2.7%), Pine Nuts (2%), Raising Agents (Sodium Hydrogen Carbonate, Disodium Diphosphate), Vegetable Stock, Rapeseed Oil, Smoked Sea Salt",https://www.sainsburys.co.uk/gol-ui/product/higgidy-spinach-red-pepper-mini-vegan-muffins-x8-160g,,2024-08-20T23:41:42.725662-04:00
66-2649-DAI,Richmond Vegan & Vegetarian Quarter Pounder Burgers x2 227g,Richmond,"Dairy, eggs & chilled",Savoury snacks,All savoury snacks,,£2.50,,£2.00,£11.01 / kg,8180317.0,Seasoned Meat-Free Burgers made with a blend of Rehydrated Textured Pea and Wheat Proteins,,https://assets.sainsburys-groceries.co.uk/gol/8180317/1/640x640.jpg,"Nutrient	100g of Burger, as sold, contains	1 Burger, (113.5g), as sold, contains
Energy	696kJ/ 166kcal	790kJ/ 188kcal
Fat	6.0g	6.8g
of which saturates	0.7g	0.7g
Carbohydrate	8.4g	9.5g
of which sugars	2.4g	2.8g
Fibre	3.1g	3.5g
Protein	18g	20g
Salt	1.1g	1.3g","Rehydrated Textured Pea Protein* (24%) (Pea Protein, Water), Rehydrated Textured Wheat Protein (24%)(Wheat Protein, Wheat Flour, Water), Water, Wheat Protein, Vegetable Oils (Rapeseed and/or Sunflower), Diced Onion, Pea Protein, Stabiliser: Methyl Cellulose, Starch, Potato Fibre, Flavourings, Salt, Colouring Food Concentrates: Red Beet, Malted Barley, Beetroot, Carrot, Barley Malt Vinegar, Smoked Sunflower Oil, Natural Flavourings, Smoked Salt, Coconut Oil, Garlic Powder, Spices, Onion Powder, Herbs, Barley Yeast Extract, Shiitake Mushroom Powder, Soya Protein, *People with severe allergies to Legumes, such as Peanuts, could have a reaction to Pea Protein and should be cautious when introducing Pea Protein into their diet",https://www.sainsburys.co.uk/gol-ui/product/richmond-meat-free-quarter-pounder-burgers-x2-227g,,2024-08-20T23:41:51.984289-04:00
66-2650-DAI,"Sainsbury's Pork & Apple Cocktail Sausages, Taste the Difference x18 198g",Sainsbury's,"Dairy, eggs & chilled",Savoury snacks,All savoury snacks,,£3.00,,£2.00,£1.52 / 100g,8173176.0,"Cooked outdoor bred British pork sausages with Bramley apple, dehydrated apple and apple juice",,https://assets.sainsburys-groceries.co.uk/gol/8173176/1/640x640.jpg,"Nutrient	per 100g:	Per sausage:
Energy	1105kJ/ 265kcal	122kJ/ 29kcal
Fat	17.9g	2.0g
of which saturates	6.6g	0.7g
Carbohydrate	8.7g	1.0g
of which sugars	6.6g	0.7g
Fibre	1.0g	<0.5g
Protein	16.9g	1.9g
Salt	1.30g	0.14g","Pork (76%), Water, Bramley Apple (5.0%) (Apple, Preservative: Sodium Metabisulphite (Sulphites)), Apple Juice from Concentrate (3.5%) (Water, Concentrated Apple Juice), Sugar, Dried Apple (Preservative: Sulphur Dioxide) (2.5%), Honey, Tapioca Starch, Salt, Sage, Spices: Black Pepper, Ginger, Cassia, Cloves, Preservative: Sodium Metabisulphite (Sulphites), Stabiliser: Disodium Diphosphate, Antioxidant: Ascorbic Acid, Sausages filled into alginate casings",https://www.sainsburys.co.uk/gol-ui/product/sainsburys-pork-apple-cocktail-sausages-taste-the-difference-x18-198g,,2024-08-20T23:41:59.848891-04:00
66-2651-DAI,Sainsbury's Mini Sausage Rolls x38 380g,Sainsbury's,"Dairy, eggs & chilled",Savoury snacks,All savoury snacks,,£3.75,,£3.00,99p / 100g,8049057.0,Seasoned British pork sausage meat wrapped in puff pastry,,https://assets.sainsburys-groceries.co.uk/gol/8049057/1/640x640.jpg,,,https://www.sainsburys.co.uk/gol-ui/product/sainsburys-mini-sausage-rolls-x38-380g,,2024-08-20T23:42:15.902372-04:00
66-2652-DAI,"Sainsbury's Vintage Cheddar & Bacon Sausage Rolls, Taste the Difference 188g",Sainsbury's,"Dairy, eggs & chilled",Savoury snacks,All savoury snacks,,£3.00,,,£1.60 / 100g,8181971.0,"All Butter puff pastry with pork sausage meat with vintage Cheddar, smoked bacon with added water and caramelised onions, topped with crumbled Cheddar and Red Leicester",,https://assets.sainsburys-groceries.co.uk/gol/8181971/1/640x640.jpg,,,https://www.sainsburys.co.uk/gol-ui/product/sainsburys-vintage-cheddar-bacon-sausage-rolls-taste-the-difference-188g,,2024-08-20T23:42:36.844683-04:00
66-2653-DAI,"Sainsbury's Soft Set Scotch Eggs, Taste the Difference x2 260g",Sainsbury's,"Dairy, eggs & chilled",Savoury snacks,All savoury snacks,,£3.75,,,£1.44 / 100g,8147745.0,"A soft set egg encased in seasoned British outdoor bred pork sausage meat, coated in wholegrain wheat breadcrumbs",,https://assets.sainsburys-groceries.co.uk/gol/8147745/1/640x640.jpg,,,https://www.sainsburys.co.uk/gol-ui/product/sainsburys-soft-set-scotch-eggs-taste-the-difference-x2-260g,,2024-08-20T23:42:58.298024-04:00
66-2654-DAI,Quorn Brilliant Bangers 270g,Quorn,"Dairy, eggs & chilled",Savoury snacks,Cocktail sausages & snacks,,£2.85,,,£10.56 / kg,8102159.0,"Vegan savoury flavour sausage, made with mycoprotein, with a herb seasoning",,https://assets.sainsburys-groceries.co.uk/gol/8102159/1/640x640.jpg,"Nutrient	(as hob cooked) Per 100g	(as hob cooked) Per 2 Sausages
Energy	628kJ/ 150kcal	547kJ/ 131kcal
Fat	5.6g	4.8g
of which saturates	1.6g	1.4g
Carbohydrate	6.6g	5.8g
of which sugars	0.1g	0.1g
Fibre	4.2g	3.7g
Protein	16g	14g
Salt	1.5g	1.3g","Water, Mycoprotein (17%), Pea Protein, Bread Rusks [Wheat Flour (Wheat Flour, Calcium Carbonate, Iron, Niacin, Thiamine), Water; Salt, Yeast], Seasoning (Natural Flavourings, Yeast Extracts, Salt, Maltodextrin, Spices (Pepper, Allspice, Mace, Ginger), Vegetable Oils (Rapeseed, Palm), Wheat Gluten, Casing (Calcium Alginate), Thickener: Methyl Cellulose; Stabiliser: Sodium Alginate",https://www.sainsburys.co.uk/gol-ui/product/quorn-brilliant-bangers-270g,,2024-08-20T23:43:11.557894-04:00
66-2655-DAI,Higgidy Slow Roasted Tomato & Mature Cheddar Mini Muffins,Higgidy,"Dairy, eggs & chilled",Savoury snacks,All savoury snacks,,£3.85,,,£2.41 / 100g,8058219.0,Slow-Roasted Tomato & Mature Cheddar Mini Muffins,,https://assets.sainsburys-groceries.co.uk/gol/8058219/1/640x640.jpg,"Nutrient	Per 100g	Per 2 Muffins
Energy	1152kJ/ 275kcal	461kJ/ 110kcal
Fat	15.9g	6.4g
of which saturates	7.3g	2.9g
Carbohydrate	20.0g	8.0g
of which sugars	4.4g	1.8g
Fibre	1.6g	0.6g
Protein	13.0g	5.3g
Salt	1.81g	0.73g","Free-Range Whole Egg, Wheat Flour (contains Calcium Carbonate, Iron, Niacin, Thiamin), Mature Cheddar Cheese (Milk) (19%), Carrot, Ricotta Cheese (Milk) (10.5%), Marinated Tomato (Tomatoes, Sunflower Oil, Salt, Garlic, Oregano), Slow-Roasted Tomatoes (7.5%) (Slow-Roasted Tomatoes, Tomato Concentrate, Sunflower Oil, Olive Oil, Salt, Oregano, Garlic Powder, Sugar), Red Leicester Cheese (Milk) (contains Colour: Beta Carotene), Butternut Squash Purée, Medium Fat Soft Cheese (Milk), Water, Whole Milk, Raising Agents (Sodium Hydrogen Carbonate, Disodium Diphosphate), Rapeseed Oil, Skimmed Milk Powder, Salt, Whipping Cream (Milk), Butter (Milk)",https://www.sainsburys.co.uk/gol-ui/product/higgidy-slow-roasted-tomato-mature-cheddar-mini-muffins-160g,,2024-08-20T23:43:24.772261-04:00
66-2656-DAI,"Sainsbury's Pastrami, Cheddar & Dill Pickle Sausage Rolls, Summer Edition, Taste the Difference 188g",Sainsbury's,"Dairy, eggs & chilled",Savoury snacks,All savoury snacks,,£3.00,,,£1.60 / 100g,8181973.0,"Pastrami, Cheddar & dill Pickle with sausage meat wrapped in all butter puff pastry, topped with a oat and poppy seed sprinkle",,https://assets.sainsburys-groceries.co.uk/gol/8181973/1/640x640.jpg,,,https://www.sainsburys.co.uk/gol-ui/product/sainsburys-pastrami-cheddar-dill-pickle-sausage-rolls-summer-edition-taste-the-difference-188g,,2024-08-20T23:43:46.603408-04:00
66-2657-DAI,Higgidy Cheddar & Spinach Mini Muffins x8 160g,Higgidy,"Dairy, eggs & chilled",Savoury snacks,All savoury snacks,,£3.85,,,£2.41 / 100g,8018965.0,Mature Cheddar & Spinach Mini Muffins,,https://assets.sainsburys-groceries.co.uk/gol/8018965/1/640x640.jpg,"Nutrient	Per 100g	Per 2 Muffins
Energy	1087kJ/ 260kcal	435kJ/ 104kcal
Fat	14.9g	6.0g
of which saturates	5.6g	2.3g
Carbohydrate	20.4g	8.1g
of which sugars	2.9g	1.1g
Fibre	1.5g	0.6g
Protein	10.6g	4.3g
Salt	1.70g	0.68g","Mature Cheddar Cheese (Milk) (22%), Wheat Flour (contains Calcium Carbonate, Iron, Niacin, Thiamin), Carrot, Spinach (15%), Water, Medium Fat Soft Cheese (Milk), Free-Range Whole Egg, Butternut Squash Purée, Rapeseed Oil, Whole Milk, Raising Agents (Sodium Hydrogen Carbonate, Disodium Diphosphate), Dried Skimmed Milk, Whipping Cream (Milk), Salt, Butter (Milk), Turmeric, Cayenne Pepper (<1%), Black Pepper",https://www.sainsburys.co.uk/gol-ui/product/higgidy-cheddar-spinach-mini-muffins-x8-160g,,2024-08-20T23:43:59.896566-04:00
66-2658-DAI,Higgidy Ham Hock & Mature Cheddar Sausage Rolls 160g,Higgidy,"Dairy, eggs & chilled",Savoury snacks,All savoury snacks,,£3.30,,,£2.06 / 100g,8152227.0,Ham Hock & Mature Cheddar Sausage Rolls,,https://assets.sainsburys-groceries.co.uk/gol/8152227/1/640x640.jpg,"Nutrient	Per 100g	Per 2 Rolls
Energy	1577kJ/ 379kcal	852kJ/ 205kcal
Fat	23.9g	12.9g
of which saturates	13.0g	7.0g
Carbohydrate	26.8g	14.5g
of which sugars	0.9g	0.5g
Fibre	1.7g	1.0g
Protein	13.3g	7.1g
Salt	1.52g	0.82g","Wheat Flour (contains Calcium Carbonate, Iron, Niacin, Thiamin), Water, Butter (Milk), Pork Sausage Meat (14%) (Pork Shoulder, Pork Belly, Water, Wheat Flour (contains Calcium Carbonate, Iron, Niacin, Thiamin), Salt, Onion Powder, Nutmeg, White Pepper, Sage, Yeast, Coriander), Ham Hock (10%) (Pork, Salt, Preservative: Sodium Nitrite), Mature Cheddar Cheese (Milk) (10%), Onions, Vintage Cheddar Cheese (Milk) (4%), Free-Range Egg Yolk, Wholegrain Mustard (2%), Salt, Dried Skimmed Milk, Dijon Mustard, Thyme, Rapeseed Oil, Whipping Cream (Milk), Black Pepper",https://www.sainsburys.co.uk/gol-ui/product/higgidy-ham-hock-mature-cheddar-sausage-rolls-160g,,2024-08-20T23:44:13.067932-04:00
66-2659-DAI,Quorn Fillet Pieces 175g,Quorn,"Dairy, eggs & chilled",Savoury snacks,All savoury snacks,,£2.55,,,£14.57 / kg,8176696.0,"Meat free savoury flavour fillet pieces, made with mycoprotein",,https://assets.sainsburys-groceries.co.uk/gol/8176696/1/640x640.jpg,"Nutrient	(as sold) Per 100g	(as sold) Per 75g
Energy	374kJ/ 83kcal	260kJ/ 62kcal
Fat	2.2g	1.6g
of which saturates	0.5g	0.4g
Carbohydrate	0.1g	0.1g
of which sugars	0.1g	0.1g
Fibre	5.9g	4.4g
Protein	13g	9.7g
Salt	0.74g	0.56g","Mycoprotein (89%), Rehydrated Free Range Egg White, Natural Flavouring, Firming Agents: Calcium Chloride, Calcium Acetate",https://www.sainsburys.co.uk/gol-ui/product/quorn-fillet-pieces-175g,,2024-08-20T23:44:26.202572-04:00
66-2660-DAI,Rustlers Peri Peri Chicken Burger 129g,Rustlers,"Dairy, eggs & chilled",Savoury snacks,All savoury snacks,,£1.50,,£1.25,£1.16 / 100g,8189109.0,"2 Chopped and shaped chicken breast tenders with a southern fried breadcrumb coating, in a sesame seeded bun and a sachet of Peri Peri sauce.",,https://assets.sainsburys-groceries.co.uk/gol/8189109/1/640x640.jpg,"Nutrient	Per 100g	Per portion (129g)
Energy	943kJ/ 225kcal	1216kJ/ 291kcal
Fat	7.8g	10.0g
of which saturates	0.9g	1.2g
Carbohydrate	26.9g	34.7g
of which sugars	3.6g	4.6g
Protein	11.3g	14.6g
Salt	1.0g	1.2g","Southern Fried Chicken Tenders (46%) [Chicken Breast, Wheat Flour*, Rapeseed & Sunflower Oil, Water, Rice Flour, Salt, Spices & Spice Extract, Sugar, Yeast Extract, Flavouring], Sesame Seeded Bun [Wheat Flour*, Water, Sugar, Sesame Seeds, Rapeseed Oil, Salt, Yeast, Preservative: E282; Emulsifier: E472e; Antioxidant: E300], Peri Peri Sauce [Water, Rapeseed Oil, Spirit Vinegar, Sugar, Cornflour, Milk Proteins, Lemon Juice, Fire Roasted Chillies, Garlic Puree, Salt, Herbs & Spices, Preservative: E202], *Wheat Flour with Calcium, Iron, Niacin & Thiamin",https://www.sainsburys.co.uk/gol-ui/product/rustlers-peri-peri-chicken-burger-129g,,2024-08-20T23:44:34.855123-04:00
66-2661-DAI,Higgidy Mature Cheddar & Sweet Chilli Dinky Rolls 170g,Higgidy,"Dairy, eggs & chilled",Savoury snacks,All savoury snacks,,£3.85,,,£2.26 / 100g,8174991.0,Mature Cheddar & Sweet Chilli Dinky Rolls,,https://assets.sainsburys-groceries.co.uk/gol/8174991/1/640x640.jpg,"Nutrient	Per 100g	Per 2 Rolls
Energy	1405kJ/ 338kcal	478kJ/ 115kcal
Fat	18.2g	6.2g
of which saturates	10.8g	3.6g
Carbohydrate	33.3g	11.4g
of which sugars	6.1g	2.1g
Fibre	1.9g	0.7g
Protein	8.8g	3.0g
Salt	1.28g	0.44g","Wheat Flour (contains Calcium Carbonate, Iron, Niacin, Thiamin), Water, Butter (Milk), Mature Cheddar Cheese (Milk) (12%), Sweet Chilli Sauce (11%), Onions, Ricotta Cheese (Milk), Cannellini Beans, Potato, Free-Range Whole Egg, Butternut Squash Purée, Red Pepper (3%), Free-Range Egg Yolk, Salt, Rapeseed Oil, Dried Skimmed Milk, Cayenne Pepper, Paprika, Whipping Cream (Milk), Yeast",https://www.sainsburys.co.uk/gol-ui/product/higgidy-mature-cheddar-sweet-chilli-dinky-rolls-170g,,2024-08-20T23:44:48.893104-04:00
66-2662-DAI,"Sainsbury's Hog Roast Rolls, Taste the Difference x4 188g",Sainsbury's,"Dairy, eggs & chilled",Savoury snacks,All savoury snacks,,£3.00,,,£1.60 / 100g,8011702.0,"All Butter puff pastry with pork sausage meat with slow cooked pork and Bramley apple, topped with a sage & onion sprinkle",,https://assets.sainsburys-groceries.co.uk/gol/8011702/1/640x640.jpg,,,https://www.sainsburys.co.uk/gol-ui/product/sainsburys-hog-roast-rolls-taste-the-difference-x4-188g,,2024-08-20T23:45:10.348952-04:00
66-2663-DAI,The Vegetarian Butcher Vegan Chicken Fillet Hentastic Southern Fried 200g,The,"Dairy, eggs & chilled",Savoury snacks,All savoury snacks,,£3.50,,£2.00,£17.50 / kg,8177047.0,"Soy-based southern fried chicken style fillet, fortified with iron and vitamin B12.",,https://assets.sainsburys-groceries.co.uk/gol/8177047/1/640x640.jpg,"Nutrient	Per 100g Unprepared	Per Serving Unprepared	%* per portion**		Per 100g Unprepared	Per Serving Unprepared	%* per portion**
Energy (kJ)	958 kJ	958 kJ	12%
Energy (kcal)	231 kcal	231 kcal	12%
Fat (g)	14 g	14 g	20%
of which saturates (g)	1.3 g	1.3 g	7%
Carbohydrate (g)	13 g	13 g	5%
of which sugars (g)	0.6 g	0.6 g	1%
Fibre (g)	7.3 g	7.3 g	0%
Protein (g)	8.5 g	8.5 g	17%
Salt (g)	1.1 g	1.1 g	18%
Vitamin B12 (µg)	1.4 μg	1.4 μg	56%
Iron (mg)	2.8 mg	2.8 mg	20%","Plant structure (51%) (water, SOY protein, WHEAT gluten, potato starch), WHEAT flour, water, vegetable oils (sunflower, rapeseed), breadcrumbs (WHEAT flour, yeast, rapeseed oil, salt, dextrose), fibres (bamboo fibre, psyllium husk, OAT fibre), spices, starch (tapioca, WHEAT), thickener (methyl cellulose), WHEAT gluten, flavourings, yeast extract, salt, acidity regulator (potassium acetate), SOY protein, spirit vinegar, dextrose, acid (citric acid), spice extract, ferric pyrophosphate, vitamin B12. May contain celery and mustard",https://www.sainsburys.co.uk/gol-ui/product/the-vegetarian-butcher-vegan-chicken-fillet-hentastic-southern-fried-200g,,2024-08-20T23:45:19.154286-04:00
66-2664-DAI,Rustlers Meatless Maverick Chick'un Fillet with Vegan Mayo 162g,Rustlers,"Dairy, eggs & chilled",Savoury snacks,All savoury snacks,,£2.00,,,£1.23 / 100g,8188523.0,"A plant-based patty, formed from wheat, pea and bean protein with a breadcrumb coating, in a sesame seeded bun with a sachet of vegan mayo.",,https://assets.sainsburys-groceries.co.uk/gol/8188523/1/640x640.jpg,"Nutrient	Per 100g	Per Portion (162g)
Energy	1240kJ / 297kcal	2008kJ / 481kcal
Fat	15.7g	25.4g
of which saturates	1.2g	2.0g
Carbohydrate	27.7g	44.9g
of which sugars	3.1g	5.0g
Protein	9.9g	16.0g
Salt	1.6g	2.6g","Sesame Seeded Bun [Wheat Flour (with Calcium, Iron, Niacin & Thiamin), Water, Sugar, Sesame Seeds, Rapeseed Oil, Yeast, Salt, Wheat Gluten, Emulsifier: E472e; Antioxidant: E300; Preservative: E282], Breaded Plant-Based Patty (48%) [Water, Rapeseed Oil, Wheat Flour, Wheat Protein, Pea Protein, Modified Wheat Starch, Semolina (Wheat), Faba Bean Protein, Wheat Starch, Salt, Acidity Regulator: E326, E261; Thickener: E461; Potato Starch, Flavouring, Cornflour, Sunflower Oil, Dextrose, Spices, Yeast, Antioxidant: E392], Vegan Mayo [Rapeseed Oil, Water, Sugar, Spirit Vinegar, Faba Bean Protein, Salt, Mustard Seeds, Lemon Juice, Stabiliser: E415, Preservative: E202]",https://www.sainsburys.co.uk/gol-ui/product/rustlers-meatless-maverick-chickun-fillet-with-vegan-mayo-162g,,2024-08-20T23:45:32.313044-04:00
66-2665-DAI,Wall's Classic Scotch Eggs x2 226g,Wall's,"Dairy, eggs & chilled",Savoury snacks,All savoury snacks,,£1.75,,,77p / 100g,8180520.0,Whole boiled egg encased in pork sausagemeat coated with breadcrumbs.,,https://assets.sainsburys-groceries.co.uk/gol/8180520/1/640x640.jpg,,"Egg (37%), Pork (26%), Fortified Wheat Flour (Wheat Flour, Calcium Carbonate, Iron, Niacin, Thiamin), Water, Rapeseed Oil, Onion, Potato Starch, Pork Fat, Yeast Extract, Salt, Sage, Black Pepper, White Pepper, Marjoram, Pasteurised Egg White, Nutmeg, Colour (Paprika Extract), Paprika, Wheat Gluten, Sunflower Oil, Yeast",https://www.sainsburys.co.uk/gol-ui/product/walls-classic-scotch-eggs-x2-226g,,2024-08-20T23:45:45.332539-04:00
66-2666-DAI,J2O Orange & Passion Fruit 4x275ml,J2O,Drinks,Special offers,,275ML,£4.50,4 for £4.50,,41p / 100ml,3954676.0,Orange and Passion Fruit Soft Drink with Sugar and Sweftener,,https://assets.sainsburys-groceries.co.uk/gol/3954676/1/640x640.jpg,"Nutrient	Per 100ml
Energy	81kJ/ 19kcal
Carbohydrate	4.1g
of which sugars	4.0g",,https://www.sainsburys.co.uk/gol-ui/product/j2o-orange---passion-fruit-4x275ml,4x275ml,2024-08-19T19:11:52.135568-04:00
66-2667-DAI,Quorn Cocktail Sausages x14 140g,Quorn,"Dairy, eggs & chilled",Special offers,,,£2.00,,£1.00,£14.29 / kg,8185674.0,"Meat free savoury mini sausages, made with mycoprotein.",,https://assets.sainsburys-groceries.co.uk/gol/8185674/1/640x640.jpg,"Nutrient	(as sold) Per 100g:	(as sold) Per 4 Sausages:
Energy	768kJ/ 183kcal	295kJ/ 70kcal
Fat	6.8g	2.6g
of which saturates	1.3g	0.5g
Carbohydrate	15g	5.6g
of which sugars	0.8g	0.3g
Fibre	6.4g	2.5g
Protein	13g	4.9g
Salt	1.5g	0.57g","Mycoprotein (29%), Textured Wheat Protein (Wheat Flour, Wheat Protein, Stabiliser: Sodium Alginate), Rehydrated Free Range Egg White, Water, Rapeseed Oil, Onion, Rusk [Wheat Flour (Wheat Flour, Calcium Carbonate, Iron, Niacin, Thiamine), Salt], Casing (Calcium Alginate, Flavouring), Seasoning [Dextrose, Yeast Extract, Wheat Flour (Wheat Flour, Calcium Carbonate, Iron, Niacin, Thiamine), Spice Extracts (Coriander, Pepper, Nutmeg), Salt, Rapeseed Oil, Antioxidant: Ascorbic Acid], Natural Flavouring, Milk Proteins, Firming Agents: Calcium Chloride, Calcium Acetate, Preservative: Potassium Sorbate, Roasted Barley Malt Extract, Natural Caramelised Sugar",https://www.sainsburys.co.uk/gol-ui/product/quorn-cocktail-sausages-x14-140g,,2024-08-20T23:45:53.391148-04:00
66-2668-DAI,Sainsbury's Sweet Chilli Stir Fry Sauce 175g,Sainsbury's,"Dairy, eggs & chilled",Special offers,,,£1.20,,,69p / 100g,7213980.0,"A stir fry sauce made with ginger, red chilli, tomato purée and garlic.",,https://assets.sainsburys-groceries.co.uk/gol/7213980/1/640x640.jpg,,,https://www.sainsburys.co.uk/gol-ui/product/sainsburys-sweet-chilli-stir-fry-sauce-175ml,,2024-08-20T23:46:14.357839-04:00
66-2669-DAI,Blue Dragon Original Thai Sweet Chilli Sauce 315g,Blue,"Dairy, eggs & chilled","Vegetarian, vegan & dairy free",All meat free,,£2.70,,,86p / 100g,6529621.0,Thai sweet chilli sauce.,,https://assets.sainsburys-groceries.co.uk/gol/6529621/1/640x640.jpg,"Nutrient	per 100g
Energy	782kJ/ 184kcal
Fat	0.6g
of which saturates	<0.1g
Carbohydrate	44g
of which sugars	43g
Fibre	1.3g
Protein	0.5g
Salt	3.3g","Water, Red Chillies (20%), Sugar, Glucose-Fructose Syrup, Ground Garlic (6%), Pickled Garlic (5%) [Garlic, Water, Salt, Acid (Acetic Acid)], Modified Tapioca Starch, Acid (Acetic Acid), Salt",https://www.sainsburys.co.uk/gol-ui/product/blue-dragon-sqz-sweet-chilli-sauce-380g,,2024-08-20T23:46:27.692122-04:00
66-2670-DAI,"Sainsbury's Pinot Grigio Dolomiti Blush, Taste the Difference 75cl",Sainsbury's,Drinks,Special offers,,,£7.00,,£8.00,£7.00 / 75cl,7831277.0,,,https://assets.sainsburys-groceries.co.uk/gol/7831277/1/640x640.jpg,,,https://www.sainsburys.co.uk/gol-ui/product/sainsburys-pg-igt-dolomiti-blush--taste-the-difference-75cl,,2024-08-19T13:29:05.083575-04:00
66-2671-DAI,Quorn Sweet Chilli Bites 180g,Quorn,"Dairy, eggs & chilled",Special offers,,,£2.60,,£2.00,£14.44 / kg,8102163.0,"Meat free sweet chilli bites, made with mycoprotein, with a savoury pepper flavour, sweet chilli sauce filling and breadcrumb coating",,https://assets.sainsburys-groceries.co.uk/gol/8102163/1/640x640.jpg,"Nutrient	(as sold) Per 100g:	(as sold) Per 3 Bites:
Energy	970kJ/ 232kcal	582kJ/ 139kcal
Fat	10g	6.1g
of which saturates	1.1g	0.7g
Carbohydrate	22g	13g
of which sugars	3.9g	2.3g
Fibre	4.0g	2.4g
Protein	12g	6.9g
Salt	1.5g	0.89g","Mycoprotein (38%), Sauce Filling (17%) [Partially Inverted Sugar Syrup, Water, Chilli Puree, Spirit Vinegar, Sugar, Gelling Agent: Pectin; Cornflour, Rapeseed Oil, Dehydrated Garlic, Salt, Flavouring (Salt, Garlic Extract), Garlic Powder, Paprika Extract, Chilli Flakes], Wheat Flour (Wheat Flour, Calcium Carbonate, Iron, Niacin, Thiamine), Water, Rapeseed Oil, Textured Wheat Protein, Onion, Tapioca Starch, Flavourings, Free Range Egg White Powder, Salt, Yeast Extract, Yeast, Onion Powder, Spices (Black Pepper, White Pepper), Preservative: Potassium Sorbate, Gelling Agent: Pectin, Raising Agent: Ammonium Carbonate, Black Pepper Extract",https://www.sainsburys.co.uk/gol-ui/product/quorn-sweet-chilli-bites-180g,,2024-08-20T23:46:35.532097-04:00
66-2672-DAI,"Sainsbury's Portuguese Lisboa, Taste the Difference 75cl",Sainsbury's,Drinks,Special offers,,,£7.50,,,£7.50 / 75cl,7903579.0,Vinho Regional Lisboa,,https://assets.sainsburys-groceries.co.uk/gol/7903579/1/640x640.jpg,,,https://www.sainsburys.co.uk/gol-ui/product/sainsburys-portuguese-lisboa-taste-the-difference-75cl,,2024-08-19T14:35:23.752977-04:00
66-2673-DAI,Birra Moretti Lager Beer Bottles 4 x 330ml,Birra,Drinks,Special offers,,330ML,£6.00,,£5.00,£4.55 / ltr,6551924.0,Beer,,https://assets.sainsburys-groceries.co.uk/gol/6551924/1/640x640.jpg,"Nutrient	per 100ml
Energy:	157 kJ / 37 kcal","Water, Malted Barley, Maize, Hops, Hop Extract",https://www.sainsburys.co.uk/gol-ui/product/birra-moretti-lager-4x330ml,,2024-08-19T01:09:29.808436-04:00
66-2674-DAI,"Sainsbury's Rioja Blanco, Taste the Difference 75cl",Sainsbury's,Drinks,Special offers,,,£7.00,,£8.50,£7.00 / 75cl,7511439.0,Vinedos Barrihuelo,,https://assets.sainsburys-groceries.co.uk/gol/7511439/1/640x640.jpg,,,https://www.sainsburys.co.uk/gol-ui/product/sainsburys-rioja-blanco--taste-the-difference-75cl,,2024-08-19T14:47:33.866020-04:00
66-2675-DAI,Quorn Roast Mini Fillets 138g,Quorn,"Dairy, eggs & chilled",Special offers,,,£3.10,,£2.60,£22.46 / kg,8186997.0,"Meat free savoury flavour mini fillets, made with mycoprotein, in a roast flavour marinade",,https://assets.sainsburys-groceries.co.uk/gol/8186997/1/640x640.jpg,"Nutrient	(as sold) Per 100g	(as sold) Per 1/2 Pack
Energy	417kJ/ 100kcal	292kJ/ 70kcal
Fat	2.3g	1.6g
of which saturates	0.5g	0.4g
Carbohydrate	4.4g	3.1g
of which sugars	0.1g	0.1g
Fibre	4.9g	3.4g
Protein	13g	8.9g
Salt	0.67g	0.47g","Mycoprotein (86%), Roast Style Marinade (6%) [Water, Maltodextrin, Yeast Extract, Sugar, Maize Starch, Natural Flavourings, Onion Powder, Dried Roasted Garlic, White Pepper, Thyme, Stabiliser: Guar Gum; Thyme Extract], Rehydrated Free Range Egg White, Natural Flavouring, Firming Agents: Calcium Chloride, Calcium Acetate",https://www.sainsburys.co.uk/gol-ui/product/quorn-roast-mini-fillets-138g,,2024-08-20T23:46:43.359732-04:00
66-2676-DAI,Morliny Berlinki Classic 250g,Morliny,"Dairy, eggs & chilled","World foods, kosher & halal",Eastern European,,£1.60,,,£6.40 / kg,7823900.0,Homogenised Cooked and smoked pork and chicken Hot Dogs.,,https://assets.sainsburys-groceries.co.uk/gol/7823900/1/640x640.jpg,"Nutrient	per 100 g:
Energy:	935 kJ/ 225 cal
Fat:	18 g
-of which saturates:	6,7 g
Carbohydrates:	2,8 g
-of which sugars:	1,0 g
Protein:	13 g
Salt:	2,5 g","Meat 71% (including Pork Meat 51 %, Chicken Meat 20 %), Water, Salt, Potato Starch, Collagen Pork Protein, Dextrose, Flavouring, Spices, Spice Extracts, Preservative (Sodium Nitrite)",https://www.sainsburys.co.uk/gol-ui/product/morliny-berlinki-classic-250g,,2024-08-20T23:46:56.901323-04:00
66-2677-DAI,Quorn Sweet Chilli Mini Fillets 138g,Quorn,"Dairy, eggs & chilled",Special offers,,,£3.10,,£2.60,£22.46 / kg,8186992.0,"Meat Free savoury flavour mini fillets, made with mycoprotein, in a sweet chilli marinade",,https://assets.sainsburys-groceries.co.uk/gol/8186992/1/640x640.jpg,"Nutrient	(as sold) Per 100g	(as sold) Per 1/2 Pack
Energy	410kJ/ 98kcal	283kJ/ 68kcal
Fat	2.1g	1.4g
of which saturates	0.4g	0.3g
Carbohydrate	4.5g	3.1g
of which sugars	1.7g	1.2g
Fibre	5.8g	4.0g
Protein	12g	8.6g
Salt	0.69g	0.47g","Mycoprotein (86%), Sweet Chilli Marinade (7%) [Water, Sugar, Garlic Powder, Spices: Ginger, Cayenne Chilli, Chilli Powder; Yeast Extract, Sea Salt, Tomato Powder, Chilli Flakes, Lemon Juice Powder, Onion Powder, Maize Starch, Citric Acid, Dried Garlic, Coriander Leaf, Natural Flavouring, Stabiliser: Guar Gum; Lemon Oil, Lemongrass Oil], Rehydrated Free Range Egg White, Natural Flavouring, Firming Agents: Calcium Chloride, Calcium Acetate",https://www.sainsburys.co.uk/gol-ui/product/quorn-sweet-chilli-mini-fillets-138g-8186992-p-44,,2024-08-20T23:47:04.811229-04:00
66-2678-DAI,Blue Dragon Reduced Sugar Sweet Chilli Dipping Sauce 295g,Blue,"Dairy, eggs & chilled","Vegetarian, vegan & dairy free",All meat free,,£2.70,,,92p / 100g,7759308.0,Reduced Sugar Thai Sweet Chilli Sauce with Sugars and Sweetener.,,https://assets.sainsburys-groceries.co.uk/gol/7759308/1/640x640.jpg,"Nutrient	Per 100g
Energy	653kJ/ 156kcal
Fat	<0.5g
of which saturates	0.1g
Carbohydrate	38g
of which sugars	26g
Fibre	0g
Protein	<0.5g
Salt	2.6g","Water, Red Chillies (20%), Glucose-Fructose Syrup, Sugar, Ground Garlic (6%), Pickled Garlic (5%) [Garlic, Water, Salt, Acid (Acetic Acid])], Modified Tapioca Starch, Acid (Acetic Acid), Salt, Sweetener (Sucralose) Colour (Paprika Extract)",https://www.sainsburys.co.uk/gol-ui/product/blue-dragon-reduced-sugar-thai-sweet-chilli-sauce-380g-7759308-p,,2024-08-20T23:47:17.898791-04:00
66-2679-DAI,OGGS Chocolate Fudge Cakes x4,OGGS,"Dairy, eggs & chilled",Birthday & party cakes,,,£3.95,,,99p / ea,7972242.0,4 Chocolate Flavoured Sponge Cakes with a Chocolate Flavoured Fudge Frosting,,https://assets.sainsburys-groceries.co.uk/gol/7972242/1/640x640.jpg,,"Sugar, Vegetable Oils (Rapeseed, Palm. Sunflower), Water, Fortified Wheat Flour (Wheat Flour. Calcium Carbonate, Iron. Niacin, Thiamin), Fat Reduced Cocoa Powder (5.5%), Aquafaba (Liquid Chickpea Extract), Humectant: Glycerine, Dextrose, Gluten Free Oats, Wheat Gluten, Invert Sugar Syrup, Modified Starch, Fava Bean Protein, Raising Agents: Disodium Diphosphate. Potassium Bicarbonate. Potassium Hydrogen Carbonate, Wheat Starch, Emulsifiers: E471. E477. E481, Salt, Cornflour, Preservative: Potassium Sorbate, Acidity Regulator: Citric Acid, Stabiliser: Xanthan Gum",https://www.sainsburys.co.uk/gol-ui/product/oggs-chocolate-fudge-vegan-cakes-4-x-46g,,2024-08-20T23:47:30.978563-04:00
66-2680-DAI,The Vegetarian Butcher Battered Fish Fillet Alternative Cod Almighty 180g,The,"Dairy, eggs & chilled",Special offers,,,£3.50,,£2.50,£19.44 / kg,8184661.0,Plant based coated fish fillet alternative with Vitamin B12 and iron.,,https://assets.sainsburys-groceries.co.uk/gol/8184661/1/640x640.jpg,"Nutrient	Per 100g Unprepared	Per Serving Unprepared	%* per portion**		Per 100g Unprepared	Per Serving Unprepared	%* per portion**		Per 100g Unprepared	Per Serving Unprepared	%* per portion**
Energy (kJ)	880 kJ	792 kJ	9%
Energy (kcal)	210 kcal	189 kcal	9%
Fat (g)	14 g	12 g	17%
of which saturates (g)	1 g	0.9 g	5%
Carbohydrate (g)	17 g	15 g	6%
of which sugars (g)	0.8 g	0.7 g	1%
Fibre (g)	2.6 g	2.3 g	0%
Protein (g)	4 g	3.6 g	7%
Salt (g)	0.85 g	0.77 g	13%
Vitamin B12 (µg)	0.41 μg	0.37 μg	15%
Iron (mg)	2.5 mg	2.3 mg	16%
Omega 3 (g)	1.2 g	1.1 g	0%","Water, flour (19.5%) (WHEAT, rice (6%), corn), vegetable oil (rapeseed), WHEAT gluten, starch (contains WHEAT), salt, natural flavourings, thickener (methyl cellulose), citrus fibre, spirit vinegar, spices, acidity regulator (potassium acetate), dextrose, raising agents (diphosphates, sodium carbonates), acid (lactic acid), paprika extract, iron (ferric pyrophosphate), lovage, lemon oil, vitamin B12, yeast extract, herb extract. May contain celery, mustard and soy",https://www.sainsburys.co.uk/gol-ui/product/the-vegetarian-butcher-battered-fish-fillet-alternative-cod-almighty-180g,,2024-08-20T23:47:38.759783-04:00
66-2681-DAI,Beyond Burger Jalapeno Flavour Plant Based Patties 2x100g,Beyond,"Dairy, eggs & chilled",Special offers,,,£4.50,2 for £4.50,£2.50,£22.50 / kg,8196189.0,"Plant-Based Patties Made with Pea Protein, Defrosted",,https://assets.sainsburys-groceries.co.uk/gol/8196189/1/640x640.jpg,"Nutrient	Per 100g
Energy	793kJ / 188kcal
Fat	11g
of which saturates	2.7g
Carbohydrate	5.6g
of which sugars	0.6g
Fibre	1.5g
Protein	16g
Salt	0.75g","Water, Pea Protein* (15%), Rapeseed Oil, Flavouring, Rice Protein, Coconut Oil, Dried Yeast, Preservative (Potassium Lactate), Vinegar, Stabilisers (Methyl Cellulose, Calcium Chloride), Potato Starch, Salt, Apple Extract, Colour (Beetroot Red), Concentrated Pomegranate Juice, Potassium Salt, *Peas are Legumes",https://www.sainsburys.co.uk/gol-ui/product/beyond-burger-jalapeno-flavour-plant-based-patties-2x100g,2x100g,2024-08-20T23:47:47.006327-04:00
66-2682-DAI,Grace Mighty Malt Can 330ml (Sugar levy applied),Grace,"Dairy, eggs & chilled","World foods, kosher & halal",African & Caribbean,330ML,£1.00,,,30p / 100ml,7709094.0,The classic energy malt drink,,https://assets.sainsburys-groceries.co.uk/gol/7709094/1/640x640.jpg,"Nutrient	(per 100ml)		(per 100ml)
Energy :	285 kJ/ 68 kcal
Protein:	0.5g
Carbohydrate:	16.2g
of which sugar	14.5g
Fat:	0g
of which saturates	0g
Fibre:	0.1g
Sodium:	0.003g
Biotin:	7.5µg (15% RDA*)
Pantothenic acid:	0.9mg (15% RDA*)
Vitamin B6:	0.21mg (15% RDA*)
Vitamin B12:	0.375µg (15% RDA*)","Water, Barleymalt (8%), Sugar, Carbon Dioxide, Colour (E150c), Hops, Vitamins: Pantothenic Acid, Vitamin B6, Biotin and Vitamin B12",https://www.sainsburys.co.uk/gol-ui/product/grace-mighty-malt-can-330ml,,2024-08-20T23:48:00.103464-04:00
66-2683-DAI,Grace Aloe Vera Water Mango 500ml,Grace,Drinks,Special offers,,500ML,£1.30,,,26p / 100ml,7709586.0,Aloe vera drink with sugar and sweetener: mango flavour.,,https://assets.sainsburys-groceries.co.uk/gol/7709586/1/640x640.jpg,"Nutrient	Per 100ml		Per 100ml
Energy	66kJ / 16kcal
Fat	0g
of which saturates	0g
Carbohydrate	3.9g
of which sugars	3.8g
Protein	0g
Salt	0.04g
Vitamin C	24mg (30%)*","Water, Aloe Vera (20%), Apple Juice* Cane Sugar, Acidity Regulator: Malic Acid, Natural Mango Flavouring, Stabilisers: Calcium Lactate, Gellan Gum, Vitamin C, Colours: Beta-Carotene, Sweetener: Sucralose, *From Concentrate",https://www.sainsburys.co.uk/gol-ui/product/grace-aloe-vera-water-mango-500ml,,2024-08-20T01:41:30.919215-04:00
66-2684-DAI,Quorn Picnic Eggs 140g,Quorn,"Dairy, eggs & chilled","Vegetarian, vegan & dairy free",All meat free,,£2.05,,,£14.64 / kg,8187015.0,"Meat free picnic eggs, made with mycoprotein, with a herb and savoury flavour, chopped free range egg filling and breadcrumb coating",,https://assets.sainsburys-groceries.co.uk/gol/8187015/1/640x640.jpg,"Nutrient	(as sold) Per 100g:	(as sold) Per 3 Picinic Eggs:
Energy	1043kJ/ 250kcal	626kJ/ 150kcal
Fat	13g	7.6g
of which saturates	1.4g	0.9g
Carbohydrate	18g	11g
of which sugars	1.8g	1.1g
Fibre	4.4g	2.6g
Protein	14g	8.2g
Salt	1.1g	0.66g","Mycoprotein (40%), Wheat Flour (Wheat Flour, Calcium Carbonate, Iron, Niacin, Thiamine), Free Range Whole Egg (11%), Water, Textured Wheat Protein (Wheat Flour, Wheat Protein), Rapeseed Oil, Mayonnaise (2%) [Rapeseed Oil,Water, Free Range Egg Yolk, Vinegar, Sugar, Salt, White Pepper, Preservative: Potassium Sorbate], Tapioca Starch, Dried Free Range Egg White, Salt, Yeast Extract, Dried Onion, Yeast, Onion Powder, Spices (Black Pepper, White Pepper, Nutmeg), Herbs (Sage, Thyme, Parsley), Onion, Preservative: Potassium Sorbate, Colours: Paprika Extract, Iron Oxide, Gelling Agent: Pectin, Spice Extracts (Black Pepper, Nutmeg, Mace, Ginger), Herb Extracts (Sage, Thyme), Raising Agent: Ammonium Carbonate",https://www.sainsburys.co.uk/gol-ui/product/quorn-picnic-eggs-140g,,2024-08-20T23:48:13.912141-04:00
66-2685-DAI,Gosh! Mediterranean Falafel with Chickpeas & Hint of Basil 171g,Gosh!,"Dairy, eggs & chilled","Vegetarian, vegan & dairy free",All meat free,,£2.10,,,£12.28 / kg,8184511.0,"Falafel made with chunky chickpeas, onion and basil - simply blended with Mediterranean spices and baked.",,https://assets.sainsburys-groceries.co.uk/gol/8184511/1/640x640.jpg,"Nutrient	Per 100g	Per Portion (4x19g falafel)
Energy kJ	1096kJ	833kJ
Energy kcal	264kcal	201kcal
Fat	16g	12.2g
of which saturates	1.0g	0.8g
Carbohydrate	18g	13.7g
of which sugars	3.5g	2.7g
Fibre	7.1g	5.4g
Protein	7.6g	5.8g
Salt	1.4g	1.06g","Chickpeas¹ (51%), Onion² (15%), Rapeseed Oil, Water, Potato Flakes, Garlic Puree (Water, Garlic Granules), Parsley, Lemon Juice from Concentrate (Concentrated Lemon Juice, Water), Basil³ (0.8%), Salt, Raising Agent (Bicarbonate of Soda), Ground Cumin, Ground Coriander, Thyme, Rosemary, White Pepper, (¹,²,³ Origin: EU and non-EU)",https://www.sainsburys.co.uk/gol-ui/product/gosh%21-mediterranean-falafel-with-chickpeas-hint-of-basil-171g,,2024-08-20T23:48:26.628586-04:00
66-2686-DAI,Mighty Ultimate Barista Oat Milk Alternative Long Life 1L,Mighty,Drinks,"Vegetarian, vegan & dairy free",Dairy free,1L,£1.90,,,£1.90 / ltr,8005314.0,Oat drink with added vitamins and minerals.,,https://assets.sainsburys-groceries.co.uk/gol/8005314/1/640x640.jpg,"Nutrient	Per 100ml		Per 100ml
Energy	60kcal/ 251kJ
Fat	3.2g
of which Saturates	0.5g
Carbohydrate	6.8g
of which Sugars	2.9g
Fibre	0.3g
Protein	0.9g
Salt	0.06g
Vitamin D	0.375µg 7.5% RI†
Vitamin B12	0.45µg 18% RI†
Calcium	60mg 7.5% RI†
Iodine	15µg 10% RI†","British Oat Base (Water, Oats (10%)), Water, Rapeseed Oil, Acidity Regulator (Dipotassium Phosphate), Fermented Oats, Calcium, Salt, Stabiliser (Gellan Gum), Iodine, Vitamins (B12, D)",https://www.sainsburys.co.uk/gol-ui/product/barista-mighty-milkology-1l,,2024-08-19T18:32:09.961362-04:00
66-2687-DAI,Quorn Vegetarian Mozzarella & Pesto Escalope x2 240g,Quorn,"Dairy, eggs & chilled","Vegetarian, vegan & dairy free",All meat free,,£3.15,,,£13.13 / kg,6570658.0,"Meat free savoury flavour escalopes, made with mycoprotein, topped with mozzarella, soft cheese & pesto sauce and coated in breadcrumbs",,https://assets.sainsburys-groceries.co.uk/gol/6570658/1/640x640.jpg,"Nutrient	(as oven cooked) Per 100g	(as oven cooked) Per Escalope
Energy	857kJ/ 203kcal	959kJ/ 228kcal
Fat	5.6g	6.3g
of which saturates	1.7g	1.9g
Carbohydrate	25g	28g
of which sugars	1.5g	1.6g
Fibre	4.8g	5.3g
Protein	11g	12g
Salt	1.4g	1.5g","Mycoprotein (37%), Wheat Flour (Wheat Flour, Calcium Carbonate, Iron, Niacin, Thiamine), Water, Rapeseed Oil, Medium Fat Soft Cheese (Milk) (10%) (Medium Fat Soft Cheese (Milk), Modified Starch, Sea Salt), Rehydrated Free Range Egg White, Mozzarella Cheese (Milk) (9%) (Mozzarella Cheese (Milk), Anti-Caking Agent: Potato Starch), Wheat Starch, Milk Proteins, Natural Flavouring, Salt, Pesto (0.5%) [Sunflower Oil, Basil, Medium Fat Hard Cheese (Milk), Garlic, Salt], Durum Wheat Semolina, Yeast, Firming Agents: Calcium Chloride, Calcium Acetate, Gelling Agent: Pectin, Raising Agent: Ammonium Carbonate",https://www.sainsburys.co.uk/gol-ui/product/quorn-mozzarella---pesto-escalope-240g,,2024-08-20T23:48:40.932749-04:00
66-2688-DAI,Nakd Berry Delight Fruit & Nut Bars 4x35g,Nakd,"Dairy, eggs & chilled",Special offers,,,£3.00,4 for £3.00,£2.20,£2.14 / 100g,7497671.0,Dried Fruit & Nut Bars with Natural Flavouring,,https://assets.sainsburys-groceries.co.uk/gol/7497671/1/640x640.jpg,,"Dates† 53%, Cashew 26%, Raisins 19%, Freeze-Dried Raspberries 2%, Natural Flavouring, †Dates not from Britain",https://www.sainsburys.co.uk/gol-ui/product/nakd-berry-delight-fruit-nut-bars-4x35g,4x35g,2024-08-20T23:48:49.259858-04:00
66-2689-DAI,Clearspring Organic Japanese Silken & Smooth Tofu 300g,Clearspring,"Dairy, eggs & chilled","Vegetarian, vegan & dairy free",All meat free,,£1.75,,,£5.83 / kg,7745153.0,Organic Tofu,,https://assets.sainsburys-groceries.co.uk/gol/7745153/1/640x640.jpg,,"Water, Soya Beans* (26%), Firming Agent: Nigari (Magnesium Chloride), *Organically Grown",https://www.sainsburys.co.uk/gol-ui/product/clearspring-organic-tofu-300g,,2024-08-20T23:49:02.371085-04:00
66-2690-DAI,Quorn Picnic Eggs x12 240g,Quorn,"Dairy, eggs & chilled","Vegetarian, vegan & dairy free",All meat free,,£2.60,,,£10.83 / kg,8187011.0,"Meat free picnic eggs, made with mycoprotein, with a herb and savoury flavour, chopped free range egg filling and breadcrumb coating",,https://assets.sainsburys-groceries.co.uk/gol/8187011/1/640x640.jpg,"Nutrient	(as sold) Per 100g:	(as sold) Per 3 Picnic Eggs:
Energy	1043kJ/ 250kcal	626kJ/ 150kcal
Fat	13g	7.6g
of which saturates	1.4g	0.9g
Carbohydrate	18g	11g
of which sugars	1.8g	1.1g
Fibre	4.4g	2.6g
Protein	14g	8.2g
Salt	1.1g	0.66g","Mycoprotein (40%), Wheat Flour (Wheat Flour, Calcium Carbonate, Iron, Niacin, Thiamine), Free Range Whole Egg (11%), Water, Textured Wheat Protein (Wheat Flour, Wheat Protein), Rapeseed Oil, Mayonnaise (2%) [Rapeseed Oil, Water, Free Range Egg Yolk, Vinegar, Sugar, Salt, White Pepper, Preservative: Potassium Sorbate], Tapioca Starch, Dried Free Range Egg White, Salt, Yeast Extract, Dried Onion, Yeast, Onion, Powder, Spices (Black Pepper, White Pepper, Nutmeg), Herbs (Sage, Thyme, Parsley), Onion, Preservative: Potassium Sorbate, Colours: Paprika Extract, Iron Oxide, Gelling Agent: Pectin, Spice Extracts (Black Pepper, Nutmeg, Mace, Ginger), Herb Extracts (Sage, Thyme), Raising Agent: Ammonium Carbonate",https://www.sainsburys.co.uk/gol-ui/product/quorn-picnic-eggs-x12-240g,,2024-08-20T23:49:15.495553-04:00
66-2691-DAI,Patak's Korma Paste Pots 2 x 70g,Patak's,"Dairy, eggs & chilled",Special offers,,,£1.85,,£1.50,£1.32 / 100g,7864436.0,Our Authentic Blend of Aromatic Spices & Coconut for a Beautifully Balanced Korma Dish.,,https://assets.sainsburys-groceries.co.uk/gol/7864436/1/640x640.jpg,"Nutrient	Per 100g	Per Pot
Energy	945kJ/ 228kcal	662kJ/ 160kcal
Fat	15.4g	10.8g
of which saturates	2.6g	1.8g
Carbohydrate	14.8g	10.4g
of which sugars	9.1g	6.4g
Protein	3.0g	2.1g
Salt	4.76g	3.33g","Water, Ground Spices (12%) [Coriander (4%), Turmeric (3%), Spices, Paprika, Cumin, Fenugreek], Rapeseed Oil, Sugar, Concentrated Tomato Purée (5%), Salt, Maize Flour, Ginger Purée, Garlic Purée, Desiccated Coconut (3%), Acid (Acetic Acid), Dried Onion, Dried Coriander Leaf",https://www.sainsburys.co.uk/gol-ui/product/pataks-the-original-korma-curry-paste-pots-2x70g,,2024-08-20T23:49:24.081689-04:00
66-2692-DAI,Patak's Tikka Masala Paste Pots 2 x 70g,Patak's,"Dairy, eggs & chilled",Special offers,,,£1.85,,£1.50,£1.32 / 100g,7864443.0,Our Authentic Blend of Aromatic Ground Spices for a Beautifully Balanced Tikka Masala Dish.,,https://assets.sainsburys-groceries.co.uk/gol/7864443/1/640x640.jpg,"Nutrient	Per 100g	Per Pot
Energy	1117kJ / 270kcal	782kJ / 189kcal
Fat	22.9g	16.0g
of which saturates	1.7g	1.2g
Carbohydrate	7.8g	5.5g
of which sugars	0.8g	0.6g
Protein	3.0g	2.1g
Salt	4.7g	3.3g","Water, Ground Spices (19%) [Turmeric, Paprika, Cumin, Coriander, Spices], Rapeseed Oil, Salt, Maize Flour, Acids (Acetic Acid, Citric Acid), Tamarind, Garlic Powder, Dried Fenugreek, Cumin Seed, Paprika Extract, Dried Coriander Leaf",https://www.sainsburys.co.uk/gol-ui/product/pataks-the-original-tikka-masala-curry-paste-pots-2x70g,,2024-08-20T23:49:32.248784-04:00
66-2693-DAI,Patak's Tikka Masala Spice Paste 283g,Patak's,"Dairy, eggs & chilled","Vegetarian, vegan & dairy free",All meat free,,£3.40,,,£1.20 / 100g,2913568.0,"Our Authentic Blend of Aromatic Spices including Paprika, Cumin and Coriander for a Beautifully Balanced Tikka Masala Dish.",,https://assets.sainsburys-groceries.co.uk/gol/2913568/1/640x640.jpg,"Nutrient	Per 100g
Energy	1117kJ/ 270kcal
Fat	22g
of which saturates	1.7g
Carbohydrate	7.8g
of which sugars	0.8g
Protein	3.0g
Salt	4.7g","Water, Ground Spices (19%) [Turmeric, Paprika (4%), Cumin (3%), Coriander (3%), Spices], Rapeseed Oil, Salt, Maize Flour, Acids (Acetic Acid, Citric Acid), Tamarind, Garlic Powder, Cumin Seed, Paprika Extract, Dried Fenugreek Leaf, Dried Coriander Leaf",https://www.sainsburys.co.uk/gol-ui/product/pataks-tikka-masala-spice-paste-283g-2913568-p,,2024-08-20T23:49:45.174662-04:00
66-2694-DAI,Tabasco Original Red Pepper Hot Sauce 57ml,Tabasco,"Dairy, eggs & chilled","Vegetarian, vegan & dairy free",All meat free,57ML,£2.50,,,£4.39 / 100ml,2010533.0,Red Pepper Sauce,,https://assets.sainsburys-groceries.co.uk/gol/2010533/1/640x640.jpg,"Nutrient	(per 100 ml)
Energy	67kJ/ 16kcal
Fat	0.7 g
Of which saturates	0.2 g
Carbohydrates	1.6 g
Of which sugars	<0.1 g
Fibre	1.3 g
Protein	1.0 g
Salt	1.7 g","Distilled Vinegar, Red Pepper (19%) and Salt",https://www.sainsburys.co.uk/gol-ui/product/tabasco-pepper-sauce-57ml,,2024-08-20T23:49:58.437735-04:00
66-2695-DAI,Linda McCartney Sausage Roll x6 342g,Linda,"Dairy, eggs & chilled","Vegetarian, vegan & dairy free",Vegan,,£3.00,,,£8.77 / kg,6814251.0,"Vegetarian Cumberland Sausage-Style Filling Made with Rehydrated Textured Soya Protein, Wrapped in Puff Pastry.",,https://assets.sainsburys-groceries.co.uk/gol/6814251/1/640x640.jpg,"Nutrient	(oven cooked as per instructions) per 100g	(oven cooked as per instructions) per 2 vegetarian sausage rolls
Energy kJ	1200	1212
Energy kcal	287	290
Fat	16.2g	16.3g
(of which saturates)	7.3g	7.4g
Carbohydrate	22.7g	22.9g
(of which sugars)	2.1g	2.1g
Fibre	3.8g	3.8g
Protein	10.9g	11g
Salt	0.86g	0.87g","Fortified Wheat Flour (Wheat Flour, Calcium Carbonate, Iron, Niacin, Thiamin), Rehydrated Textured Soya Protein (25%), Water, Palm Oil, Onion, Flavouring, Rapeseed Oil, Soya Protein Concentrate, Salt, Stabiliser: Methyl Cellulose, Emulsifier: Mono- and Diglycerides of Fatty Acids",https://www.sainsburys.co.uk/gol-ui/product/linda-mccartney-sausage-roll-342g,,2024-08-20T23:50:12.245694-04:00
66-2696-DAI,Quorn Cocktail Sausages x24 240g,Quorn,"Dairy, eggs & chilled","Vegetarian, vegan & dairy free",All meat free,,£2.60,,,£10.83 / kg,8185668.0,"Meat free savoury mini sausages, made with mycoprotein.",,https://assets.sainsburys-groceries.co.uk/gol/8185668/1/640x640.jpg,"Nutrient	(as sold) Per 100g:	(as sold) Per 4 Sausages:
Energy	768kJ/ 183kcal	295kJ/ 70kcal
Fat	6.8g	2.6g
of which saturates	1.3g	0.5g
Carbohydrate	15g	5.6g
of which sugars	0.8g	0.3g
Fibre	6.4g	2.5g
Protein	13g	4.9g
Salt	1.5g	0.57g","Mycoprotein (29%), Textured Wheat Protein (Wheat Flour, Wheat Protein, Stabiliser: Sodium Alginate), Rehydrated Free Range Egg White, Water, Rapeseed Oil, Onion, Rusk [Wheat Flour (Wheat Flour, Calcium Carbonate, Iron, Niacin, Thiamine), Salt], Casing (Calcium Alginate, Flavouring), Seasoning [Dextrose, Yeast Extract, Wheat Flour (Wheat Flour, Calcium Carbonate, Iron, Niacin, Thiamine), Spice Extracts (Coriander, Pepper, Nutmeg), Salt, Rapeseed Oil, Antioxidant: Ascorbic Acid], Natural Flavouring, Milk Proteins, Firming Agents: Calcium Chloride, Calcium Acetate, Preservative: Potassium Sorbate, Roasted Barley Malt Extract, Natural Caramelised Sugar",https://www.sainsburys.co.uk/gol-ui/product/quorn-cocktail-sausages-x24-240g,,2024-08-20T23:50:25.400239-04:00
66-2697-DAI,Quorn Vegetarian Steak Style Pies 400g,Quorn,"Dairy, eggs & chilled","Vegetarian, vegan & dairy free",Vegetarian,,£2.65,,,£6.63 / kg,7682836.0,"Meat free beef flavour pieces, made with mycoprotein, in gravy and encased in shortcrust pastry base with a puff pastry lid",,https://assets.sainsburys-groceries.co.uk/gol/7682836/1/640x640.jpg,"Nutrient	(typical values as oven cooked) Per 100g	(typical values as oven cooked) Per Pie
Energy	910kJ/ 217kcal	1738kJ/ 415kcal
Fat	10g	19g
of which saturates	5.3g	10g
Carbohydrate	24g	45g
of which sugars	1.0g	1.9g
Fibre	3.1g	5.9g
Protein	6.5g	12g
Salt	0.7g	1.3g","Water, Wheat Flour (Wheat Flour, Calcium Carbonate, Iron, Niacin, Thiamine), Quorn Meat Free Beef Pieces (18%) [Mycoprotein*, Rehydated Free Range Egg White, Natural Flavourings, Roasted Barley Malt Extract, Firming Agents: Calcium Chloride, Calcium Acetate], Vegetable Oils (Palm, Rapeseed), Onion, Cream (Milk), Seasoning (Maltodextrin, Flavourings, Spices (Black Pepper, White Pepper), Barley Malt Extract, Lactose (Milk), Salt, Milk Proteins), Cornflour, Glaze (Water, Rapeseed Oil, Pea Protein, Sugar), *15% of Product",https://www.sainsburys.co.uk/gol-ui/product/quorn-steak-style---gravy-pies-400g,,2024-08-20T23:50:38.577583-04:00
66-2698-DAI,This Isn't Lamb Plant Based Kebabs 200g,This,"Dairy, eggs & chilled","Vegetarian, vegan & dairy free",All meat free,,£3.75,,,£18.75 / kg,8152257.0,"Plant-based lamb flavoured kebabs with pea protein, cumin and mint.",,https://assets.sainsburys-groceries.co.uk/gol/8152257/1/640x640.jpg,"Nutrient	per 100g
Energy kJ	871
Energy kcal	209
Fat	15g
(of which saturates)	4.8g
Carbohydrate	5.7g
(of which sugars)	0.6g
Fibre	3.2g
Protein	14g
Salt	0.92g","Rehydrated Textured Pea Protein (47%), Water, Shea Oil, Natural Flavouring, Pea Protein Isolate (1%), Thickeners (Methylcellulose, Konjac, Xanthan Gum), Potato Starch, Pea Fibre, Spices, Salt, Garlic Powder, Olive Oil, Dextrin, Cumin (0.2%), Mint (0.2%), Onion Powder, Colour (Beetroot Red), Apple Extract, Cacao Extract, Dextrose, Preservative (Sodium Metabisulphite)",https://www.sainsburys.co.uk/gol-ui/product/this-isnt-lamb-plant-based-kebabs-200g,,2024-08-20T23:50:51.723549-04:00
66-2699-DAI,Patak's Korma Spice Paste 290g,Patak's,"Dairy, eggs & chilled","Vegetarian, vegan & dairy free",All meat free,,£3.40,,,£1.20 / 100g,3006993.0,"Our Authentic Blend of Coconut & Aromatic Spices including Turmeric, Cumin and Fennel for a Beautifully Balanced Korma Dish.",,https://assets.sainsburys-groceries.co.uk/gol/3006993/1/640x640.jpg,"Nutrient	Per 100g
Energy	952kJ/ 229kcal
Fat	15.5g
of which saturates	2.6g
Carbohydrate	14.9g
of which sugars	9.2g
Protein	3.1g
Salt	4.8g","Water, Ground Spices (12%) [Spices (7%), Turmeric (3%), Cumin, Fennel], Rapeseed Oil, Sugar, Concentrated Tomato Purée, Salt, Maize Flour, Ginger Purée, Garlic Purée, Desiccated Coconut (3%), Acid (Acetic Acid), Dried Onion, Dried Coriander Leaf",https://www.sainsburys.co.uk/gol-ui/product/pataks-korma-spice-paste-290g-3006993-p,,2024-08-20T23:51:04.920725-04:00
66-2700-DAI,Blue Dragon Pad Thai Noodles Stir Fry Kit 265g,Blue,"Dairy, eggs & chilled",Special offers,,,£3.20,,£2.50,£1.21 / 100g,7984306.0,"Individual Sachets of Pad Thai Paste, Rice Noodles and Crushed Peanuts.",100 g,https://assets.sainsburys-groceries.co.uk/gol/7984306/1/640x640.jpg,"Nutrient	Per 100g	Per Serving
Energy	1582kJ/ 375kcal	2120kJ/ 502kcal
Fat	8.0g	11g
of which saturates	1.1g	1.5g
Carbohydrate	69g	92g
of which sugars	20g	27g
Fibre	2.2g	2.9g
Protein	5.6g	7.4g
Salt	2.6g	3.5g","Rice Noodles (47%) [Rice, Tapioca Starch], Pad Thai Paste (45%) [Sugar, Soybean Oil, Shallot (6%), Tamarind Paste (5%) [Tamarind, Water], Tomato Paste, Distilled Vinegar, Salt, Garlic (2%), Colour (Paprika, Extract), Antioxidant (Tocopherol-Rich Extract), Flavour (Chilli Extract)], Crushed Peanuts (8%)",https://www.sainsburys.co.uk/gol-ui/product/blue-dragon-pad-thai-noodle-kit-265g,,2024-08-20T23:51:13.076940-04:00
66-2701-DAI,Sainsbury's Summer Vegan Tikka Veggie Burgers x2 216g,Sainsbury's,"Dairy, eggs & chilled","Vegetarian, vegan & dairy free",All meat free,,£2.50,,,£11.57 / kg,8184099.0,"Fried breaded burgers made with butternut squash, peas, chickpeas and spices",,https://assets.sainsburys-groceries.co.uk/gol/8184099/1/640x640.jpg,,,https://www.sainsburys.co.uk/gol-ui/product/sainsburys-summer-vegan-tikka-veggie-burgers-x2-216g,,2024-08-20T23:51:35.016490-04:00
66-2702-DAI,"Sainsbury's Parsley Sauce, Inspired to Cook 200g (Serves 2)",Sainsbury's,"Dairy, eggs & chilled","Vegetarian, vegan & dairy free",Vegetarian,,£1.60,,,80p / 100g,8106386.0,"A sauce made with milk, single cream, parsley and butter",,https://assets.sainsburys-groceries.co.uk/gol/8106386/1/640x640.jpg,,,https://www.sainsburys.co.uk/gol-ui/product/sainsburys-inspired-to-cook-parsley-sauce-200g,,2024-08-20T23:51:56.664151-04:00
66-2703-DAI,Vivera Plant Greek Kebab 175g,Vivera,"Dairy, eggs & chilled","Vegetarian, vegan & dairy free",All meat free,,£2.60,,,£14.86 / kg,7949971.0,Precooked plant-based slices made from hydrated soya protein and seasoned with Greek kebab style herbs.,,https://assets.sainsburys-groceries.co.uk/gol/7949971/1/640x640.jpg,"Nutrient	per 100g	RI* per 100g		per 100g	RI* per 100g
Energy	647 kJ / 155 kcal	8%
Fat	8.9 g	13%
of which saturates	1.1 g	5%
Carbohydrate	1.6 g	<1%
of which sugars	0.5 g	<1%
Dietary Fibre	4.8 g	-
Protein	15 g	30%
Salt	1.1 g	18%
Iron	4.3 mg (31%**)	-
Vitamin B12	0.71 µg (28%**)	-","Hydrated Vegetable Protein [Water, Soya Protein [22%]] [85%], Rapeseed Oil, Sunflower Oil, Vinegar, Natural Flavourings, Salt, Herbs, Spices, Onion, Reduced Sodium Salt, Water, Garlic, Paprika Concentrate, Vitamins and Minerals [Vitamin B12, Iron]",https://www.sainsburys.co.uk/gol-ui/product/vivera-veggie-greek-kebab-175g,,2024-08-20T23:52:10.051231-04:00
66-2704-DAI,Rude Health Coconut High Calcium Chilled Drink 1L,Rude,"Dairy, eggs & chilled","Vegetarian, vegan & dairy free",Vegan,1L,£2.30,,,£2.30 / ltr,8108261.0,Coconut Drink with Rice and Calcium,,https://assets.sainsburys-groceries.co.uk/gol/8108261/1/640x640.jpg,"Nutrient	per 100ml		per 100ml
Energy	244kJ / 58kcal
Fat	1.4g
of which saturates	1.2g
Carbohydrates	11g
of which sugars	4.1g
Fibre	0.4g
Protein	<0.5g
Salt	0.08g
Calcium	120mg (15%*)","Spring Water, Rice, Coconut Milk (7.5%), Calcium Carbonate, Sea Salt",https://www.sainsburys.co.uk/gol-ui/product/rude-health-coconut-drink-with-rice-1l,,2024-08-20T23:52:23.513139-04:00
66-2705-DAI,Califia Farms Oat Drink Barista Blend 1L,Califia,"Dairy, eggs & chilled","Vegetarian, vegan & dairy free",Vegan,1L,£2.10,,,£2.10 / ltr,8103492.0,UHT Oat Drink with Added Calcium,,https://assets.sainsburys-groceries.co.uk/gol/8103492/1/640x640.jpg,"Nutrient	Per 100 ml	Per portion 240 ml		Per 100 ml	Per portion 240 ml
Energy (kJ)	226	543
Energy (kcal)	54	130
Fat	2,9 g	7,0 g
of which saturates	0,2 g	0,5 g
Carbohydrate	5,8 g	13,9 g
** of which sugars	2,8 g	6,7 g
Fibre	0,8 g	1,9 g
Protein	0,8 g	1,9 g
Salt	0,12 g	0,29 g
Calcium	104mg (13%)	250mg (31 %)","Oat Drink (Water, Oats (10%)), Rapeseed Oil, Acidity Regulator (Dipotassium Phosphate), Calcium Carbonate, Tricalcium Phosphate, Sea Salt",https://www.sainsburys.co.uk/gol-ui/product/califia-farms-oat-barista-blend-1l-8103492-p-44,,2024-08-20T23:52:37.010001-04:00
66-2706-DAI,Tabasco Mild Green Hot Pepper Sauce 57ml,Tabasco,"Dairy, eggs & chilled","Vegetarian, vegan & dairy free",All meat free,57ML,£2.50,,,£4.39 / 100ml,7912447.0,Jalapeño Pepper Sauce,,https://assets.sainsburys-groceries.co.uk/gol/7912447/1/640x640.jpg,"Nutrient	(per 100ml)
Energy	46kJ / 11kcal
Fat	<0.1g
Of which saturates	<0.1g
Carbohydrates	1.8g
Of which sugars	<0.1g
Fibre	1.2g
Protein	0.6g
Salt	7.4g","Distilled Vinegar, Jalapeno Pepper (30%), Water, Salt, Maize Starch, Stabiliser: Xanthan Gum, Preservative: Ascorbic Acid",https://www.sainsburys.co.uk/gol-ui/product/tabasco-mild-green-pepper-sauce-57ml,,2024-08-20T23:52:50.005367-04:00
66-2707-DAI,Patak's Madras Spice Paste 283g,Patak's,"Dairy, eggs & chilled","Vegetarian, vegan & dairy free",All meat free,,£3.40,,,£1.20 / 100g,3442715.0,"Our Authentic Blend of Aromatic Spices, Coriander, Paprika & Chilli for A Beautifully Balanced Madras Dish.",,https://assets.sainsburys-groceries.co.uk/gol/3442715/1/640x640.jpg,"Nutrient	Per 100g
Energy	1154kJ/ 279kcal
Fat	23.1g
of which saturates	1.7g
Carbohydrate	7.0g
of which sugars	1.3g
Protein	4.4g
Salt	4.70g","Water, Ground Spices (24%) [Coriander (7%), Paprika (4%), Cardamom, Cumin, Spices, Fenugreek, Black Pepper, Ginger], Rapeseed Oil, Salt, Maize Flour, Acids (Acetic Acid, Citric Acid), Tamarind, Mustard Powder, Dried Crushed Red Chilli, Garlic Powder, Black Mustard Seed",https://www.sainsburys.co.uk/gol-ui/product/pataks-curry-paste--madras-283g,,2024-08-20T23:53:03.091892-04:00
66-2708-DAI,Patak's Madras Paste Pots 2 x 70g,Patak's,"Dairy, eggs & chilled",Special offers,,,£1.85,,£1.50,£1.32 / 100g,7864438.0,"Our Authentic Blend of Aromatic Spices Including Cumin, Black Pepper and Chilli for a Beautifully Balanced Madras Dish.",,https://assets.sainsburys-groceries.co.uk/gol/7864438/1/640x640.jpg,"Nutrient	Per 100g	Per Pot
Energy	1154kJ/ 279kcal	808kJ/ 195kcal
Fat	23.1g	16.5g
of which saturates	1.7g	1.2g
Carbohydrate	7.0g	4.9g
of which sugars	1.3g	0.9g
Protein	4.4g	3.1g
Salt	4.7g	3.3g","Water, Ground Spices (23%) (Coriander, Paprika, Turmeric, Cumin (2%), Spices, Fenugreek, Black Pepper, Chilli, Fennel), Rapeseed Oil, Salt, Maize Flour, Acids (Acetic Acid, Citric Acid), Tamarind, Yellow Mustard Powder, Dried Crushed Red Chilli, Garlic Powder, Black Mustard Seeds",https://www.sainsburys.co.uk/gol-ui/product/pataks-the-original-madras-curry-paste-pots-2x70g,,2024-08-20T23:53:11.146265-04:00
66-2709-DAI,Plant Pioneer Korean Style Burgers 227g,Plant,"Dairy, eggs & chilled","Vegetarian, vegan & dairy free",All meat free,,£2.50,,,£11.01 / kg,8184068.0,"2 mixed vegetable burgers with butternut squash, mushroom, carrot and courgette, seasoned with gochujang paste, chilli, garlic and coriander",,https://assets.sainsburys-groceries.co.uk/gol/8184068/1/640x640.jpg,,,https://www.sainsburys.co.uk/gol-ui/product/plant-pioneer-korean-style-burgers-227g,,2024-08-20T23:53:32.453589-04:00
66-2710-DAI,OGGS Whole Egg Alternative 330ml,OGGS,"Dairy, eggs & chilled","Vegetarian, vegan & dairy free",Vegan,330ML,£3.25,,,£9.85 / ltr,8111917.0,Liquid Plant-Based High Pressure Processed Egg Alternative,,https://assets.sainsburys-groceries.co.uk/gol/8111917/1/640x640.jpg,,"Water, Sunflower Oil, Chickpea Protein Concentrate, Maize Starch, Thickener: Methyl Cellulose, Emulsifier: Sunflower Lecithin, Acid (Lactic Acid), Inactive Yeast, Gelling Agent: Gellan Gum, Natural Flavourings, Black Salt, Sugar, Firming Agent: Calcium Carbonate, Asafoetida, Acidity Regulator: Trisodium Citrate Dihydrate, Black Pepper, Colouring: Beta Carotene",https://www.sainsburys.co.uk/gol-ui/product/scrambled-oggs-plant-based-eggs-alternative-330ml,,2024-08-20T23:53:46.068726-04:00
66-2711-DAI,Blue Dragon Thai Green Curry Meal Kit 253g,Blue,"Dairy, eggs & chilled",Special offers,,,£3.10,,£2.50,£1.23 / 100g,7985711.0,"Individual Sachets of Thai Green Curry Paste, Coconut Milk and Seasoning",100 g,https://assets.sainsburys-groceries.co.uk/gol/7985711/1/640x640.jpg,"Nutrient	Per 100g	Per serving
Energy	804kJ/ 192kcal	1012kJ/ 242kcal
Fat	17g	21g
of which saturates	15g	19g
Carbohydrate	7.5g	9.5g
of which sugars	3.1g	3.9g
Fibre	2.7g	3.4g
Protein	2.4g	3.0g
Salt	1.0g	1.2g","Coconut Milk (79%) [Coconut Extract, Water, Stabiliser (E466)], Thai Green Curry Paste (20%) [Coconut Cream, Palm Sugar, Garlic (2%), Shallot (1.5%), Green Chillies (1.5%), Lemongrass (1%), Galangal (1%), Yeast Extract, Sweet Basil (0.4%), Salt, Lime Peel, Coriander Powder, White Pepper, Turmeric, Antioxidant (Tocopherol-Rich Extract)], Seasoning (1%) [Dried Red Chillies (0.7%), Dried Lime Leaves (0.2%), Dried Sweet Basil (0.1%)]",https://www.sainsburys.co.uk/gol-ui/product/blue-dragon-3-step-thai-green-curry-253g,,2024-08-20T23:53:54.139555-04:00
66-2712-DAI,Rude Health Almond High Calcium Chilled Drink 1L,Rude,Drinks,"Vegetarian, vegan & dairy free",Vegan,1L,£2.30,,,£2.30 / ltr,8108259.0,Almond Drink with Rice and Calcium,,https://assets.sainsburys-groceries.co.uk/gol/8108259/1/640x640.jpg,"Nutrient	per 100ml		per 100ml
Energy	236kJ / 56kcal
Fat	1.5g
of which saturates	0.3g
Carbohydrate	10g
of which sugars	4.7g
Fibre	<0.5g
Protein	<0.5g
Salt	0.08g
Calcium	120mg (15%*)","Spring Water, Rice, Italian Almonds (1%), Sunflower Oil, Calcium Carbonate, Sea Salt",https://www.sainsburys.co.uk/gol-ui/product/rude-health-almond-drink-with-rice-1l,,2024-08-19T20:42:57.929708-04:00
66-2713-DAI,Linda McCartney's Vegetarian Chicken Roast 400g,Linda,"Dairy, eggs & chilled","Vegetarian, vegan & dairy free",Vegan,,£3.85,,,£9.63 / kg,8044883.0,Vegetarian Chicken-Style Roast Made from Rehydrated Textured Soya Protein and Rosemary.,,https://assets.sainsburys-groceries.co.uk/gol/8044883/1/640x640.jpg,"Nutrient	(oven cooked as per instructions) per 100g	(oven cooked as per instructions) per 1/4 of a roast
Energy kJ	723	662
Energy kcal	173	159
Fat	9.1g	8.3g
(of which saturates)	0.9g	0.8g
Carbohydrate	4.0g	3.7g
(of which sugars)	0.3g	0.3g
Fibre	5.1g	4.6g
Protein	16.3g	14.9g
Salt	0.95g	0.87g","Rehydrated Textured Soya Protein (61%), Water, Rapeseed Oil, Onion Purée, Soya Protein Concentrate, Natural Flavouring, Stabiliser: Methyl Cellulose, Salt, Rosemary, Onion Powder, Black Pepper, Garlic Powder",https://www.sainsburys.co.uk/gol-ui/product/linda-mccartneys-vegetarian-chicken-roast-400g,,2024-08-20T23:54:07.416603-04:00
66-2714-DAI,VFC Lean Mean Chicken Sausages 270g,VFC,"Dairy, eggs & chilled","Vegetarian, vegan & dairy free",All meat free,,£3.00,,,£10.00 / kg,8185647.0,Vegan chicken-style sausages made with pea protein and Italian style seasoning.,,https://assets.sainsburys-groceries.co.uk/gol/8185647/1/640x640.jpg,,"Water, Pea Protein (23%), Rapeseed Oil, Thickener (Methyl Cellulose), Italian Style Seasoning (2%) (Sugar, Tomato Powder, Spices (Smoked Paprika Powder, Black Pepper), Garlic Powder, Herbs (Oregano, Thyme, Rosemary, Parsley), Onion Powder, Natural Flavouring), Vegetable Fibres (Pea, Bamboo), Natural Flavouring, Vinegar, Salt, Yeast Extract, Sausages Filled Into Sodium Alginate Casings",https://www.sainsburys.co.uk/gol-ui/product/vfc-lean-mean-chicken-sausages-270g,,2024-08-20T23:54:20.484848-04:00
66-2715-DAI,Califia Farms Cold Brew Caramel Oat Coffee 750ml,Califia,Drinks,"Vegetarian, vegan & dairy free",Vegan,750ML,£2.95,,,39p / 100ml,8117240.0,UHT Cold Brew Coffee and Caramel Oat Drink with Added Calcium,,https://assets.sainsburys-groceries.co.uk/gol/8117240/1/640x640.jpg,"Nutrient	Per 100 ml		Per 100 ml
Energy	155 kJ/ 37 kcal
Fat	1.2g
of which Saturates	0.1g
Carbohydrate	6.2g
of which Sugars	4.3g
Fibre	0.2g
Protein	0.3g
Salt	0.2g
Calcium	64mg (8%*","Oat Drink (Water, Oats (1.3%)), Coffee (35%) (Water, Coffee Extract), Cane Sugar, Caramel (1.6%) (Sugar, Water), Rapeseed Oil, Emulsifier (Acacia Gum), Flavourings, Sea Salt, Calcium Carbonate, Acidity Regulator (Potassium Citrate), Stabiliser (Gellan Gum)",https://www.sainsburys.co.uk/gol-ui/product/califia-farms-cold-brew-caramel-oat-coffee-750ml,,2024-08-20T00:34:01.179366-04:00
66-2716-DAI,Squeaky Bean Beechwood Smoked Salmon Style Slices 80g,Squeaky,"Dairy, eggs & chilled","Vegetarian, vegan & dairy free",Vegan,,£3.25,,,£40.63 / kg,8168173.0,"Gluten-Free Vegan Cooked and Smoked Salmon-Style Slices, Based on Modified Starch, Rapeseed Oil and Rice.",,https://assets.sainsburys-groceries.co.uk/gol/8168173/1/640x640.jpg,"Nutrient	Per 100g
Energy	287 kJ / 68 kcal
Fat	1.0g
of which saturates	0.3g
Carbohydrate	12g
of which sugars	4g
Fibre	3.0g
Protein	1.3g
Salt	1.2g","Water, Modified Starch (5%), Trehalose*, Thickeners: Carrageenan, Konjac (Contains: Sulphur Dioxide), Locust Bean Gum, Rice Flour (1.5%), Rice Protein (1%), Preservative: Sodium Acetate, Rapeseed Oil (1%), Salt, Paprika Concentrate, Carrot Concentrate, Paprika Juice Concentrate, Beetroot Juice Concentrate, Natural Flavourings, Citrus Fibres, Maize Starch, Oil From the Microalgae Schizochytrium SP., Firming Agent: Potassium Chloride, *Source of Glucose",https://www.sainsburys.co.uk/gol-ui/product/squeaky-bean-beechwood-smoked-salmon-style-slices-80g,,2024-08-20T23:54:34.212123-04:00
66-2717-DAI,Blue Dragon Thai Red Curry Meal Kit 253g,Blue,"Dairy, eggs & chilled",Special offers,,,£3.10,,£2.50,£1.23 / 100g,7985702.0,"Individual Sachets of Thai Red Curry Paste, Coconut Milk and Seasoning",100 g,https://assets.sainsburys-groceries.co.uk/gol/7985702/1/640x640.jpg,"Nutrient	Per 100 g	Per Serving
Energy	674kJ/ 161kcal	849kJ/ 203kcal
Fat	15g	19g
of which saturates	12g	15g
Carbohydrate	3.4g	4.3g
of which sugars	3.0g	3.8g
Fibre	2.4g	3.1g
Protein	2.0g	2.5g
Salt	0.93g	1.2g","Coconut Milk (79%) [Coconut Extract, Water, Stabiliser (E466)], Thai Red Curry Paste (20%) [Coconut Cream, Red Chillies (4.5%), Lemongrass (3%), Palm Sugar, Garlic (1%), Galangal (1%), Shallot (0.9%), Salt, Lime Peel, Coriander Powder, Yeast Extract, Colour (Paprika Extract), Antioxidant (Tocopherol-rich extract)], Seasoning (1%) [Dried Red Chillies (0.7%), Dried Lime Leaves (0.2%), Dried Sweet Basil (0.1%)]",https://www.sainsburys.co.uk/gol-ui/product/blue-dragon-3-step-thai-red-curry-253g,,2024-08-20T23:54:42.271964-04:00
66-2718-DAI,Mahi Bhut Jolokia Hot Pepper Sauce 165g,Mahi,"Dairy, eggs & chilled","Vegetarian, vegan & dairy free",Vegetarian,,£1.70,,,£1.03 / 100g,7574250.0,,,https://assets.sainsburys-groceries.co.uk/gol/7574250/1/640x640.jpg,"Nutrient	Per 100 g:
Energy	124 kJ / 29 kcal
Fat	<0.5 g
Of which Saturates	<0.1 g
Carbohydrates	4.7 g
Of which Sugars	1.4 g
Protein	<0.5 g
Salt	3.0 g","White Vinegar, Chilli Peppers, Ghost Peppers (5%), Modified Corn Starch, Salt, Citric Acid (Acidity Regulator), Mixed Spices (contains Mustard), Xanthan Gum (Stabiliser)",https://www.sainsburys.co.uk/gol-ui/product/mahi-bhut-jolokia-165g,,2024-08-20T23:55:00.643899-04:00
66-2719-DAI,"Sainsbury's Prawn Cocktail Sauce, Taste the Difference 200g (Serves 4)",Sainsbury's,"Dairy, eggs & chilled","Vegetarian, vegan & dairy free",Vegetarian,,£2.50,,,£1.25 / 100g,8087906.0,"A sauce made with double cream, crème fraiche, brandy and tomato purée",,https://assets.sainsburys-groceries.co.uk/gol/8087906/1/640x640.jpg,,,https://www.sainsburys.co.uk/gol-ui/product/sainsburys-prawn-cocktail-sauce-taste-the-difference-200g,,2024-08-20T23:55:22.074384-04:00
66-2720-DAI,Just Love Food Company Birthday Celebration Nut Free Cake (Serves 10),Just,"Dairy, eggs & chilled",Birthday & party cakes,,,£9.00,,,£9.00 / ea,8134301.0,"Sponge cake filled with vanilla flavoured frosting and a plum and raspberry jam, covered with soft icing and coloured icing decorations.",,https://assets.sainsburys-groceries.co.uk/gol/8134301/1/640x640.jpg,"Nutrient	Per 100g	Per 59g slice	% Adult RI Per slice
Energy	1636 KJ / 391Kcal	962 KJ / 230Kcal	12%
Fat	14g	8.3g	12%
(of which saturates)	4.8g	2.8g	14%
Carbohydrates	63.4g	37.4g	-
(of which sugars)	51g	30g	33%
Protein	2.2g	1.3g	-
Salt	0.4g	0.2g	4%","Sugar, Pasteurised Egg, Gluten Free Flour [Rice Flour, Potato Starch, Tapioca Starch, Maize Flour, Raising Agents (Mono Calcium Phosphate, Sodium Bicarbonate), Stabiliser (Xanthan Gum)], Cake Margarine [Palm Oil, Rapeseed Oil, Water, Salt, Flavouring], Plum & Raspberry Jam (6%) [Glucose Fructose Syrup, Plum Puree Concentrate, Sugar, Raspberry Puree, Acidity Regulators (Citric Acid, Tri-Sodium Citrate), Gelling Agent (Pectin), Preservative (Potassium Sorbate), Colour (Black Carrot), Natural Flavourings], Vegetable Oils (Rapeseed Oil, Palm Oil), Glucose Syrup, Water, Humectant (Vegetable Glycerine), Emulsifiers (Methyl Cellulose, Mono- and Diglycerides of Fatty Acids, Polyglycerol Esters of Fatty Acids, Acacia Gum), Flavourings, Stabilisers (Gum Tragacanth, Xanthan Gum), Pasteurised Egg White Powder, Raising Agents (Sodium Bicarbonate, Mono Calcium Phosphate), Corn Starch, Colours (Beetroot, Curcumin, Carotenes, Anthocyanin Extract, Spirulina Extract), Antioxidants (Citric Acid, Ascorbic Acid)",https://www.sainsburys.co.uk/gol-ui/product/just-love-food-company-nut-free-birthday-cake,,2024-08-20T23:55:35.234120-04:00
66-2721-DAI,Sainsbury's Large Florentine 43g,Sainsbury's,"Dairy, eggs & chilled",,,,£1.35,,,£1.35 / ea,8102438.0,Sweet sticky baked almonds with chewy cherries and a dark chocolate enrobed base,,https://assets.sainsburys-groceries.co.uk/gol/8102438/1/640x640.jpg,"Nutrient	per 100g	Per florentine:
Energy	2269kJ/ 544kcal	976kJ/ 234kcal
Fat	32.3g	13.9g
of which saturates	14.4g	6.2g
mono-unsaturates	12.5g	-
polyunsaturates	4.0g	-
Carbohydrate	52.2g	22.4g
of which sugars	40.3g	17.3g
starch	11.9g	-
Fibre	2.5g	-
Protein	9.8g	4.2g
Salt	0.05g	0.02g","Almonds (34%), Sugar, Glacé Cherries (14%) (Cherries, Glucose-Fructose Syrup, Sugar, Acidity Regulator: Citric Acid; Colour: Anthocyanins; Preservative: Sulphur Dioxide), Glucose Syrup, Palm Kernel Oil, Palm Oil, Fat Reduced Cocoa Powder, Dextrose, Whole Cows' Milk Powder, Emulsifier: Soya Lecithin, Flavouring",https://www.sainsburys.co.uk/gol-ui/product/sainsburys-large-florentine-43g,,2024-08-20T23:55:54.142879-04:00
66-2722-DAI,Desi Paneer Full Fat Cheese 226g,Desi,"Dairy, eggs & chilled","World foods, kosher & halal",Asian,,£2.20,,,£8.27 / kg,7551571.0,Paneer,,https://assets.sainsburys-groceries.co.uk/gol/7551571/1/640x640.jpg,"Nutrient	per 100g
Energy	1438kJ/ 347kcal
Fat	27.7g
of which saturates	17.4g
Carbohydrate	4.1g
of which Sugars	3.9g
Fibre	1.3g
Protein	20.9g
Salt	0.5g","Whole Milk, Acetic Acid, Citric Acid",https://www.sainsburys.co.uk/gol-ui/product/desi-paneer-full-fat-cheese-250g,,2024-08-20T23:56:07.291622-04:00
66-2723-DAI,Lancashire Farm Natural Whole Milk Bio Yogurt 1kg,Lancashire,"Dairy, eggs & chilled","World foods, kosher & halal",Asian,,£2.25,,,23p / 100g,7561397.0,Now made with free range milk,,https://assets.sainsburys-groceries.co.uk/gol/7561397/1/640x640.jpg,"Nutrient	Per 100g		Per 100g
Energy	338kJ/ 80kcal
Fat	3.5g
of which saturates	2.0g
Mono-unsaturates	1.1g
Polyunsaturates	0.2g
Carbohydrate	7.0g
of which sugars	3.7g
Protein	5.2g
Fibre	<0.5g
Salt	0.2g
Calcium	0.2g","Whole Milk Yogurt (Milk), Contains Pasteurised Cow's Milk",https://www.sainsburys.co.uk/gol-ui/product/lancashire-farm-probiotic-whole-milk-1kg,,2024-08-20T23:56:20.442295-04:00
66-2724-DAI,Sokolow Sopocka Loin Slices 100g,Sokolow,"Dairy, eggs & chilled",Special offers,,,£1.45,,£1.30,£1.45 / 100g,7824134.0,"Cooked, cured and smoked, formed and sliced pork loin with added pork protein and water.",,https://assets.sainsburys-groceries.co.uk/gol/7824134/1/640x640.jpg,"Nutrient	per 100 g:
Energy	411 kJ/ 97 kcal
Fat	2.6 g
of which saturates	1.0 g
Carbohydrate	1.0 g
of which sugars	0.6 g
Protein	18 g
Salt	2.2 g","Pork Loin (81%), Water, Salt, Stabilisers: Sodium Citrate, Triphosphates, Pork Collagen Protein, Glucose, Antioxidant: Sodium Isoascorbate, Flavouring, Preservative: Sodium Nitrite",https://www.sainsburys.co.uk/gol-ui/product/sokolow-sopocka-loin-slices-100g,,2024-08-20T23:56:28.303346-04:00
66-2725-DAI,Pakeeza Mango Lassi 1kg,Pakeeza,"Dairy, eggs & chilled","World foods, kosher & halal",Asian,,£3.75,,,38p / 100g,7577361.0,"Cool, creamy and bursting with exotic mango, our lassi is a tremendously thick and seriously smooth yogurt drink made with an authentic, traditional recipe.",,https://assets.sainsburys-groceries.co.uk/gol/7577361/1/640x640.jpg,"Nutrient	per 100g
Energy	380kJ/ 90kcal
Fat	3.0g
of which saturates	1.86g
Mono-unsaturates	0.86g
Polyunsaturates	0.15g
Carbohydrate	13.5g
of which sugars	12.7g
Fibre	<0.5g
Protein	2.31g
Salt	0.02g","Whole Milk Natural Yogurt (Milk), Mango Pulp, Sugar, Colour: Beta Carotenes",https://www.sainsburys.co.uk/gol-ui/product/pakeeza-mango-lassi-1kg,,2024-08-20T23:56:41.297511-04:00
66-2726-DAI,Mlekpol Krolewski Z Kolna Cheese Slices 150g,Mlekpol,"Dairy, eggs & chilled","World foods, kosher & halal",Eastern European,,£1.55,,,£10.33 / kg,6906526.0,High Calcium Content,,https://assets.sainsburys-groceries.co.uk/gol/6906526/1/640x640.jpg,"Nutrient	per 100 g of product		per 100 g of product
Energy	1441 kJ/ 347 kcal
Fat	27 g
- saturates	17 g
Carbohydrates	0 g
- sugars	0 g
Protein	26 g
Salt	1,3 g
Calcium	820 mg (103 % RWS*)","Milk, Salt, Milk Bacterial Cultures, Stabilizer: Calcium Chloride",https://www.sainsburys.co.uk/gol-ui/product/miekpol-krolewski-cheese-150g,,2024-08-20T23:56:54.439408-04:00
66-2727-DAI,Henna Very Low Fat Yogurt 1kg,Henna,"Dairy, eggs & chilled","World foods, kosher & halal",Asian,,£1.85,,,19p / 100g,7551606.0,Made with British milk,,https://assets.sainsburys-groceries.co.uk/gol/7551606/1/640x640.jpg,"Nutrient	per 100g		per 100g
Energy	177kJ / 42kcal
Fat	0.2g
of which saturates	0.11g
Mono-Unsaturates	0.07g
Polyunsaturates	0.02g
Carbohydrate	6.4g
of which sugars	3.0g
Fibre	<0.5g
Protein	3.63g
Salt	0.14g
Calcium	0.15g",Cows Milk (Milk) Bio Live Cultures,https://www.sainsburys.co.uk/gol-ui/product/henna-very-low-fat-yoghurt-1kg,,2024-08-20T23:57:07.596438-04:00
66-2728-DAI,Regal Bakery Coconut Sprits Cookie Rings 350g,Regal,"Dairy, eggs & chilled",Special offers,,,£2.00,,,57p / 100g,7953113.0,Coconut Sprits Cookie Rings,,https://assets.sainsburys-groceries.co.uk/gol/7953113/1/640x640.jpg,,"Wheat Flour, Sugar, Palm Fat, 13% Desiccated Coconut, Salt, Soy Flour, Skimmed Milk Powder, Glucose-Fructose Syrup, Lemon Peel, Natural Flavouring, Flavouring, Raising Agents (Sodium Hydrogen Carbonate, Ammonium Bicarbonate), Emulsifier (Lecithins (Soy))",https://www.sainsburys.co.uk/gol-ui/product/regal-bakery-coconut-sprits-cookie-rings-350g,,2024-08-20T23:57:20.540093-04:00
66-2729-DAI,Tarczynski Poultry Kabanos 105g,Tarczynski,"Dairy, eggs & chilled","World foods, kosher & halal",Eastern European,,£2.45,,,£2.33 / 100g,7823915.0,Poultry Kabanos Exclusive with Pork.,,https://assets.sainsburys-groceries.co.uk/gol/7823915/1/640x640.jpg,"Nutrient	per 100g
Energy	2204 kJ/ 532 kcal
Fat	45 g
- of which saturates	17 g
Carbohydrate	3,4 g
- of which sugars	1,3 g
Protein	27 g
Salt	2,1 g","Poultry Meat (Chicken Meat, Turkey Meat), Pork Meat, Pork Fat, Starch, Salt, Spices, Spices Extracts, Flavourings, Pork Protein, Sugar, Antioxidant: Sodium Ascorbate, Preservative Sodium Nitrite. Edible Casing - Gelling Agent: Sodium Alginate, Stabilisers, Cellulose, Calcium Chloride",https://www.sainsburys.co.uk/gol-ui/product/tarczynski-poultry-kabanos-120g,,2024-08-20T23:57:33.604486-04:00
66-2730-DAI,Oshee Vitamin Energy Orange Flavour Sparkling Drink 250ml,Oshee,Drinks,,,250ML,60p,,,24p / 100ml,7827265.0,Orange flavour sparkling drink with addition of vitamins and minerals.,,https://assets.sainsburys-groceries.co.uk/gol/7827265/1/640x640.jpg,"Nutrient	per 100 ml	per 250 ml (portion)		per 100 ml	per 250 ml (portion)
Energy	84 kJ/ 20 kcal	210 kJ/ 50 kcal
Fat	0 g	0 g
of which saturates	0 g	0 g
Carbohydrate	4,6 g	11,5 g
of which sugars	4,5 g	11,3 g
Protein	0 g	0 g
Salt	0,09 g	0,23 g
Niacin	6,4 mg (40%*)	16 mg (100%*)
Biotin	20 µg (40%*)	50 µg (100%*)
Zinc	4 mg (40%*)	10 mg (100%*)
Selenium	22 µg (40%*)	55 µg (100%*)","Water, Apple Juice from Concentrate (20%), Sugar, Carbon Dioxide, Acid: Citric Acid, Acidity Regulator: Sodium Citrates, Natural Flavours, Zinc Gluconate, Sodium Selenite, Antioxidant: Ascorbic Acid, Colour: Carotenes, Vitamins: Niacin, Biotin",https://www.sainsburys.co.uk/gol-ui/product/oshee-vitamin---mineral-energy-drink-250ml,,2024-08-19T21:39:39.980155-04:00
66-2731-DAI,Sokołów Nordic Style Bacon in Block 480g,Sokołów,"Dairy, eggs & chilled","World foods, kosher & halal",Eastern European,,£5.30,,,£11.04 / kg,8015798.0,"Cooked & smoked, formed pork belly with spices.",,https://assets.sainsburys-groceries.co.uk/gol/8015798/1/640x640.jpg,"Nutrient	per 100 g:
Energy	1100 kJ/ 265 kcal
Fat	22 g
of which saturates	9.0 g
Carbohydrate	0.8 g
of which sugars	<0.5 g
Protein	16 g
Salt	1.9 g","Pork Belly Boneless & Skinless (92%), Salt, Pork Gelatin, Spices and Spices Extracts, Soya Protein, Stabilisers: Triphosphates, Carrageenan, Flavor Enhancer: Monosodium Glutamate, Oat Fiber (Gluten Free), Pork Collagen Protein, Antioxidant: Sodium Isoascorbate, Flavourings, Glucose, Maltodextrin, Acidity Regulator: Citric Acid, Preservative: Sodium Nitrite",https://www.sainsburys.co.uk/gol-ui/product/sokolow-nordic-bacon-480g,,2024-08-20T23:57:46.993791-04:00
66-2732-DAI,Royal Rassogulla 6 Pieces 500g,Royal,"Dairy, eggs & chilled",Special offers,,,£4.00,,,80p / 100g,8098955.0,Soft Milk Cheesy Dumplings in Sweet Syrup,,https://assets.sainsburys-groceries.co.uk/gol/8098955/1/640x640.jpg,"Nutrient	as sold Per 100g
Energy kJ	722
kcal	173
Fat (g)	11.3
of which saturates (g)	7.78
Carbohydrate (g)	10.6
of which sugars (g)	7.5
Fibre (g)	<0.25
Protein (g)	7.3
Salt (g)	0.16","Milk (53%), Sugar (16%), Water, Spirit Vinegar, Fortified Wheat Flour (Wheat Flour, Calcium Carbonate, Iron, Niacin, Thiamin)",https://www.sainsburys.co.uk/gol-ui/product/royal-rassogulla-6-pieces-500g,,2024-08-20T23:58:00.233354-04:00
66-2733-DAI,Grace Aloe Vera Water Natural 1.5L,Grace,Drinks,"World foods, kosher & halal",African & Caribbean,1.5L,£3.30,,,22p / 100ml,7709634.0,Aloe vera drink with sugar and sweetener: original flavour.,,https://assets.sainsburys-groceries.co.uk/gol/7709634/1/640x640.jpg,"Nutrient	Per 100ml		Per 100ml
Energy	81kJ / 19kcal
Fat	0g
of which saturates	0g
Carbohydrate	4.8g
of which sugars	4.7g
Protein	0g
Salt	0.04g
Vitamin C	26mg (32%)*","Water, Aloe Vera (30%), Cane Sugar, Acidity Regulator: Malic Acid, Natural Grape Flavour, Stabiliser: Calcium Lactate, Gellan Gum, Vitamin C, Trehalose*, Sweetener: Sucralose, *Trehalose is a source of Glucose",https://www.sainsburys.co.uk/gol-ui/product/grace-aloe-vera-water-natural-15l,,2024-08-20T01:45:15.057786-04:00
