idx,name,brand,aisle,subaisle,subsubaisle,size,price,multi_price,old_price,pricePerUnit,itemNum,description,serving,img_urls,item_label,item_ingredients,url,pack,timeStamp
67-1-DRI,Monster Energy Drink Aussie Style Lemonade 4x500ml,Monster,Drinks,Special offers,,500ML,£6.00,4 for £6.00,£5.25,30p / 100ml,8155628,"Carbonated Energy Drink with 2% Lemon Juice from Lemon Juice Concentrate, Taurine, Caffeine, L-Carnitine and B Vitamins with Sugars and Sweetener.",100ml,https://assets.sainsburys-groceries.co.uk/gol/8155628/1/640x640.jpg,"Per 100ml: Per 500ml (%*):
Energy: 177kJ/
(42kcal) 883kJ/
(208kcal) (10%)
Carbohydrate: 11g 53g (20%)
Of which sugars: 9.7g 48g (54%)
Salt: 0.08g 0.4g (7%)
Fat, saturates, protein - negligible amount
*Reference intake of an average adult (8400kJ/2000kcal)
** Daily Reference Intake","Carbonated Water, Sucrose, Lemon Juice from Concentrate (2%), Glucose Syrup, Acids (Citric Acid, Malic Acid), Taurine (0.4%), Flavourings, Acidity Regulators (Sodium Citrates, Potassium Citrates), Caffeine (0.03%), Preservative (Potassium Sorbate), Vitamins (B3, B6, B2, B12), L-Carnitine L-Tartrate (0.004%), Sweetener (Sucralose), Inositol",https://www.sainsburys.co.uk/gol-ui/product/monster-energy-drink-aussie-style-lemonade-4x500ml,4 x 4x500ml,2024-08-16T21:33:31.089676-04:00
67-2-DRI,Cravendale Filtered Fresh Semi Skimmed Milk 2L Fresher for Longer,Cravendale,Drinks,Dairy & chilled essentials,,2L,£2.30,,£2.75,£1.15 / ltr,3216620,"Pasteurised, homogenised, semi-skimmed, fresh filtered milk",100ml,https://assets.sainsburys-groceries.co.uk/gol/3216620/1/640x640.jpg,"per 100ml
Energy 206kJ/
49kcal
Fat 1.7g
of which saturates 1.0g
Carbohydrate 4.8g
of which sugars 4.8g
Protein 3.6g
Salt 0.1g
Phosphorous 97mg (14% RI†)
†RI: Reference intakes of an average adult",,https://www.sainsburys.co.uk/gol-ui/product/cravendale-purefilter-semi-skimmed-milk-2l,,2024-08-16T21:33:44.567236-04:00
67-4-DRI,Sainsbury's Pure Apple Juice 1L,Sainsbury's,Drinks,Juice & smoothies,All juice & smoothies,1L,£1.35,,£2.50,14p / 100ml,100861,Apple juice from concentrate,100ml,https://assets.sainsburys-groceries.co.uk/gol/100861/1/640x640.jpg,"Typical Values Per 100ml  Per 150ml serving  % based on RI for Average Adult
Energy 193kJ 290kJ -
46kcal 68kcal 3%
Fat <0.5g <0.5g -
Saturates <0.1g <0.1g -
Carbohydrate 10.5g 15.7g 6%
Sugars 9.2g 13.8g 15%
Starch 1.3g 2.0g -
Fibre <0.5g <0.5g -
Protein <0.5g <0.5g -
Salt 0.06g 0.09g 2%",,https://www.sainsburys.co.uk/gol-ui/product/sainsburys-pure-apple-juice-1l,,2024-08-16T21:34:05.189921-04:00
67-5-DRI,Nescafé Azera Americano Instant Coffee 90g,Nescafé,Drinks,Special offers,,,£6.50,,£3.50,£7.22 / 100g,7620344,Soluble coffee with finely ground roasted coffee,,https://assets.sainsburys-groceries.co.uk/gol/7620344/1/640x640.jpg,,"Soluble Coffee, Roast and Ground Coffee (5%)",https://www.sainsburys.co.uk/gol-ui/product/nescaf%C3%A9-azera-americano-instant-coffee-100g,,2024-08-16T21:34:17.704035-04:00
67-6-DRI,Arla Bob Skimmed Milk Tastes like Semi Skimmed 2L,Arla,Drinks,Dairy & chilled essentials,,2L,£2.30,,£2.25,£1.15 / ltr,7787579,"Fresh skimmed milk, enriched with protein. Filtered, standardised, homogenised and pasteurised.",10,https://assets.sainsburys-groceries.co.uk/gol/7787579/1/640x640.jpg,"Per 100ml Per 200ml
Energy 176kJ/
41kcal 351kJ/
83kcal
Fat 0.4g 0.8g
of which saturates 0.1g 0.2g
Carbohydrate 4.9g 9.8g
of which sugars 4.9g 9.8g
Protein 4.6g 9.1g
Salt 0.11g 0.23g
†RI = Reference Intake of an average adult
Contains 10 servings",,https://www.sainsburys.co.uk/gol-ui/product/arla-best-of-both-milk-2l,,2024-08-16T21:34:30.628094-04:00
67-7-DRI,Cravendale Filtered Fresh Whole Milk 2L Fresher for Longer,Cravendale,Drinks,Dairy & eggs,Milk,2L,£2.30,,£2.75,£1.15 / ltr,3216613,"Pasteurised, homogenised, standardised, whole, fresh filtered milk",100ml,https://assets.sainsburys-groceries.co.uk/gol/3216613/1/640x640.jpg,"per 100ml
Energy 271kJ/
65kcal
Fat 3.6g
of which saturates 2.3g
Carbohydrate 4.7g
of which sugars 4.7g
Protein 3.4g
Salt 0.1g
Phosphorous 99mg (14% RI†)
†RI: Reference intakes of an average adult",,https://www.sainsburys.co.uk/gol-ui/product/cravendale-purefilter-whole-milk-2l,,2024-08-16T21:34:43.572751-04:00
67-8-DRI,Sainsbury's Pure Orange Juice 1L,Sainsbury's,Drinks,Juice & smoothies,All juice & smoothies,1L,£1.75,,£2.50,18p / 100ml,332965,Orange juice from concentrate,100ml,https://assets.sainsburys-groceries.co.uk/gol/332965/1/640x640.jpg,"Typical Values Per 100ml  Per 150ml serving  % based on RI for Average Adult
Energy 176kJ 264kJ -
42kcal 62kcal 3%
Fat <0.5g <0.5g -
Saturates <0.1g <0.1g -
Mono-unsaturates <0.1g <0.1g -
Polyunsaturates <0.1g <0.1g -
Carbohydrate 8.6g 12.8g 5%
Sugars 8.0g 12.0g 13%
Starch 0.6g 0.8g -
Fibre <0.5g <0.5g -
Protein 0.6g 0.9g 2%
Salt 0.08g 0.11g 2%",,https://www.sainsburys.co.uk/gol-ui/product/sainsburys-pure-orange-juice-1l,,2024-08-16T21:34:55.806558-04:00
67-9-DRI,La Vieille Ferme Rosé 75cl,La,Drinks,Special offers,,,£7.00,,£8.50,£7.00 / 75cl,8060408,Rosé Wine,,https://assets.sainsburys-groceries.co.uk/gol/8060408/1/640x640.jpg,,,https://www.sainsburys.co.uk/gol-ui/product/la-vieille-ferme-750ml,,2024-08-16T21:35:13.739396-04:00
67-11-DRI,Yorkshire Tea Bags x240,Yorkshire,Drinks,Special offers,,,£6.30,,£6.00,84p / 100g,2668789,Black tea.,,https://assets.sainsburys-groceries.co.uk/gol/2668789/1/640x640.jpg,,Black Tea,https://www.sainsburys.co.uk/gol-ui/product/yorkshire-everyday-tea-bags-x240,,2024-08-16T21:35:38.444285-04:00
67-12-DRI,Bombay Sapphire London Dry Gin 100cl,Bombay,Drinks,Special offers,,,£30.00,,£21.00,£30.00 / ltr,3355909,Distilled London Dry Gin,0 g,https://assets.sainsburys-groceries.co.uk/gol/3355909/1/640x640.jpg,"Per 100ml
Energy (kJ) 920 kJ
Energy (kcal) 220 kcal
Fat 0 g
Saturated Fat 0 g
Carbohydrates 0 g
Sugar 0 g
Protein 0 g
Salt 0 g",,https://www.sainsburys.co.uk/gol-ui/product/bombay-sapphire-gin-1l,,2024-08-16T21:35:50.302768-04:00
67-13-DRI,Gordon's London Dry Gin 1L,Gordon's,Drinks,Special offers,,1L,£24.00,,£19.00,£24.00 / ltr,2436555,"ABOUT - Created in London by Scotsman Alexander Gordon in 1769, Gordon's London Dry Gin is known and loved worldwide. This classic award-winning gin has earned its reputation as 'the ginniest of gins'.",,https://assets.sainsburys-groceries.co.uk/gol/2436555/1/640x640.jpg,,GIN,https://www.sainsburys.co.uk/gol-ui/product/gordons-dry-gin-1l,,2024-08-16T21:36:02.168353-04:00
67-14-DRI,Alpro Almond Milk No Sugars Long Life Dairy Alternative 1L,Alpro,Drinks,Dairy & eggs,Dairy free,1L,£2.10,,£1.50,£2.10 / ltr,7595669,Almond drink with added calcium and vitamins.,100 ml,https://assets.sainsburys-groceries.co.uk/gol/7595669/1/640x640.jpg,"per 100 ml
Energy 56 kJ /
13 kcal
Fat 1.1 g
of which Saturates 0.1 g
Carbohydrate 0 g
of which Sugars 0 g
Fibre 0.3 g
Protein 0.4 g
Salt 0.14 g
D2 0.75 µg*
E 1.8 mg*
B12 0.38 µg*
Minerals:
* = 15% of the nutrient reference values","Water, Almond (2.3%), Calcium (Tri-Calcium Phosphate), Sea Salt, Stabilisers (Locust Bean Gum, Gellan Gum), Emulsifier (Lecithins), Vitamins B2, B12, E, D2",https://www.sainsburys.co.uk/gol-ui/product/alpro-almond-milk--unsweetened-uht-1l,,2024-08-16T21:36:09.789231-04:00
67-15-DRI,Cravendale Filtered Fresh Skimmed Milk Fresher for Longer 2L,Cravendale,Drinks,Dairy & chilled essentials,,2L,£2.30,,£2.25,£1.15 / ltr,3419625,"Pasteurised, skimmed, fresh filtered milk",100ml,https://assets.sainsburys-groceries.co.uk/gol/3419625/1/640x640.jpg,"per 100ml
Energy 156kJ/
37kcal
Fat 0.3g
of which saturates 0.1g
Carbohydrate 4.9g
of which sugars 4.9g
Protein 3.6g
Salt 0.1g
Phosphorous 99mg (14% RI†)
†RI: Reference intakes of an average adult",,https://www.sainsburys.co.uk/gol-ui/product/cravendale-skimmed-milk-2l,,2024-08-16T21:36:22.923560-04:00
67-16-DRI,Robinsons Double Strength No Added Sugar Squash Apple & Blackcurrant Squash 1.75L,Robinsons,Drinks,Special offers,,1.75L,£3.50,,£2.50,20p / 100ml,7432112,Concentrated Low Calorie Apple and Blackcurrant Soft Drink with Sweeteners.,70,https://assets.sainsburys-groceries.co.uk/gol/7432112/1/640x640.jpg,"Per 100ml Diluted† Per 250ml Diluted†
Energy 8kJ/
2kcal 20kJ/
5kcal
Salt 0.02g 0.05g
Contains negligible amounts of fat, saturates, carbohydrate, sugars and protein
†Dilute 1 part concentrate with 9 parts water. It is important to add extra water if given to toddlers
Bottle contains 70 servings","Water, Fruit Juices from Concentrate (Apple 18%, Blackcurrant 2%), Acids (Citric Acid, Malic Acid), Natural Colour (Anthocyanins), Natural Flavouring, Acidity Regulator (Sodium Citrate), Sweeteners (Acesulfame K, Sucralose), Preservatives (Potassium Sorbate, Sodium Metabisulphite), Stabiliser (Cellulose Gum)",https://www.sainsburys.co.uk/gol-ui/product/robinsons-double-concentrate-apple---blackcurrant-squash--no-added-sugar-175l,,2024-08-16T21:36:30.717987-04:00
67-17-DRI,Yeo Valley Organic Fresh Whole Milk 2L,Yeo,Drinks,Dairy & eggs,Milk,2L,£2.50,,£2.25,£1.25 / ltr,6483740,"Standardised, Homogenised, Pasteurised, Organic Whole Milk",100ml,https://assets.sainsburys-groceries.co.uk/gol/6483740/1/640x640.jpg,"Per 100ml
Energy 273kJ/
65kcal
Fat 3.7g
of which saturates 2.4g
Carbohydrate 4.7g
of which sugars 4.7g
Protein 3.5g
Salt 0.11g
RI† = Reference Intake",,https://www.sainsburys.co.uk/gol-ui/product/yeo-valley-organic-whole-milk-2l,,2024-08-16T21:36:43.618150-04:00
67-20-DRI,Arla Lactofree Semi Skimmed Milk Drink 1L,Arla,Drinks,Dairy & chilled essentials,,1L,£1.85,,£1.50,£1.85 / ltr,6372891,Lactose Free Pasteurised Homogenised Semi Skimmed Filtered Milk Drink,5,https://assets.sainsburys-groceries.co.uk/gol/6372891/1/640x640.jpg,"Per 100ml Per 200ml
Energy 160kJ /
38kcal 320kJ /
76kcal
Fat 1.5g 3.1g
of which saturates 1.0g 1.9g
Carbohydrate 2.6g 5.3g
of which sugars 2.6g 5.2g
Protein 3.4g 6.9g
Salt 0.07g 0.14g
+Reference intake
Contains 5 servings","Semi Skimmed Milk, Lactase Enzym",https://www.sainsburys.co.uk/gol-ui/product/arla-lactofree-fresh-semi-skimmed-dairy-drink-1l,,2024-08-16T21:37:05.485395-04:00
67-21-DRI,J2O Orange & Passion Fruit 4x275ml,J2O,Drinks,Special offers,,275ML,£4.50,4 for £4.50,£3.00,41p / 100ml,3954676,Orange and Passion Fruit Soft Drink with Sugar and Sweftener,100ml,https://assets.sainsburys-groceries.co.uk/gol/3954676/1/640x640.jpg,"Per 100ml
Energy 81kJ/
19kcal
Carbohydrate 4.1g
of which sugars 4.0g
Contains negligible amounts of fat, saturates, protein and salt",,https://www.sainsburys.co.uk/gol-ui/product/j2o-orange---passion-fruit-4x275ml,4 x 4x275ml,2024-08-16T21:37:17.723239-04:00
67-23-DRI,Tropicana Pure Smooth Orange Fruit Juice 1.5L,Tropicana,Drinks,Dairy & chilled essentials,,1.5L,£4.00,,£3.00,27p / 100ml,7553216,Smooth Orange Juice,10,https://assets.sainsburys-groceries.co.uk/gol/7553216/1/640x640.jpg,"Per 100ml Per 150ml %**
Energy 172kJ/
40kcal 258kJ/
61kcal 3%
Fat 0g 0g 0%
of which saturates 0g 0g 0%
Carbohydrate 9.3g 14g -
of which sugars✝ 8.6g 13g 14%
Fibre 0g 0g -
Protein 0.8g 1.2g -
Salt 0g 0g 0%
✝ Contains naturally occurring sugars
**Reference Intake of an average adult (8400kJ/2000kcal)
1 serving = 150mL. This pack contains 10 servings",Orange Juice,https://www.sainsburys.co.uk/gol-ui/product/tropicana-smooth-orange-juice-175l,,2024-08-16T21:37:33.018076-04:00
67-24-DRI,Robinsons Double Strength No Added Sugar Squash Orange 1.75L,Robinsons,Drinks,Special offers,,1.75L,£3.50,,£2.50,20p / 100ml,7432110,Concentrated Low Calorie Whole Orange Soft Drink with Sweeteners.,70,https://assets.sainsburys-groceries.co.uk/gol/7432110/1/640x640.jpg,"Per 100ml Diluted† Per 250ml Diluted†
Energy 5kJ/
1kcal 13kJ/
3kcal
Salt 0.03g 0.08g
Contains negligible amounts of fat, saturates, carbohydrate, sugars and protein
†Dilute 1 part concentrate with 9 parts water. It is important to add extra water if given to toddlers
Bottle contains 70 Servings","Water, Orange Fruit from Concentrate (20%), Acid (Citric Acid), Acidity Regulator (Sodium Citrate), Natural Orange Flavouring with other Natural Flavourings, Sweeteners (Acesulfame K, Sucralose), Stabilisers (Cellulose Gum, Sucrose Acetate Isobutyrate), Preservatives (Potassium Sorbate, Sodium Metabisulphite), Emulsifier (Glycerol Esters of Wood Rosins), Natural Colour (Carotenes)",https://www.sainsburys.co.uk/gol-ui/product/robinsons-double-strength-no-added-sugar-squash-orange-175l,,2024-08-16T21:37:40.241303-04:00
67-25-DRI,Califia Farms Oat Drink Barista Blend 1L,Califia,Drinks,Dairy & eggs,Dairy free,1L,£2.10,,£1.50,£2.10 / ltr,8005278,UHT Oat Drink with Added Calcium,240 ml,https://assets.sainsburys-groceries.co.uk/gol/8005278/1/640x640.jpg,"Per 100 ml Per portion 240 ml
Energy (kJ) 226 543
Energy (kcal) 54 130
Fat 2,9 g 7,0 g
of which saturates 0,2 g 0,5 g
Carbohydrate 5,8 g 13,9 g
** of which sugars 2,8 g 6,7 g
Fibre 0,8 g 1,9 g
Protein 0,8 g 1,9 g
Salt 0,12 g 0,29 g
Reference Intake (RI) of an average adult (8400kJ/2000kcal)
Contains approximately 4 portions
Servings per package: 4, Serving size: 240 ml
** Naturally Occurring Sugars","Oat Drink (Water, Oats (10%)), Rapeseed Oil, Acidity Regulator (Dipotassium Phosphate), Calcium Carbonate, Tricalcium Phosphate, Sea Salt",https://www.sainsburys.co.uk/gol-ui/product/califia-farms-oat-barista-blend-1l,,2024-08-16T21:37:47.562434-04:00
67-26-DRI,Robinsons Fruit & Barley Summer Fruits Squash No Added Sugar 1L,Robinsons,Drinks,Special offers,,1L,£2.15,,£1.25,22p / 100ml,2666105,"Concentrated Low Calorie Summer Fruits Soft Drink with Barley, Sweeteners and Vitamins.",20,https://assets.sainsburys-groceries.co.uk/gol/2666105/1/640x640.jpg,"Per 100ml Diluted† %RI** Per 250ml Diluted† %RI**
Energy 10kJ/
2kcal - 25kJ/
5kcal -
Salt 0.03g - 0.08g -
Contains negligible amounts of fat, saturates, carbohydrate, sugars and protein
*Reference intake of an average adult (8400kJ/2000kcal)
**Reference Intake
Bottle contains 20 servings","Water, Fruit Juices from Concentrate 10% (Apple 9%, Strawberry 0.3%, Plum, Blackcurrant, Cherry 0.1%), Acids (Citric Acid, Malic Acid), Refined Barley Flour (1%), Acidity Regulator (Sodium Citrate), Sweeteners (Acesulfame K, Sucralose), Preservatives (Potassium Sorbate, Sodium Metabisulphite), Vitamins (C, Niacin, B6, D), Natural Flavouring, Carrot Concentrate, Natural Colour (Anthocyanins)",https://www.sainsburys.co.uk/gol-ui/product/robinsons-squash-fruit---barley--summer-fruits-1l,,2024-08-16T21:37:54.997566-04:00
67-28-DRI,Pimm's 1L,Pimm's,Drinks,Special offers,,1L,£22.00,,£13.00,£22.00 / ltr,2686448,"ABOUT - Pimm's No.1 is a fruity and refreshing gin-based spirit made from a closely guarded recipe that infuses gin with a delicate combination of botanicals, caramelised orange and warm spices.",,https://assets.sainsburys-groceries.co.uk/gol/2686448/1/640x640.jpg,,"ALCOHOL, FLAVOUR(S), CARAMEL, GIN, LIQUEUR, SUGAR(S)",https://www.sainsburys.co.uk/gol-ui/product/pimms-1l,,2024-08-16T21:38:15.781236-04:00
67-30-DRI,Bottlegreen Elderflower Cordial 500ml,Bottlegreen,Drinks,Mixers & adult soft drinks,Cordials,500ML,£4.25,,£3.00,85p / 100ml,3752166,Elderflower Cordial.,0g,https://assets.sainsburys-groceries.co.uk/gol/3752166/1/640x640.jpg,"Per 100ml when diluted 1 part cordial with 15 parts water
Energy 77kj/
18kcal
Fat 0g
of which saturates 0g
Carbohydrate 4.4g
of which sugars 4.4g
Protein 0g
Salt 0g","Sugar, Cotswold Spring Water, Elderflowers, Citric Acid, Natural Flavourings",https://www.sainsburys.co.uk/gol-ui/product/bottlegreen-elderflower-cordial-500ml,,2024-08-16T21:38:30.433602-04:00
67-33-DRI,Nescafé Gold Blend Instant Coffee 200g,Nescafé,Drinks,Special offers,,,£7.60,,£6.15,£3.80 / 100g,2035475,Freeze-dried soluble coffee with finely ground roasted coffee,,https://assets.sainsburys-groceries.co.uk/gol/2035475/1/640x640.jpg,,"Soluble Coffee, Roast and Ground Coffee (3%)",https://www.sainsburys.co.uk/gol-ui/product/nescaf%C3%A9-gold-blend-instant-coffee-200g,,2024-08-16T21:38:58.859430-04:00
67-34-DRI,Robinsons Fruit & Barley Apple & Pear Squash No Added Sugar 1L,Robinsons,Drinks,Special offers,,1L,£2.15,,£1.25,22p / 100ml,6405725,"Concentrated Low Calorie Apple and Pear Soft Drink with Barley, Sweeteners and Vitamins.",20,https://assets.sainsburys-groceries.co.uk/gol/6405725/1/640x640.jpg,"Per 100ml Diluted† %RI** Per 250ml Diluted† %RI**
Energy 10kJ/
2kcal - 25kJ/
5kcal -
Salt 0.03g - 0.08g -
Contains negligible amounts of fat, saturates, carbohydrate, sugars and protein.
*Reference intake of an average adult (8400kJ/2000kcal)
**Reference Intake
Bottle contains 20 servings
†Dilute 1 part concentrate with 4 parts water.","Water, Fruit Juices from Concentrate (Apple 6%, Pear 4%), Acids (Citric Acid, Malic Acid), Refined Barley Flour (1%), Acidity Regulator (Sodium Citrate), Natural Flavourings, Sweeteners (Acesulfame K, Sucralose), Preservatives (Potassium Sorbate, Sodium Metabisulphite), Vitamins (C, Niacin, B6, D)",https://www.sainsburys.co.uk/gol-ui/product/robinsons-squash-fruit---barley--apple---pear-1l,,2024-08-16T21:39:06.690122-04:00
67-36-DRI,Smirnoff Red Label Vodka 1L,Smirnoff,Drinks,Special offers,,1L,£24.00,,£19.00,£24.00 / ltr,2154251,"ABOUT - Smirnoff No. 21 is a smooth and flawless vodka, made to the specifics of Recipe No. 21 which was developed circa 1917 by Vladimir Smirnov. Popularly refered to as Red Label, this pure grain vodka is triple distilled and charcoal-filtered ten times to remove any impurities. It is the world's best-selling vodka and ideal for mixing or making cocktails.",,https://assets.sainsburys-groceries.co.uk/gol/2154251/1/640x640.jpg,,VODKA,https://www.sainsburys.co.uk/gol-ui/product/smirnoff-red-label-vodka-1l,,2024-08-16T21:39:26.396970-04:00
67-37-DRI,Robinsons Fruit & Barley Peach Squash No Added Sugar 1L,Robinsons,Drinks,Special offers,,1L,£2.15,,£1.25,22p / 100ml,2666082,"Concentrated Low Calorie Peach Soft Drink with Barley, Sweeteners and Vitamins.",20,https://assets.sainsburys-groceries.co.uk/gol/2666082/1/640x640.jpg,"Per 100ml Diluted† %RI** Per 250ml Diluted† %RI**
Energy 10kJ/
2kcal - 25kJ/
5kcal -
Salt 0.03g - 0.08g -
Contains negligible amounts of fat, saturates, carbohydrate, sugars and protein
†Dilute 1 Part Concentrate with 4 Parts Water
**Reference Intake
Bottle contains 20 servings","Water, Peach Juice from Concentrate (10%), Acids (Citric Acid, Malic Acid), Refined Barley Flour (1%), Acidity Regulator (Sodium Citrate), Sweeteners (Acesulfame K, Sucralose), Natural Flavouring, Preservatives (Potassium Sorbate, Sodium Metabisulphite), Vitamins (C, Niacin, B6, D), Natural Colours (Carotenes, Anthocyanins)",https://www.sainsburys.co.uk/gol-ui/product/robinsons-squash-fruit---barley--peach-1l,,2024-08-16T21:39:33.955418-04:00
67-38-DRI,Lipton Ice Tea Peach Flavoured Still Soft Drink 1.25L,Lipton,Drinks,Discover,Win with Lipton,1.25L,£2.25,,£1.50,18p / 100ml,7312075,Still Soft Drink with Tea Extract and Peach Juice with Sugars and Sweetener.,100 ml,https://assets.sainsburys-groceries.co.uk/gol/7312075/1/640x640.jpg,"Per 100 ml Per 250 ml % per 250 ml*
Energy 56 kJ/
13 kcal 141 kJ/
34 kcal 2 %
Fat 0 g 0 g 0 %
- of which saturates 0 g 0 g 0 %
Carbohydrate 3.1 g 7.8 g 3 %
- of which sugars 3.0 g 7.5 g 8 %
Protein 0 g 0 g 0 %
Salt 0.03 g 0.08 g 1 %
* Reference intake of an average adult (8400kJ/2000kcal)
1 portion = 250 ml (Pack contains 5 portions)","Water, Sugars (Sucrose, Fructose), Acids (Malic Acid, Citric Acid), Black Tea Extract (0.12%), Peach Juice from Concentrate (0.1%), Acidity Regulator (Trisodium Citrate), Flavourings, Antioxidant (Ascorbic Acid), Sweetener (Steviol Glycosides from Stevia)",https://www.sainsburys.co.uk/gol-ui/product/lipton-ice-tea-peach-125l,,2024-08-16T21:39:41.674850-04:00
67-39-DRI,Nescafe Gold Cappuccino Instant Coffee Sachets x12 15.5g,Nescafe,Drinks,Special offers,,,£2.80,,£2.25,£1.51 / 100g,8053015,Instant coffee beverage,100ml,https://assets.sainsburys-groceries.co.uk/gol/8053015/1/640x640.jpg,"Per 100ml** Per mug** % RI*
Energy 116kJ 255kJ -
27kcal 60kcal 3%
Fat 0.6g 1.3g 2%
of which: saturates 0.5g 1.1g 6%
Carbohydrate 4.7g 10.4g 4%
of which: sugars 3.6g 7.9g 9%
Fibre 0.3g 0.7g -
Protein 0.6g 1.3g 3%
Salt 0.09g 0.19g 4%
*Reference Intake of an average adult (8400kJ/2000kcal)
**One sachet + 200ml water, makes 220ml; used as basis for per 100ml
Makes 12 mugs","Sugar†, Skimmed Milk Powder† (20%), Glucose Syrup†, Instant Coffee† (12%), Coconut Oil, Lactose† (Milk), Acidity Regulators (Sodium Bicarbonate, Citric Acid), Salt†, Natural Flavourings†",https://www.sainsburys.co.uk/gol-ui/product/nescafe-gold-cappuccino-instant-coffee-sachets-x12-155g,,2024-08-16T21:39:48.838257-04:00
67-40-DRI,"Sainsbury's Cranberry Juice Drink, No Added Sugar 1L",Sainsbury's,Drinks,Juice & smoothies,All juice & smoothies,1L,£1.35,,£2.50,14p / 100ml,1058499,No added sugar cranberry juice drink from concentrate with sweeteners,100ml,https://assets.sainsburys-groceries.co.uk/gol/1058499/1/640x640.jpg,"Typical Values Per 100ml  Per 150ml serving  % based on RI for Average Adult
Energy 15kJ 23kJ -
4kcal 5kcal -
Fat <0.5g <0.5g -
Saturates <0.1g <0.1g -
Mono-unsaturates <0.1g <0.1g -
Polyunsaturates <0.1g <0.1g -
Carbohydrate 0.5g 0.8g -
Sugars 0.5g 0.8g 1%
Starch <0.5g <0.5g -
Fibre <0.5g <0.5g -
Protein <0.5g <0.5g -
Salt <0.01g <0.01g -",,https://www.sainsburys.co.uk/gol-ui/product/sainsburys-no-added-sugar-cranberry-low-sugar-drink--be-good-to-yourself-1l,,2024-08-16T21:40:01.791117-04:00
67-41-DRI,"Sainsbury's Victoria Sponge Cake, Taste the Difference 345g",Sainsbury's,Drinks,Bakery essentials,,,£3.50,,£2.50,£10.14 / kg,6028628,"Sponge sandwiched with buttercream and raspberry jam, topped with a dusting of sugar",100g,https://assets.sainsburys-groceries.co.uk/gol/6028628/1/640x640.jpg,"Typical Values per 100g  per slice  % based on RI for Average Adult
Energy 1663kJ 956kJ -
397kcal 228kcal 11%
Fat 18.4g 10.6g 15%
Saturates 5.0g 2.8g 14%
Mono-unsaturates 8.6g 4.9g -
Polyunsaturates 3.8g 2.2g -
Carbohydrate 52.6g 30.2g 12%
Sugars 31.2g 17.9g 20%
Starch 21.4g 12.3g -
Fibre 0.9g 0.5g -
Protein 4.8g 2.8g 6%
Salt 0.56g 0.32g 5%",,https://www.sainsburys.co.uk/gol-ui/product/sainsburys-victoria-sponge-cake--taste-the-difference-5,,2024-08-16T21:40:14.623113-04:00
67-42-DRI,Taylors of Harrogate Rich Italian Roast Ground Coffee 200g,Taylors,Drinks,Special offers,,,£4.30,,£3.00,£2.15 / 100g,8170703,Ground coffee,,https://assets.sainsburys-groceries.co.uk/gol/8170703/1/640x640.jpg,,Arabica Coffee (100%),https://www.sainsburys.co.uk/gol-ui/product/taylors-of-harrogate-rich-italian-ground-roast-coffee-200g,,2024-08-16T21:40:28.143016-04:00
67-43-DRI,Actimel Multifruit Cultured Yogurt Drink 8x100g,Actimel,Drinks,Dairy & eggs,Special offers,,£3.75,8 for £3.75,£2.50,47p / 100g,6005252,"Yogurt drink with L.Casei Danone cultures, vitamins B6 and D and multifruit.",100g,https://assets.sainsburys-groceries.co.uk/gol/6005252/1/640x640.jpg,"Per 100g %RI*
Energy (kJ/kcal) 322/
76 4
Fat (g) 1.5 2
of which saturates (g) 1.0 5
Carbohydrate (g) 12 4
of which sugars (g) 11 13
Fibre (g) 1.0 -
Protein (g) 2.8 6
Salt (g) 0.10 2
*RI: Reference intake of an average adult (8400 kJ/2000kcal)","Yogurt (Milk), Skimmed Milk, Sugar/Liquid Sugar, Fruit Juice from Concentrate (2.1%) (Pineapple, Peach, Orange, Strawberry), Oligofructose (Fibre), Dextrose, Modified Tapioca Starch, Milk Minerals Concentrate, Natural Flavouring, Acidity Regulators (Citric Acid, Sodium Citrate), Stabiliser (Pectin), Lactobacillus Casei (L.Casei Danone®), Vitamins (B6, D)",https://www.sainsburys.co.uk/gol-ui/product/actimel-yogurt-drink--multi-fruits-8x100g,8 x 8x100g,2024-08-16T21:40:35.417655-04:00
67-44-DRI,Taylors of Harrogate Lazy Sunday Roast Ground Coffee 200g,Taylors,Drinks,Special offers,,,£4.30,,£3.00,£2.15 / 100g,8170697,Ground coffee,,https://assets.sainsburys-groceries.co.uk/gol/8170697/1/640x640.jpg,,Arabica Coffee (100%),https://www.sainsburys.co.uk/gol-ui/product/taylors-of-harrogate-lazy-sunday-ground-roast-coffee-200g,,2024-08-16T21:40:47.960702-04:00
67-45-DRI,Nescafé Azera Americano Decaff Instant Coffee 90g,Nescafé,Drinks,Special offers,,,£6.50,,£3.50,£7.22 / 100g,7852029,Decaffeinated soluble coffee with decaffeinated roast and ground coffee,,https://assets.sainsburys-groceries.co.uk/gol/7852029/1/640x640.jpg,,"Decaffeinated Soluble Coffee, Decaffeinated Roast and Ground Coffee (5%)",https://www.sainsburys.co.uk/gol-ui/product/nescaf%C3%A9-azera-americano-decaff-instant-coffee-100g,,2024-08-16T21:41:00.704333-04:00
67-46-DRI,"innocent Kids Strawberries, Raspberries & Apples Smoothies 4x150ml",innocent,Drinks,Dairy & chilled essentials,,150ML,£3.60,4 for £3.60,£2.00,60p / 100ml,8013061,"This innocent smoothie is a blend of whole crushed fruit, pure fruit juices and nothing else.",150ml,https://assets.sainsburys-groceries.co.uk/gol/8013061/1/640x640.jpg,"per: 100ml per: 150ml
Energy 210kJ 315kJ
50kcal 74kcal
Fat <0.5g <0.5g
(of which saturates) <0.1g 0.2g
Carbohydrate 12g 18g
(of which sugars) 10g 15g
Fibre 0.6g 0.8g
Protein <0.5g 0.8g
Salt <0.01g <0.01g
* % Reference Intake of adults
Contains only sugars found naturally in fruit
150ml = 1 serving
4 servings in this pack","1/2 of a Pressed Apple (47%), 1/3 of a Squeezed Orange, 1/3 of a Mashed Banana**, 3 Pressed Grapes, 3/4 of a Crushed Strawberry (5.5%), 1 Crushed Blackberry, A Crushed Raspberry (1.6%), **Rainforest Alliance Certified",https://www.sainsburys.co.uk/gol-ui/product/innocent-kids-strawberry-raspb-4x150ml,4 x 4x150ml,2024-08-16T21:41:08.495110-04:00
67-47-DRI,Tetley Everyday Tea Bags Decaffeinated x80 250g,Tetley,Drinks,Special offers,,,£3.70,,£2.00,£1.48 / 100g,2797717,Decaffeinated Black Tea,0g,https://assets.sainsburys-groceries.co.uk/gol/2797717/1/640x640.jpg,"Per 100ml Infusion
Energy 4kJ 1kcal
Fat 0g
of which saturates 0g
Carbohydrate 0.3g
of which sugars 0g
Protein 0g
Salt 0g","Decaffeinated Black Tea**, **Rainforest Alliance Certified",https://www.sainsburys.co.uk/gol-ui/product/tetley-everyday-tea-bags--decaffeinated-x80-250g,,2024-08-16T21:41:15.939110-04:00
67-48-DRI,Biotiful Gut Health Kefir Milk Drink Original 1L,Biotiful,Drinks,Dairy & eggs,Milk,1L,£3.50,,£3.00,35p / 100ml,8034954,Fermented milk traditionally known as kefir,100ml,https://assets.sainsburys-groceries.co.uk/gol/8034954/1/640x640.jpg,"Per 100ml % of reference intake per 100ml 1 serving (250ml)
Energy kcal (kJ) 59 (245) - 148 (612)
Fat (g) 2.9 - 7.3
of which saturates (g) 2.1 - 5.3
Carbohydrates (g) 4.6 - 12
of which sugars*** (g) 2.8 - 7.0
Protein (g) 3.5 - 8.8
Salt (g) 0.10 - 0.25
***Contains naturally occurring sugars","Pasteurised Cow's Milk Fermented with Live Kefir Cultures†, †Includes: Bifidobacterium, Lactobacillus Acidophilus, Lactobacillus Casei, Lactobacillus Rhamnosus",https://www.sainsburys.co.uk/gol-ui/product/biotiful-kefir-original-1l,,2024-08-16T21:41:24.503927-04:00
67-49-DRI,Actimel Strawberry Cultured Yogurt Drink 8x100g,Actimel,Drinks,Dairy & eggs,Special offers,,£3.75,8 for £3.75,£2.50,47p / 100g,4135692,"Yogurt drink with L.Casei Danone cultures, vitamins D and B6, and strawberry.",100g,https://assets.sainsburys-groceries.co.uk/gol/4135692/1/640x640.jpg,"Per 100g %RI*
Energy (kJ/kcal) 309/
73 4
Fat (g) 1.5 2
of which saturates (g) 1.0 5
Carbohydrate (g) 11 4
of which sugars (g) 11 12
Fibre (g) 1.0 -
Protein (g) 2.8 6
Salt (g) 0.10 2
*RI: Reference intake of an average adult (8400 kJ/2000 kcal)","Yogurt (Milk), Skimmed Milk, Sugar / Liquid Sugar, Strawberry Purée (2.1%), Oligofructose (Fibre), Dextrose, Modified Starch, Milk Minerals, Natural Flavourings, Acidity Regulators (Citric Acid, Sodium Citrate), Lactobacillus Casei (L. Casei Danone®), Vitamins (D, B6)",https://www.sainsburys.co.uk/gol-ui/product/actimel-yogurt-drink-strawberry-8x100g,8 x 8x100g,2024-08-16T21:41:31.618804-04:00
67-50-DRI,Twinings English Breakfast Plant Based Tea Bags x80 200g,Twinings,Drinks,Vegetarian & plant based,,,£4.80,,£3.00,£2.40 / 100g,8150884,Great taste 2023,,https://assets.sainsburys-groceries.co.uk/gol/8150884/1/640x640.jpg,,100% Black Tea,https://www.sainsburys.co.uk/gol-ui/product/twinings-english-breakfast-plant-based-tea-bags-200g-x80,,2024-08-16T21:41:44.160753-04:00
67-51-DRI,Alpro Oat Milk Long Life Dairy Alternative 1L,Alpro,Drinks,Dairy & eggs,Dairy free,1L,£2.10,,£1.50,£2.10 / ltr,7679541,Oat drink with added calcium and vitamins.,100ml,https://assets.sainsburys-groceries.co.uk/gol/7679541/1/640x640.jpg,"per 100ml
Energy 185 kJ /
44 kcal
Fat 1.4 g
of which Saturates 0.2 g
Carbohydrate 6.5 g
of which Sugars 2.6 g
Fibre 1.9 g
Protein 0.4 g
Salt 0.10 g
- D2 0.75 µg*
Minerals:
* = 15% of the nutrient reference values","Oat Base [96.6%] [Water, Oat [9.8%]], Soluble Corn Fibre, Sunflower Oil, Calcium [Tri-Calcium Phosphate), Sea Salt, Stabi- Liser (Gellan Gum), Vitamins B2, B12, D2",https://www.sainsburys.co.uk/gol-ui/product/alpro-long-life-soya-milk-alternative--oat-1l,,2024-08-16T21:41:52.171910-04:00
67-52-DRI,Phantom River Sauvignon Blanc 75cl,Phantom,Drinks,Low everyday prices,,,£6.00,,£6.25,£6.00 / 75cl,7628489,Sauvignon Blanc - White Chilean Wine,,https://assets.sainsburys-groceries.co.uk/gol/7628489/1/640x640.jpg,,,https://www.sainsburys.co.uk/gol-ui/product/phantom-river-sauvignon-blanc-75cl,,2024-08-16T21:42:09.974399-04:00
67-53-DRI,Oatly Organic Oat Drink Long Life 1L,Oatly,Drinks,Dairy & eggs,Dairy free,1L,£2.15,,£1.50,£2.15 / ltr,6338528,Organic oat drink.,100 ml,https://assets.sainsburys-groceries.co.uk/gol/6338528/1/640x640.jpg,"per 100 ml:
Energy 166 kJ/
39 kcal
Fat 0.5 g
of which
saturates 0.1 g
Carbohydrate 7.2 g
of which
sugars 3.4 g*
Fibre 0.8 g
Protein 1.1 g
Salt 0.10 g
*Natural sugars from oats","Water, Oats* 10%, Sea Salt, *Organic Ingredient",https://www.sainsburys.co.uk/gol-ui/product/oatly-long-life-oat-milk-altermative-1l,,2024-08-16T21:42:17.712639-04:00
67-54-DRI,"Sainsbury's Chocolate Cake, Taste the Difference 395g",Sainsbury's,Drinks,Birthday & party cakes,,,£3.50,,£2.50,£8.86 / kg,6025401,Chocolate cake layered and topped with Belgian chocolate buttercream,100g,https://assets.sainsburys-groceries.co.uk/gol/6025401/1/640x640.jpg,"Typical Values per 100g  per slice  % based on RI for Average Adult
Energy 1750kJ 1152kJ -
418kcal 275kcal 14%
Fat 20.0g 13.1g 19%
Saturates 7.5g 5.0g 25%
Mono-unsaturates 8.6g 5.7g -
Polyunsaturates 2.8g 1.8g -
Carbohydrate 53.4g 35.2g 14%
Sugars 35.5g 23.4g 26%
Starch 17.9g 11.8g -
Fibre 1.4g 0.9g -
Protein 5.4g 3.6g 7%
Salt 0.51g 0.34g 6%",,https://www.sainsburys.co.uk/gol-ui/product/sainsburys-belgian-chocolate-fudge-cake--taste-the-difference-5,,2024-08-16T21:42:30.367969-04:00
67-55-DRI,Sainsbury's Pure Orange Juice With Bits 1L,Sainsbury's,Drinks,Juice & smoothies,All juice & smoothies,1L,£1.75,,£2.50,18p / 100ml,1323511,Orange juice from concentrate with juicy bits,100ml,https://assets.sainsburys-groceries.co.uk/gol/1323511/1/640x640.jpg,"Typical Values Per 100ml  Per 150ml serving  % based on RI for Average Adult
Energy 176kJ 265kJ -
42kcal 62kcal 3%
Fat <0.5g <0.5g 1%
Saturates <0.1g <0.1g -
Mono-unsaturates <0.1g <0.1g -
Polyunsaturates 0.1g 0.2g -
Carbohydrate 8.4g 12.5g 5%
Sugars 8.3g 12.4g 14%
Starch <0.5g <0.5g -
Fibre <0.5g <0.5g -
Protein 0.7g 1.0g 2%
Salt 0.10g 0.14g 2%",,https://www.sainsburys.co.uk/gol-ui/product/sainsburys-orange-juice-with-bits-1l,,2024-08-16T21:42:44.441627-04:00
67-56-DRI,Oatly Oat Drink Barista Edition Chilled 1L,Oatly,Drinks,Dairy & eggs,Dairy free,1L,£2.20,,£1.70,£2.20 / ltr,8117458,Foamable oat drink with added vitamins and minerals.,100ml,https://assets.sainsburys-groceries.co.uk/gol/8117458/1/640x640.jpg,"per 100ml:
Energy 257 kJ/
61 kcal
Fat 3.0g
of which saturates 0.3g
Carbohydrate 7.1g
of which sugars 3.4g*
Fibre 0.8g
Protein 1.1g
Salt 0.10g
*Natural sugars from oats","Water, Oats 10%, Rapeseed Oil, Acidity Regulator (Dipotassium Phosphate), Minerals (Calcium Carbonate, Potassium Iodide), Salt, Vitamins (D2, Riboflavin, B12)",https://www.sainsburys.co.uk/gol-ui/product/oatly-barista-edition-original-oat-drink-1l,,2024-08-16T21:42:51.712208-04:00
67-57-DRI,Robinsons Fruit & Barley Orange Squash No Added Sugar 1L,Robinsons,Drinks,Special offers,,1L,£2.15,,£1.25,22p / 100ml,2666051,"Concentrated Low Calorie Orange Soft Drink with Barley, Sweeteners and Vitamins.",20,https://assets.sainsburys-groceries.co.uk/gol/2666051/1/640x640.jpg,"Per 100ml Diluted† %RI** Per 250ml Diluted† %RI**
Energy 9kJ/
2kcal - 23kJ/
5kcal -
Salt 0.03g - 0.08g -
Contains negligible amounts of fat, saturates, carbohydrate, sugars and protein
†Dilute 1 Part Concentrate with 4 Parts Water
**Reference Intake
Bottle contains 20 servings","Water, Orange Juice from Concentrate (7%), Orange Fruit from Concentrate (3%), Acids (Citric Acid, Malic Acid), Refined Barley Flour (1%), Acidity Regulator (Sodium Citrate), Natural Flavouring, Sweeteners (Acesulfame K, Sucralose), Preservatives (Potassium Sorbate, Sodium Metabisulphite), Vitamins (C, Niacin, B6, D), Emulsifier (Glycerol Esters of Wood Rosins), Natural Colour (Carotenes)",https://www.sainsburys.co.uk/gol-ui/product/robinsons-squash-fruit---barley--orange-1l,,2024-08-16T21:42:59.132710-04:00
67-58-DRI,"Sainsbury's Colombian Coffee & Walnut Cake, Taste the Difference 400g",Sainsbury's,Drinks,Birthday & party cakes,,,£3.50,,£2.50,£8.75 / kg,6025331,Coffee cake layered with coffee buttercream and topped with coffee buttercream and walnuts,100g,https://assets.sainsburys-groceries.co.uk/gol/6025331/1/640x640.jpg,"Typical Values per 100g  per slice  % based on RI for Average Adult
Energy 1757kJ 1171kJ -
420kcal 280kcal 14%
Fat 20.9g 14.0g 20%
Saturates 7.6g 5.1g 26%
Mono-unsaturates 8.4g 5.6g -
Polyunsaturates 3.8g 2.5g -
Carbohydrate 52.8g 35.2g 14%
Sugars 33.0g 22.0g 24%
Starch 19.8g 13.2g -
Fibre 0.9g 0.6g -
Protein 4.6g 3.0g 6%
Salt 0.36g 0.24g 4%",,https://www.sainsburys.co.uk/gol-ui/product/sainsburys-colombian-coffee-cake-taste-the-difference-400g-serves-6-,,2024-08-16T21:43:11.498536-04:00
67-59-DRI,Cruzcampo Sevilla Lager Beer Can 10x440ml,Cruzcampo,Drinks,Beer & cider,All beer,440ML,£12.50,10 for £12.50,,£2.84 / ltr,8185449,Beer.,0.02G,https://assets.sainsburys-groceries.co.uk/gol/8185449/1/640x640.jpg,"Per 100ml:
Energy: 163KJ /
39KCAL
Fat: 0.0G
Saturates: 0.0G
Carbohydrate: 3.4G
Sugars 0.0G
Protein: 0.0G
Salt: 0.02G","Water, Malted Barley, Glucose Syrup, Barley, Hops, Hop Extract",https://www.sainsburys.co.uk/gol-ui/product/cruzcampo-sevilla-lager-beer-can-10x440ml,10 x 10x440ml,2024-08-16T21:43:24.197371-04:00
67-60-DRI,Inch's Medium Apple Cider 4x440ml,Inch's,Drinks,Beer & cider,Cider,440ML,£5.50,4 for £5.50,£4.50,£3.13 / ltr,8049238,A Lightly Sparkling Cider Made with Apples Grown and Picked Within 40 Miles of Our Mill Cider.,0.01g,https://assets.sainsburys-groceries.co.uk/gol/8049238/1/640x640.jpg,"Per 100ml:
Energy: 181kJ/
43kcal
Fat: 0.0g
Saturates: 0.0g
Carbohydrate: 4.4g
Sugars: 4.2g
Protein: 0.0g
Salt: <0.01g","Water, Apple Juice (from Concentrate), Sugar, Acid: Malic Acid, Antioxidant: Sodium Metabisulphite",https://www.sainsburys.co.uk/gol-ui/product/inchs-medium-apple-cider-4x440ml,4 x 4x440ml,2024-08-16T21:43:32.766901-04:00
67-61-DRI,Birra Moretti Lager Beer Bottle 18x330ml,Birra,Drinks,Beer & cider,All beer,330ML,£23.00,18 for £23.00,£20.00,£3.87 / ltr,8068848,Beer.,100ml,https://assets.sainsburys-groceries.co.uk/gol/8068848/1/640x640.jpg,"per 100ml
Energy: 157 kJ /
37 kcal","Water, Malted Barley, Maize, Hops, Hop Extract",https://www.sainsburys.co.uk/gol-ui/product/birra-moretti-lager-beer-bottle-18x330ml,18 x 18x330ml,2024-08-16T21:43:39.933975-04:00
67-62-DRI,Stella Artois Premium Lager Beer Cans 18x440ml,Stella,Drinks,Beer & cider,All beer,440ML,£18.00,18 for £18.00,£14.00,£2.27 / ltr,7376852,Beer,0.02g,https://assets.sainsburys-groceries.co.uk/gol/7376852/1/640x640.jpg,"Per 100ml Per 440ml
Energy 165kJ /
727kJ /
(kJ / kcal) 39kcal 174kcal
Fat 0g 0g
of which saturates 0g 0g
Carbohydrate 3.2g 13.9g
of which sugars 0.3g 1.3g
Protein 0.4g 1.6g
Salt 0g 0.02g","Water, Barley Malt, Maize, Hops",https://www.sainsburys.co.uk/gol-ui/product/stella-artois-premium-lager-beer-cans-18x440ml,18 x 18x440ml,2024-08-16T21:43:47.057379-04:00
67-63-DRI,Budweiser Lager Beer Bottles 20x300ml,Budweiser,Drinks,Beer & cider,All beer,300ML,£17.00,20 for £17.00,£12.00,£2.83 / ltr,7982258,Beer,0.1g,https://assets.sainsburys-groceries.co.uk/gol/7982258/1/640x640.jpg,"Per 100ml Per 300ml
Energy 162kJ /
486kJ /
(kJ / kcal) 39kcal 116kcal
Fat 0g 0g
of which saturates 0g 0g
Carbohydrates 3.1g 9.3g
of which sugars 0.1g 0.2g
Protein 0.3g 1.0g
Salt <0.01g <0.1g","Water, Barley Malt, Rice, Hops",https://www.sainsburys.co.uk/gol-ui/product/budweiser-lager-beer-bottles-20x300ml,20 x 20x300ml,2024-08-16T21:43:54.676935-04:00
67-64-DRI,Heineken Premium Lager Beer Cans 15x440ml,Heineken,Drinks,Beer & cider,All beer,440ML,£15.00,15 for £15.00,£10.00,£2.27 / ltr,7914356,Beer.,0.01g,https://assets.sainsburys-groceries.co.uk/gol/7914356/1/640x640.jpg,"Per 100ml:
Energy: 176kJ/
42kcal
Fat: 0.0g
Saturates: 0.0g
Carbohydrate: 3.2g
Sugars: 0.0g
Protein: 0.0g
Salt: <0.01g","Water, Malted Barley, Hop Extract",https://www.sainsburys.co.uk/gol-ui/product/heineken-lager-15x440ml,15 x 15x440ml,2024-08-16T21:44:02.501253-04:00
67-65-DRI,Foster's Lager Beer Cans 18x440ml,Foster's,Drinks,Beer & cider,All beer,440ML,£15.00,18 for £15.00,£11.00,£1.89 / ltr,7910070,Beer.,0.02g,https://assets.sainsburys-groceries.co.uk/gol/7910070/1/640x640.jpg,"per 100ml:
Energy 137kJ/
33kcal
Fat: 0.0g
Saturates: 0.0g
Carbohydrate: 2.8g
Sugars: 0.0g
Protein: 0.0g
Salt: 0.02g","Water, Malted Barley, Glucose Syrup, Barley, Hops, Hop Extract",https://www.sainsburys.co.uk/gol-ui/product/fosters-lager-18x440ml,18 x 18x440ml,2024-08-16T21:44:10.085324-04:00
67-66-DRI,Corona Extra Premium Lager Beer Bottles 12x330ml,Corona,Drinks,Beer & cider,All beer,330ML,£15.00,12 for £15.00,£1.25,£3.79 / ltr,6639802,Beer,0.02g,https://assets.sainsburys-groceries.co.uk/gol/6639802/1/640x640.jpg,"Per 100ml Per 330ml
Energy (kJ / kcal) 176kJ /
42kcal 581kJ /
139kcal
Fat 0g 0g
of which saturates 0g 0g
Carbohydrate 4.0g 13.2g
of which sugars 0.2g 0.5g
Protein 0.3g 1.0g
Salt 0g 0.02g","Water, Barley Malt, Maize, Hops",https://www.sainsburys.co.uk/gol-ui/product/corona-extra-12x330ml,12 x 12x330ml,2024-08-16T21:44:19.382247-04:00
67-67-DRI,Estrella Damm Lager Beer Bottles 12x330ml,Estrella,Drinks,Beer & cider,All beer,330ML,£16.50,12 for £16.50,£13.50,£4.17 / ltr,7855845,Beer,,https://assets.sainsburys-groceries.co.uk/gol/7855845/1/640x640.jpg,,"Water, Barley Malt (11%), Rice (4%), Hops",https://www.sainsburys.co.uk/gol-ui/product/estrella-damm-12x330ml,12 x 12x330ml,2024-08-16T21:44:31.301843-04:00
67-68-DRI,Peroni Nastro Azzurro Beer Lager Bottles 12x330ml,Peroni,Drinks,Beer & cider,All beer,330ML,£18.00,12 for £18.00,£13.00,£4.55 / ltr,6546263,Beer,0g,https://assets.sainsburys-groceries.co.uk/gol/6546263/1/640x640.jpg,"per 100ml
Energy 177 KJ 42 Kcal
Fat 0g
of which Saturates 0g
Carbohydrate 3.2g
of which Sugars 0g
Protein 0.4g
Salt 0g","Water, Barley Malt, Italian Maize, Hops",https://www.sainsburys.co.uk/gol-ui/product/peroni-nastro-azzuro-12x330ml,12 x 12x330ml,2024-08-16T21:44:39.646318-04:00
67-69-DRI,San Miguel Premium Lager Beer Bottles 12x330ml,San,Drinks,Low & no alcohol,No alcohol,330ML,£12.50,12 for £12.50,£1.85,£3.16 / ltr,7613831,Premium Lager Beer,0.01g,https://assets.sainsburys-groceries.co.uk/gol/7613831/1/640x640.jpg,"Per 100ml:
Energy 188kJ /
45kcal
Fat 0g
Of which Saturates 0g
Carbohydrate 3.7g
Of which Sugars 0.0g
Protein 0.4g
Salt <0.01g","Water, Malted Barley, Hops",https://www.sainsburys.co.uk/gol-ui/product/san-miguel-12x330ml,12 x 12x330ml,2024-08-16T21:44:49.910626-04:00
67-70-DRI,Corona Extra Premium Lager Beer bottles 18x330ml,Corona,Drinks,Beer & cider,All beer,330ML,£18.75,18 for £18.75,£1.25,£3.16 / ltr,7746983,Beer,0.02g,https://assets.sainsburys-groceries.co.uk/gol/7746983/1/640x640.jpg,"Per 100ml Per 330ml
Energy (kJ / kcal) 176kJ /
581kJ /
42kcal 139kcal
Fat 0g 0g
of which saturates 0g 0g
Carbohydrates 4.0g 13.2g
of which sugars 0.2g 0.5g
Protein 0.3g 1.0g
Salt 0g 0.02g","Water, Barley Malt, Maize, Hops, CO₂ added after brewing",https://www.sainsburys.co.uk/gol-ui/product/corona-18x330ml,18 x 18x330ml,2024-08-16T21:44:58.615241-04:00
67-71-DRI,Peroni Nastro Azzurro 0.0% Alcohol Free Beer Lager Bottles 4x330ml,Peroni,Drinks,Low & no alcohol,All low & no alcohol,330ML,£5.50,4 for £5.50,£4.25,£4.17 / ltr,7962162,Beer,0g,https://assets.sainsburys-groceries.co.uk/gol/7962162/1/640x640.jpg,"(per 100ml)
kJ 99
kcal 23
Fat 0g
of which Saturates 0g
Carbohydrates 5.6g
of which Sugars 0.8g
Protein 0.2g
Salt 0g","Water, Barley Malt, Italian Maize, Hops, Natural Flavours",https://www.sainsburys.co.uk/gol-ui/product/peroni-libera-4x330ml,4 x 4x330ml,2024-08-16T21:45:06.458542-04:00
67-72-DRI,Guinness Alcohol Free 0.0% Stout Beer Cans 4x440ml,Guinness,Drinks,Low & no alcohol,All low & no alcohol,440ML,£5.00,4 for £5.00,£1.40,£2.84 / ltr,8044320,"UNIQUE FEATURES/AWARDS - Now without alcohol, Guinness 0.0 is the iconic, best-selling stout beer, with groundbreaking innovation right at its ruby-red heart.""",,https://assets.sainsburys-groceries.co.uk/gol/8044320/1/640x640.jpg,,,https://www.sainsburys.co.uk/gol-ui/product/guinness-00-4x440ml,4 x 4x440ml,2024-08-16T21:45:23.986223-04:00
67-73-DRI,San Miguel Premium Lager Beer 10x440ml,San,Drinks,Beer & cider,All beer,440ML,£12.75,10 for £12.75,£11.00,£2.90 / ltr,7911803,Premium Lager Beer,0.01g,https://assets.sainsburys-groceries.co.uk/gol/7911803/1/640x640.jpg,"Per 100ml:
Energy 188kJ /
45kcal
Fat 0g
Of which Saturates 0g
Carbohydrate 3.7g
Of which Sugars 0.0g
Protein 0.4g
Salt <0.01g","Water, Malted Barley, Hops",https://www.sainsburys.co.uk/gol-ui/product/san-miguel-lager-10x440ml,10 x 10x440ml,2024-08-16T21:45:32.705334-04:00
67-74-DRI,Thatchers Gold Cider 10x440ml,Thatchers,Drinks,Beer & cider,Bigger packs,440ML,£11.00,10 for £11.00,£9.00,£2.50 / ltr,7855789,,,https://assets.sainsburys-groceries.co.uk/gol/7855789/1/640x640.jpg,,,https://www.sainsburys.co.uk/gol-ui/product/thatchers-gold-10x440ml,10 x 10x440ml,2024-08-16T21:45:55.435677-04:00
67-75-DRI,Kronenbourg 1664 Lager Beer Cans 15 x 440ml,Kronenbourg,Drinks,Beer & cider,All beer,1664L,£17.00,,£12.00,£2.58 / ltr,7961376,Premium lager.,0.01g,https://assets.sainsburys-groceries.co.uk/gol/7961376/1/640x640.jpg,"per 100ml:
Energy 153kJ/
37kcal
Fat 0g
-of which saturates 0g
Carbohydrate 2.5g
0of which sugars <0.5g
Protein <0.5g
Salt <0.01g","Water, Malted Barley, Glucose Syrup, Malted Wheat, Wheat, Hops",https://www.sainsburys.co.uk/gol-ui/product/kronenbourg-1664-premium-beer-15-x-440ml-7961376-p,,2024-08-16T21:46:03.289740-04:00
67-76-DRI,Carling Original Lager Beer Cans x18 440ml,Carling,Drinks,Beer & cider,All beer,440ML,£16.00,,£12.00,£2.02 / ltr,7855717,Original Lager.,0g,https://assets.sainsburys-groceries.co.uk/gol/7855717/1/640x640.jpg,"Per 100ml 440ml Can:
Energy 133kJ 585kJ
32kcal 140kcal
Fat 0g 0g
of which saturates 0g 0g
Carbohydrate 2.4g 10.6g
of which sugars 0g 0g
Protein 0.2g 0.9g
Salt 0g 0g",,https://www.sainsburys.co.uk/gol-ui/product/carling-lager-18x440ml,,2024-08-16T21:46:19.619014-04:00
67-77-DRI,Heineken Alcohol Free Lager 6x330ml,Heineken,Drinks,Low & no alcohol,All low & no alcohol,330ML,£4.75,6 for £4.75,£1.25,£2.40 / ltr,7855530,Alcohol Free Beer with Natural Flavourings,0.01 g,https://assets.sainsburys-groceries.co.uk/gol/7855530/1/640x640.jpg,"Per 100 ml:
Energy 89 kJ/
21 kcal
Fat 0.0 g
- Of which Saturates 0.0 g
Carbohydrate 4.8 g
- Of which Sugars 1.3 g
Protein 0.0 g
Salt <0.01 g","Water, Malted Barley, Hop Extract, Natural Flavourings",https://www.sainsburys.co.uk/gol-ui/product/heineken-00-alcohol-free-lager-6x330ml,6 x 6x330ml,2024-08-16T21:46:28.856339-04:00
67-78-DRI,Peroni Nastro Azzurro Beer Lager Bottles 18x330ml,Peroni,Drinks,Beer & cider,All beer,330ML,£25.00,18 for £25.00,£1.25,£4.21 / ltr,7643851,Beer,0g,https://assets.sainsburys-groceries.co.uk/gol/7643851/1/640x640.jpg,"(per 100ml)
Energy 177 KJ 42 Kcal
Fat 0g
of which Saturates 0g
Carbohydrate 3.2g
of which Sugars 0g
Protein 0.4g
Salt 0g","Water, Barley Malt, Italian Maize, Hops",https://www.sainsburys.co.uk/gol-ui/product/peroni-18x330ml,18 x 18x330ml,2024-08-16T21:46:36.454895-04:00
67-79-DRI,Birra Moretti Lager Beer Bottles 12x330ml,Birra,Drinks,Beer & cider,All beer,330ML,£17.00,12 for £17.00,£1.25,£4.29 / ltr,7796813,Beer.,100ml,https://assets.sainsburys-groceries.co.uk/gol/7796813/1/640x640.jpg,"per 100ml
Energy: 157 kJ /
37 kcal","Water, Malted Barley, Maize, Hops, Hop Extract",https://www.sainsburys.co.uk/gol-ui/product/birra-moretti-12x330ml,12 x 12x330ml,2024-08-16T21:46:44.253917-04:00
67-80-DRI,Lucky Saint Alcohol Free Lager 4x330ml,Lucky,Drinks,Low & no alcohol,All low & no alcohol,330ML,£6.00,4 for £6.00,£5.00,£4.55 / ltr,8133312,Calories 53 kcal,0.01g,https://assets.sainsburys-groceries.co.uk/gol/8133312/1/640x640.jpg,"Per 100ml:
Energy 16kcal/
70kJ
Fat <0.1g
Of which Saturates <0.1g
Carbohydrates 3.5g
Of which Sugars 0.1g
Protein 0.6g
Salt <0.01g","Water, Barley, Yeast, Hops",https://www.sainsburys.co.uk/gol-ui/product/lucky-saint-alcohol-free-lager-4x330ml,4 x 4x330ml,2024-08-16T21:46:52.379291-04:00
67-81-DRI,Birra Moretti Premium Lager Cans 10x330ml,Birra,Drinks,Beer & cider,All beer,330ML,£12.00,10 for £12.00,£10.00,£3.64 / ltr,8112768,Beer.,100ml,https://assets.sainsburys-groceries.co.uk/gol/8112768/1/640x640.jpg,"per 100ml
energy: 158 kJ / 38 kcal","Water, Malted Barley, Maize, Hops, Hop Extract",https://www.sainsburys.co.uk/gol-ui/product/birra-moretti-premium-lager-cans-10x330ml,10 x 10x330ml,2024-08-16T21:47:01.204494-04:00
67-82-DRI,Erdinger Alkoholfrei Alcohol Free Wheat Beer 500ml,Erdinger,Drinks,Low & no alcohol,All low & no alcohol,500ML,£1.75,,£5.00,£3.50 / ltr,7455480,Alcohol Free Wheat Beer,,https://assets.sainsburys-groceries.co.uk/gol/7455480/1/640x640.jpg,"(Average content) 100 ml (Average content) 500 ml = 1 Portion
Energy value 107 kJ/
25 kcal 535 kJ/
125 kcal
Carbohydrates 5.3 g 26.5 g
- of which sugars 3.6 g 18.0 g
Polyphenols 30 mg 150 mg
Contains negligible amounts of fat, saturated fatty acids, protein, salt
*Reference intake of an average adult (8400 kJ/2000 kcal)","Water, Wheat Malt, Barley Malt, Hops, Yeast, Carbon Dioxide",https://www.sainsburys.co.uk/gol-ui/product/erdinger-low-alc-500ml,,2024-08-16T21:47:11.123006-04:00
67-83-DRI,Greene King Abbot Ale Beer Cans 4x500ml,Greene,Drinks,Beer & cider,Ale & stout,500ML,£5.75,4 for £5.75,£5.50,£2.88 / ltr,3944790,Beer,,https://assets.sainsburys-groceries.co.uk/gol/3944790/1/640x640.jpg,,,https://www.sainsburys.co.uk/gol-ui/product/greene-king-abbot-ale-4x500ml,4 x 4x500ml,2024-08-16T21:47:31.160413-04:00
67-84-DRI,Strongbow Original Cider Cans 18 x 440ml,Strongbow,Drinks,Beer & cider,All beer,440ML,£14.00,,£1.85,£1.77 / ltr,7856253,Cider.,0.01g,https://assets.sainsburys-groceries.co.uk/gol/7856253/1/640x640.jpg,"Per 100ml:
Energy: 156kJ /
37kcal
Fat: 0.0g
Saturates: 0.0g
Carbohydrate: 2.9g
Sugars: 2.8g
Protein: 0.0g
Salt: <0.01g","Water, Apple Juice (from Concentrate), Sugar, Acid: Malic Acid, Antioxidant: Sodium Metabisulphite",https://www.sainsburys.co.uk/gol-ui/product/strongbow-original-cider-18x440ml,,2024-08-16T21:47:39.853548-04:00
67-85-DRI,Beck's Blue Alcohol Free Beer Bottles x6 275ml,Beck's,Drinks,Beer & cider,All beer,275ML,£4.00,,£5.00,£2.42 / ltr,3765449,Beer,0.01 G,https://assets.sainsburys-groceries.co.uk/gol/3765449/1/640x640.jpg,"Per 100ml
Energy Value kJ & Kcal 60 kJ /
14 Kcal
Fat 0
Saturates 0
Carbohydrate 3.1G
of which Sugars 0.2G
Protein 0.3G
Salt <0.01 G","Water, Malted Barley, Hops, Yeast",https://www.sainsburys.co.uk/gol-ui/product/becks-blue-alcohol-free-beer-bottles-x6-275ml,,2024-08-16T21:47:47.223223-04:00
67-86-DRI,Guinness Draught 0.0% Non Alcoholic Beer 10x440ml,Guinness,Drinks,Low & no alcohol,All low & no alcohol,440ML,£12.00,10 for £12.00,£4.00,£2.73 / ltr,8160472,"ABOUT - Guinness Draught 0.0% Non-Alcoholic Beer is a non-alcoholic beer with the same beautifully smooth taste, perfectly balanced flavour and unique dark colour of Guinness, just without the alcohol.",,https://assets.sainsburys-groceries.co.uk/gol/8160472/1/640x640.jpg,,"Water, malted barley, barley, roast barley, fructose, natural flavourings, carbon dioxide, nitrogen and hops.",https://www.sainsburys.co.uk/gol-ui/product/guinness-draught-00-non-alcoholic-beer-10x440ml,10 x 10x440ml,2024-08-16T21:48:00.368959-04:00
67-87-DRI,BrewDog Punk AF Alcohol Free IPA 4x330ml,BrewDog,Drinks,Low & no alcohol,All low & no alcohol,330ML,£5.00,4 for £5.00,£5.00,£3.79 / ltr,8001997,Alcohol Free Beer.,0.1g,https://assets.sainsburys-groceries.co.uk/gol/8001997/1/640x640.jpg,"Per 100ml
Energy (kJ/kcal) 63/
15
Fat <0.1g
(Of which Saturates) <0.1g
Carbohydrates 3.0g
(Of which Sugars) 1.8g
Protein 0.1g
Salt <0.1g","Water, Lactose (Milk), Malted Barley, Hops, Yeast, Malted Oats, Malted Wheat, Lactic Acid",https://www.sainsburys.co.uk/gol-ui/product/brewdog-punk-af-alcohol-free-ipa-4x330ml-8001997-p-44,4 x 4x330ml,2024-08-16T21:48:11.531440-04:00
67-88-DRI,Heineken 0.0 Alcohol Free Lager Beer 12x330ml,Heineken,Drinks,Low & no alcohol,All low & no alcohol,330ML,£10.00,12 for £10.00,£1.25,£2.53 / ltr,7985395,Alcohol Free Beer with Natural Flavourings,0.01 g,https://assets.sainsburys-groceries.co.uk/gol/7985395/1/640x640.jpg,"Per 100 ml:
Energy 89 kJ/
21 kcal
Fat 0 g
- Of which Saturates 0 g
Carbohydrate 4.8 g
-Of which Sugars 1.3 g
Protein 0 g
Salt <0.01 g","Water, Malted Barley, Hop Extract, Natural Flavourings",https://www.sainsburys.co.uk/gol-ui/product/heineken-00-alcohol-free-beer-12x330ml,12 x 12x330ml,2024-08-16T21:48:19.187664-04:00
67-89-DRI,Stella Artois Premium Lager Beer Bottles 12x330ml,Stella,Drinks,Beer & cider,All beer,330ML,£12.00,12 for £12.00,£10.00,£3.03 / ltr,8012843,Brewed with 100% Natural Ingredients,0.01g,https://assets.sainsburys-groceries.co.uk/gol/8012843/1/640x640.jpg,"Per 100ml Per 330ml
Energy 165kJ /
545kJ /
(kJ / kcal) 39kcal 130kcal
Fat 0g 0g
of which saturates 0g 0g
Carbohydrates 3.2g 10.4g
of which sugars 0.3g 1.0g
Protein 0.4g 1.2g
Salt 0g 0.01g","Water, Barley Malt, Maize, Hops",https://www.sainsburys.co.uk/gol-ui/product/stella-artois-lager-beer-bottles-12x330ml,12 x 12x330ml,2024-08-16T21:48:26.976078-04:00
67-90-DRI,Guinness Draught In Can Stout Beer 12x440ml,Guinness,Drinks,Beer & cider,Ale & stout,440ML,£17.00,12 for £17.00,£14.50,£3.22 / ltr,8156443,"UNIQUE FEATURES/AWARDS - Guinness Draught. The iconic, best-selling stout beer, with groundbreaking innovation right at its ruby-red heart.",,https://assets.sainsburys-groceries.co.uk/gol/8156443/1/640x640.jpg,,,https://www.sainsburys.co.uk/gol-ui/product/guinness-draught-in-can-stout-beer-12x440ml,12 x 12x440ml,2024-08-16T21:48:44.382400-04:00
67-91-DRI,Birra Moretti Lager Beer Bottle 660ml,Birra,Drinks,Beer & cider,All beer,660ML,£2.75,,£1.85,£4.17 / ltr,6546431,Beer,100ml,https://assets.sainsburys-groceries.co.uk/gol/6546431/1/640x640.jpg,"per 100ml
Energy: 157 kJ /
37 kcal","Water, Malted Barley, Maize, Hops, Hop Extract",https://www.sainsburys.co.uk/gol-ui/product/birra-moretti-lager-660ml,,2024-08-16T21:48:52.781566-04:00
67-92-DRI,Golden Ales Mixed Pack 6x500ml,Golden,Drinks,Beer & cider,Ale & stout,500ML,£12.00,6 for £12.00,£9.00,£4.00 / ltr,7704527,Beer,,https://assets.sainsburys-groceries.co.uk/gol/7704527/1/640x640.jpg,,"Brakspear Oxford Gold: contains Malted Barley, Wainwright Gold: contains Malted Barley, Hobgoblin Gold: contains Malted Barley, Wheat, Shipyard American Ipa: contains Malted Barley, Wheat, Ringwood Boondoggle: contains Malted Barley, Hobgoblin Session Ipa: Malted Barley",https://www.sainsburys.co.uk/gol-ui/product/golden-ales-mixed-pack-6x500ml,6 x 6x500ml,2024-08-16T21:49:05.664212-04:00
67-93-DRI,Corona Cero Alcohol Free 4x330ml,Corona,Drinks,Beer & cider,All beer,330ML,£4.50,4 for £4.50,£1.25,£3.41 / ltr,8114311,Alcohol Free Beer,0.02 g,https://assets.sainsburys-groceries.co.uk/gol/8114311/1/640x640.jpg,"per 100 ml per 330 ml
Energy 71 kJ/
17 kcal 235 kJ/
56 kcal
Fat 0 g 0 g
of which saturates 0 g 0 g
Carbohydrate 3.9 g 12.8 g
of which sugars 0.7 g 2.1 g
Protein 0.4 g 1.3 g
Salt 0 g 0.02 g","Water, Barley Malt, Maize, Sugar, Hops, Natural Flavours",https://www.sainsburys.co.uk/gol-ui/product/corona-cero-4x330ml,4 x 4x330ml,2024-08-16T21:49:14.273536-04:00
67-94-DRI,Corona Cero Alcohol Free Beer 12x330ml,Corona,Drinks,Low & no alcohol,All low & no alcohol,330ML,£12.00,12 for £12.00,£1.25,£3.03 / ltr,8159374,Alcohol Free Beer,0.02 g,https://assets.sainsburys-groceries.co.uk/gol/8159374/1/640x640.jpg,"per 100 ml per 330 ml
Energy 71 kJ /
17 kcal 235 kJ /
56 kcal
Fat 0 g 0 g
of which saturates 0 g 0 g
Carbohydrate 3.9 g 12.8 g
of which sugars 0.7 g 2.1 g
Protein 0.4 g 1.3 g
Salt 0 g 0.02 g","Water, Barley Malt, Maize, Sugar, Hops, Natural Flavours",https://www.sainsburys.co.uk/gol-ui/product/corona-cero-alcohol-free-beer-12x330ml,12 x 12x330ml,2024-08-16T21:49:21.967228-04:00
67-95-DRI,Thatchers Zero 0.0% Alcohol Free Cider 500ml,Thatchers,Drinks,Low & no alcohol,All low & no alcohol,500ML,£2.00,,£1.40,£4.00 / ltr,8022061,Alcohol Free Cider,,https://assets.sainsburys-groceries.co.uk/gol/8022061/1/640x640.jpg,,,https://www.sainsburys.co.uk/gol-ui/product/thatchers-zero-somerset-cider-500ml,,2024-08-16T21:49:40.090133-04:00
67-96-DRI,Beavertown Neck Oil Session IPA 4x330ml,Beavertown,Drinks,Beer & cider,All beer,330ML,£8.00,4 for £8.00,£6.50,£6.06 / ltr,7966544,Cans of Beer,,https://assets.sainsburys-groceries.co.uk/gol/7966544/1/640x640.jpg,,"Hops: Columbus Centennial, Simcoe Amarillo, Mosaic, Galaxy, Vic Secret, Malt: Extra Pale, Carapils, Yeast: US-05",https://www.sainsburys.co.uk/gol-ui/product/beavertown-neck-oil-4x330ml,4 x 4x330ml,2024-08-16T21:49:53.641994-04:00
67-97-DRI,Guinness Draught Stout Beer Cans 4x440ml,Guinness,Drinks,Special offers,,440ML,£5.75,4 for £5.75,£5.00,£3.27 / ltr,2250786,"ABOUT - Guinness Draught Stout Beer is truly revolutionary thanks to the nitrogenating widget in the can, which delivers a rich smooth head. Flavours of malt and hops create a truly unique beer.",,https://assets.sainsburys-groceries.co.uk/gol/2250786/1/640x640.jpg,,,https://www.sainsburys.co.uk/gol-ui/product/guinness-draught-stout-4x440ml,4 x 4x440ml,2024-08-16T21:50:12.551115-04:00
67-98-DRI,Peroni Nastro Azzurro 0.0% Alcohol Free Beer 12x330ml,Peroni,Drinks,Low & no alcohol,All low & no alcohol,330ML,£12.00,12 for £12.00,£1.25,£3.03 / ltr,8159379,Beer,0g,https://assets.sainsburys-groceries.co.uk/gol/8159379/1/640x640.jpg,"(per 100ml)
kJ 99
kcal 23
Fat 0g
of which Saturates 0g
Carbohydrate 5.6g
of which Sugars 0.8g
Protein 0.2g
Salt 0g","Water, Barley Malt, Italian Maize, Hops, Natural Flavours",https://www.sainsburys.co.uk/gol-ui/product/peroni-nastro-azzurro-00-alcohol-free-beer-12x330ml,12 x 12x330ml,2024-08-16T21:50:20.190986-04:00
67-99-DRI,BrewDog Mixed Beer Can Pack 12x330ml,BrewDog,Drinks,Beer & cider,All beer,330ML,£16.50,12 for £16.50,£14.00,£4.17 / ltr,7862207,Beer,,https://assets.sainsburys-groceries.co.uk/gol/7862207/1/640x640.jpg,,"Water, Malted Barley, Hops, Yeast",https://www.sainsburys.co.uk/gol-ui/product/brewdog-mixed-can-pack-12x330ml,12 x 12x330ml,2024-08-16T21:50:34.685557-04:00
67-100-DRI,Old Speckled Hen Pale Ale Beer Cans 4x500ml,Old,Drinks,Beer & cider,Ale & stout,500ML,£5.75,4 for £5.75,£4.00,£2.88 / ltr,8151500,Beer,,https://assets.sainsburys-groceries.co.uk/gol/8151500/1/640x640.jpg,,,https://www.sainsburys.co.uk/gol-ui/product/old-speckled-hen-english-pale-ale-4x500ml,4 x 4x500ml,2024-08-16T21:50:52.694026-04:00
67-101-DRI,Free Damm Non-Alcoholic Lager Beer 4x330ml,Free,Drinks,Beer & cider,All beer,330ML,£4.00,4 for £4.00,£3.50,£3.03 / ltr,8110753,Non-Alcoholic Beer,01g,https://assets.sainsburys-groceries.co.uk/gol/8110753/1/640x640.jpg,"For 100ml
Energy Value: 85kJ /
20kcal
Fat: 0,0g
Of which Saturates: 0,0g
Carbohydrate: 4,7g
Of which Sugars: 1,7g
Protein: 0,2g
Salt: <0,01g","Water, Barley Malt (8%), Maize, Glucose-Fructose Syrup, Rice, Hops",https://www.sainsburys.co.uk/gol-ui/product/free-damm-non-alcoholic-lager-beer-4x330ml,4 x 4x330ml,2024-08-16T21:51:02.719335-04:00
67-102-DRI,Inch's Medium Apple Cider SGL 10x440ml,Inch's,Drinks,Beer & cider,Bigger packs,440ML,£10.75,10 for £10.75,£1.85,£2.44 / ltr,8049240,Cider.,0.01g,https://assets.sainsburys-groceries.co.uk/gol/8049240/1/640x640.jpg,"Per 100ml:
Energy: 181kJ/
43kcal
Fat: 0.0g
Saturates: 0.0g
Carbohydrate: 4.4g
Sugars: 4.2g
Protein: 0.0g
Salt: <0.01g","Water, Apple Juice (from Concentrate), Sugar, Acid: Malic Acid, Antioxidant: Sodium Metabisulphite",https://www.sainsburys.co.uk/gol-ui/product/inchs-medium-apple-cider-sgl-10x440ml,10 x 10x440ml,2024-08-16T21:51:11.746941-04:00
67-103-DRI,BrewDog Hazy Jane 12x330ml,BrewDog,Drinks,Beer & cider,All beer,330ML,£16.50,12 for £16.50,£13.50,£4.17 / ltr,8031112,Beer.,,https://assets.sainsburys-groceries.co.uk/gol/8031112/1/640x640.jpg,,"Water, Malted Barley, Malted Oats, Torrefied Wheat, Hops, Yeast",https://www.sainsburys.co.uk/gol-ui/product/brewdog-hazy-jane-12x330ml,12 x 12x330ml,2024-08-16T21:51:25.091060-04:00
67-104-DRI,Guinness Draught Stout Beer Can 8x440ml,Guinness,Drinks,Beer & cider,Ale & stout,440ML,£11.50,8 for £11.50,£14.50,£3.27 / ltr,8156445,"ABOUT - Guinness Draught Stout Beer is truly revolutionary thanks to the nitrogenating widget in the can, which delivers a rich smooth head. Flavours of malt and hops create a truly unique beer.",,https://assets.sainsburys-groceries.co.uk/gol/8156445/1/640x640.jpg,,,https://www.sainsburys.co.uk/gol-ui/product/guinness-draught-stout-beer-can-8x440ml-8156445-p-44,8 x 8x440ml,2024-08-16T21:51:43.089059-04:00
67-105-DRI,Thatchers Haze Cloudy Somerset Cider 10x440ml,Thatchers,Drinks,Beer & cider,All beer,440ML,£11.00,10 for £11.00,£9.50,£2.50 / ltr,7909766,Haze Cloudy Somerset Cider,,https://assets.sainsburys-groceries.co.uk/gol/7909766/1/640x640.jpg,,,https://www.sainsburys.co.uk/gol-ui/product/thatchers-haze-cloudy-somerset-cider-10x440ml,10 x 10x440ml,2024-08-16T21:52:00.665920-04:00
67-106-DRI,Kopparberg Premium Cider Variety Pack 10x330ml,Kopparberg,Drinks,Vegan,All vegan,330ML,£11.00,10 for £11.00,£11.00,£3.33 / ltr,8151358,,,https://assets.sainsburys-groceries.co.uk/gol/8151358/1/640x640.jpg,,,https://www.sainsburys.co.uk/gol-ui/product/kopparberg-premium-cider-variety-pack-10x330ml,10 x 10x330ml,2024-08-16T21:52:24.397860-04:00
67-107-DRI,Birra Moretti Zero Alcohol-Free Beer 4x330ml,Birra,Drinks,Special offers,,330ML,£5.00,4 for £5.00,£1.25,£3.79 / ltr,8066947,Alcohol Free Beer with Natural Flavourings,01 g,https://assets.sainsburys-groceries.co.uk/gol/8066947/1/640x640.jpg,"Per 100ml
Energy 84kJ/
20kcal
Fat 0 g
of which saturates 0 g
Carbohydrate 4,4 g
of which sugars 1,2 g
Protein 0,5 g
Salt <0,01 g","Water, Malted Barley, Hops, Hop Extract, Natural Flavourings",https://www.sainsburys.co.uk/gol-ui/product/birra-moretti-zero-alcohol-free-beer-4x330ml,4 x 4x330ml,2024-08-16T21:52:33.050204-04:00
67-108-DRI,Peroni Nastro Azzurro Beer Lager Bottle 620ml,Peroni,Drinks,Beer & cider,All beer,620ML,£2.75,,£1.25,£4.44 / ltr,7754544,Beer,,https://assets.sainsburys-groceries.co.uk/gol/7754544/1/640x640.jpg,,"Water, Barley Malt, Italian Maize, Hops",https://www.sainsburys.co.uk/gol-ui/product/peroni-nastro-azzurro-620ml,,2024-08-16T21:52:50.146362-04:00
67-109-DRI,Stella Artois Premium Lager Beer Cans 10x440ml,Stella,Drinks,Beer & cider,All beer,440ML,£12.00,10 for £12.00,£1.25,£2.73 / ltr,7862208,Brewed with 100% Natural Ingredients,0.02g,https://assets.sainsburys-groceries.co.uk/gol/7862208/1/640x640.jpg,"Per 100ml Per 440ml
Energy 165kJ /
727kJ /
(kJ / kcal) 39kcal 174kcal
Fat 0g 0g
of which saturates 0g 0g
Carbohydrate 3.2g 13.9g
of which sugars 0.3g 1.3g
Protein 0.4g 1.6g
Salt 0g 0.02g","Water, Barley Malt, Maize, Hops",https://www.sainsburys.co.uk/gol-ui/product/stella-artois-lager-10x440ml,10 x 10x440ml,2024-08-16T21:52:57.626028-04:00
67-110-DRI,BrewDog Alcohol Free Mixed Pack 8x330ml,BrewDog,Drinks,Low & no alcohol,All low & no alcohol,330ML,£10.00,8 for £10.00,£7.00,£3.79 / ltr,8113230,United We Stand for Better Beer,0.1g,https://assets.sainsburys-groceries.co.uk/gol/8113230/1/640x640.jpg,"Per 100ml
Energy (kJ/kcal) 56/
13
Fat 0.1g
(Of which Saturates) 0.1g
Carbohydrates 2.6g
(Of which Sugars) 2.0g
Protein 0.1g
Salt <0.1g","Water, Lactose (Milk), Mated Barley, Hops, Yeast, Malted Oats, Lactic Acid",https://www.sainsburys.co.uk/gol-ui/product/brewdog-alcohol-free-mixed-pack-8x330ml,8 x 8x330ml,2024-08-16T21:53:06.111068-04:00
67-111-DRI,Camden Hells Lager Cans 12x330ml,Camden,Drinks,Beer & cider,All beer,330ML,£15.50,12 for £15.50,£11.00,£3.91 / ltr,8121256,,,https://assets.sainsburys-groceries.co.uk/gol/8121256/1/640x640.jpg,,,https://www.sainsburys.co.uk/gol-ui/product/camden-hells-lager-12x330ml,12 x 12x330ml,2024-08-16T21:53:29.315193-04:00
67-112-DRI,Budweiser Lager Beer Cans 15x440ml,Budweiser,Drinks,Beer & cider,All beer,440ML,£16.00,15 for £16.00,£9.00,£2.42 / ltr,7982242,Beer,0.1g,https://assets.sainsburys-groceries.co.uk/gol/7982242/1/640x640.jpg,"Per 100ml Per 440ml
Energy 162kJ /
712kJ /
(kJ / kcal) 39kcal 170kcal
Fat 0g 0g
of which saturates 0g 0g
Carbohydrate 3.1g 13.6g
of which sugars 0.1g 0.3g
Protein 0.3g 1.5g
Salt <0.01g <0.1g","Water, Barley Malt, Rice, Hops",https://www.sainsburys.co.uk/gol-ui/product/budweiser-beer-limited-edition-15x440ml,15 x 15x440ml,2024-08-16T21:53:37.121779-04:00
67-113-DRI,San Miguel Alcohol Free Lager Beer 4x330ml Bottles,San,Drinks,Low & no alcohol,All low & no alcohol,330ML,£4.25,4 for £4.25,£1.85,£3.22 / ltr,8133299,24 Calories per 100ml,0.01g,https://assets.sainsburys-groceries.co.uk/gol/8133299/1/640x640.jpg,"Per 100ml:
Energy 102kJ/
24kcal
Fat 0g
Of Which Saturates 0g
Carbohydrate 5.6g
Of Which Sugars 1.7g
Protein 0.3g
Salt 0.01g","Water, Barley Malt, Carbon Dioxide, Hops, Flavourings",https://www.sainsburys.co.uk/gol-ui/product/san-miguel-alcohol-free-lager-beer-4x330ml-bottles,4 x 4x330ml,2024-08-16T21:53:44.477347-04:00
67-114-DRI,Henry Westons Medium Dry Vintage Cider 6x500ml,Henry,Drinks,Special offers,,500ML,£10.75,6 for £10.75,£9.50,£3.58 / ltr,7828213,Herefordshire Vintage Cider,,https://assets.sainsburys-groceries.co.uk/gol/7828213/1/640x640.jpg,,,https://www.sainsburys.co.uk/gol-ui/product/henry-westons-vintage-cider-6x500ml,6 x 6x500ml,2024-08-16T21:54:02.080542-04:00
67-115-DRI,Timothy Taylor's Landlord Ale 500ml,Timothy,Drinks,Beer & cider,Ale & stout,500ML,£2.25,,£1.85,£4.50 / ltr,3168936,,,https://assets.sainsburys-groceries.co.uk/gol/3168936/1/640x640.jpg,,,https://www.sainsburys.co.uk/gol-ui/product/timothy-taylor-landlord-ale-500ml,,2024-08-16T21:54:24.589492-04:00
67-116-DRI,St Austell Brewery Proper Job Cornish IPA 500ml,St,Drinks,Beer & cider,Ale & stout,500ML,£2.10,,£1.85,£4.20 / ltr,7707305,Beer,,https://assets.sainsburys-groceries.co.uk/gol/7707305/1/640x640.jpg,,,https://www.sainsburys.co.uk/gol-ui/product/st-austell-proper-job-500ml,,2024-08-16T21:54:42.088132-04:00
67-117-DRI,BrewDog Punk IPA 12x330ml,BrewDog,Drinks,Beer & cider,All beer,330ML,£16.50,12 for £16.50,£4.00,£4.17 / ltr,7852527,Beer.,,https://assets.sainsburys-groceries.co.uk/gol/7852527/1/640x640.jpg,,"Water, Malted Barley, Hops, Yeast",https://www.sainsburys.co.uk/gol-ui/product/brewdog-punk-ipa-12x330ml,12 x 12x330ml,2024-08-16T21:54:54.417033-04:00
67-118-DRI,BrewDog Punk India Pale Ale (IPA) 4x330ml,BrewDog,Drinks,Beer & cider,All beer,330ML,£6.25,4 for £6.25,£5.25,£4.73 / ltr,7777551,Beer.,,https://assets.sainsburys-groceries.co.uk/gol/7777551/1/640x640.jpg,,"Water, Malted Barley, Hops, Yeast",https://www.sainsburys.co.uk/gol-ui/product/brewdog-punk-india-pale-ale-ipa-4x330ml,4 x 4x330ml,2024-08-16T21:55:07.132396-04:00
67-119-DRI,Edizione 789 Di Mondelli Prosecco 75cl,Edizione,Drinks,Champagne & sparkling wine,All champagne & sparkling wine,,£6.25,,£10.50,£6.25 / 75cl,7800128,Prosecco Denominazione Di Origine Controllata Vino Spumante Extra-dy,100ml,https://assets.sainsburys-groceries.co.uk/gol/7800128/1/640x640.jpg,"Typical Values Per 100ml  A serving contains  % based on RI for Average Adult
Energy 299kJ 374kJ -
72kcal 89kcal 4%",,https://www.sainsburys.co.uk/gol-ui/product/edizione-789-di-mondelli-prosecco-75cl-7800128-p-44,,2024-08-16T21:55:19.519870-04:00
67-120-DRI,Champagne Lanson Le Black Création 75cl,Champagne,Drinks,Champagne & sparkling wine,All champagne & sparkling wine,,£43.00,,£39.00,£43.00 / 75cl,2193663,Black Label Champagne,,https://assets.sainsburys-groceries.co.uk/gol/2193663/1/640x640.jpg,,,https://www.sainsburys.co.uk/gol-ui/product/lanson-black-label-brut--non-vintage-75cl,,2024-08-16T21:55:37.081604-04:00
67-121-DRI,"Sainsbury's Conegliano Prosecco, Taste the Difference 75cl",Sainsbury's,Drinks,Special offers,,,£9.75,,£8.00,£9.75 / 75cl,6573987,Conegliano,100ml,https://assets.sainsburys-groceries.co.uk/gol/6573987/1/640x640.jpg,"Typical Values Per 100ml  per 125ml glass  % based on RI for Average Adult
Energy 67kcal 84kcal 4%
279kJ 349kJ -",,https://www.sainsburys.co.uk/gol-ui/product/sainsburys-conegliano-prosecco--taste-the-difference-75cl,,2024-08-16T21:55:49.580975-04:00
67-122-DRI,I Heart Prosecco 75cl,I,Drinks,Champagne & sparkling wine,All champagne & sparkling wine,,£9.00,,£8.75,£9.00 / 75cl,7798840,,100ml,https://assets.sainsburys-groceries.co.uk/gol/7798840/1/640x640.jpg,"per 100ml
E: 276kj/66kcal",,https://www.sainsburys.co.uk/gol-ui/product/i-heart-prosecco-75cl,,2024-08-16T21:56:07.308691-04:00
67-123-DRI,"Sainsbury's Prosecco Rose, Taste the Difference 75cl",Sainsbury's,Drinks,Champagne & sparkling wine,All champagne & sparkling wine,,£9.75,,£8.00,£9.75 / 75cl,8034845,PROSECCO,100ml,https://assets.sainsburys-groceries.co.uk/gol/8034845/1/640x640.jpg,"Typical Values Per 100ml  per 125ml glass  % based on RI for Average Adult
Energy 69kcal 86kcal 4%
290kJ 362kJ -",,https://www.sainsburys.co.uk/gol-ui/product/sainsburys-prosecco-rose-taste-the-difference-75ml,,2024-08-16T21:56:19.882615-04:00
67-124-DRI,"Sainsbury's Blanc De Noirs Champagne, Taste the Difference 75cl",Sainsbury's,Drinks,Special offers,,,£24.50,,£1.50,£24.50 / 75cl,619738,Champagne,100ml,https://assets.sainsburys-groceries.co.uk/gol/619738/1/640x640.jpg,"Typical Values Per 100ml  Per 125 ml glass  % based on RI for Average Adult
Energy 310kJ 388kJ -
74kcal 93kcal 5%",,https://www.sainsburys.co.uk/gol-ui/product/sainsburys-blanc-de-noirs-champagne-75cl-619738-p-44,,2024-08-16T21:56:32.348671-04:00
67-125-DRI,"Bollinger Special Cuvee, Non Vintage Champagne 75cl",Bollinger,Drinks,Champagne & sparkling wine,All champagne & sparkling wine,,£58.00,,£39.00,£58.00 / 75cl,2466552,White French Wine,,https://assets.sainsburys-groceries.co.uk/gol/2466552/1/640x640.jpg,,,https://www.sainsburys.co.uk/gol-ui/product/bollinger-special-cuvee-non-vintage-champagne-75cl,,2024-08-16T21:56:49.677345-04:00
67-126-DRI,Veuve Clicquot Yellow Label Brut Non Vintage Champagne 75cl,Veuve,Drinks,Champagne & sparkling wine,All champagne & sparkling wine,,£48.00,,£39.00,£48.00 / 75cl,2284071,Champagne - Brut,,https://assets.sainsburys-groceries.co.uk/gol/2284071/1/640x640.jpg,,,https://www.sainsburys.co.uk/gol-ui/product/veuve-clicquot-yellow-label-nv-75cl,,2024-08-16T21:57:07.950020-04:00
67-127-DRI,Lanson Le Rosé 75cl,Lanson,Drinks,Champagne & sparkling wine,All champagne & sparkling wine,,£38.00,,£48.00,£38.00 / 75cl,6015367,Champagne Brut Rosé,,https://assets.sainsburys-groceries.co.uk/gol/6015367/1/640x640.jpg,,,https://www.sainsburys.co.uk/gol-ui/product/lanson-le-ros%C3%A9-75cl,,2024-08-16T21:57:25.439527-04:00
67-128-DRI,Sainsbury's Cava Brut 75cl,Sainsbury's,Drinks,Special offers,,,£6.50,,£13.00,£6.50 / 75cl,127523,Cava Brut,100ml,https://assets.sainsburys-groceries.co.uk/gol/127523/1/640x640.jpg,"Typical Values Per 100ml  per 125ml glass  % based on RI for Average Adult
Energy 287kJ 359kJ -
69kcal 86kcal 4%",,https://www.sainsburys.co.uk/gol-ui/product/sainsburys-cava-brut-75cl-127523-p-44,,2024-08-16T21:57:37.939847-04:00
67-129-DRI,Freixenet Prosecco 75cl,Freixenet,Drinks,Champagne & sparkling wine,All champagne & sparkling wine,,£12.00,,£8.00,£12.00 / 75cl,7874512,Prosecco - White Sparkling Italian Wine,,https://assets.sainsburys-groceries.co.uk/gol/7874512/1/640x640.jpg,,,https://www.sainsburys.co.uk/gol-ui/product/freixenet-prosecco-75cl,,2024-08-16T21:57:56.421357-04:00
67-130-DRI,Maschio Prosecco DOC Extra Dry 75cl,Maschio,Drinks,Champagne & sparkling wine,All champagne & sparkling wine,,£10.00,,£8.75,£10.00 / 75cl,7625968,,,https://assets.sainsburys-groceries.co.uk/gol/7625968/1/640x640.jpg,,,https://www.sainsburys.co.uk/gol-ui/product/maschio-prosecco-doc-brut-75cl,,2024-08-16T21:58:19.927684-04:00
67-131-DRI,Valdo Prosecco Marca Oro 75cl,Valdo,Drinks,Champagne & sparkling wine,All champagne & sparkling wine,,£7.50,,£8.75,£7.50 / 75cl,6002133,Prosecco - Extra Dry Sparkling Italian Wine,,https://assets.sainsburys-groceries.co.uk/gol/6002133/1/640x640.jpg,,,https://www.sainsburys.co.uk/gol-ui/product/valdo-prosecco-marca-oro-75cl,,2024-08-16T21:58:37.594050-04:00
67-132-DRI,Moët & Chandon Brut Imperial Champagne 75cl,Moët,Drinks,Champagne & sparkling wine,All champagne & sparkling wine,,£37.00,,£44.00,£37.00 / 75cl,2038391,Champagne - Brut,,https://assets.sainsburys-groceries.co.uk/gol/2038391/1/640x640.jpg,,,https://www.sainsburys.co.uk/gol-ui/product/mo%C3%ABt-chandon-imp%C3%A9rial-brut-non-vintage-champagne-75cl,,2024-08-16T21:58:55.007416-04:00
67-133-DRI,Moët & Chandon Brut Imperial Rose Champagne 75cl,Moët,Drinks,Champagne & sparkling wine,All champagne & sparkling wine,,£50.00,,£44.00,£50.00 / 75cl,3892374,Brut,,https://assets.sainsburys-groceries.co.uk/gol/3892374/1/640x640.jpg,,,https://www.sainsburys.co.uk/gol-ui/product/mo%C3%ABt-chandon-imp%C3%A9rial-ros%C3%A9-non-vintage-champagne-75cl,,2024-08-16T21:59:13.402802-04:00
67-134-DRI,Nozeco 75cl,Nozeco,Drinks,Low & no alcohol,All low & no alcohol,,£3.00,,£3.50,£3.00 / 75cl,7903703,Aerated Flavoured Drink Based On De-Alcoholised Wine,01g,https://assets.sainsburys-groceries.co.uk/gol/7903703/1/640x640.jpg,"Per 100ml
Energy 84kJ/
20kcal
Fat <0,5g
Including Saturates <0,1g
Carbohydrates 5,0g
Of which Sugar 5,0g
Fibre 0,0g
Protein <0,5g
Salt <0,01g","De-Alcoholised Wine (EU), Sugar, Carbon Dioxyde, Acidifier: Citric Acid, Natural Flavouring, Preservatives: Potassium Sorbate & Potassium Bisulfite (Sulphites)",https://www.sainsburys.co.uk/gol-ui/product/nosecco-alcohol-free-sparkling-wine-75cl,,2024-08-16T21:59:20.640344-04:00
67-135-DRI,"Mumm Cordon Rouge Champagne Brut, Non Vintage 75cl",Mumm,Drinks,Champagne & sparkling wine,All champagne & sparkling wine,,£31.00,,£39.00,£31.00 / 75cl,3045565,Brut - White French Wine,,https://assets.sainsburys-groceries.co.uk/gol/3045565/1/640x640.jpg,,,https://www.sainsburys.co.uk/gol-ui/product/mumm-cordon-rouge-champagne-brut-nv-75cl-3045565-p-44,,2024-08-16T21:59:38.000424-04:00
67-136-DRI,Sainsbury's Rosé Cava 75cl,Sainsbury's,Drinks,Special offers,,,£6.75,,,£6.75 / 75cl,1040364,CAVA,100ml,https://assets.sainsburys-groceries.co.uk/gol/1040364/1/640x640.jpg,"Typical Values Per 100ml  Per 125ml glass  % based on RI for Average Adult
Energy 288kJ 360kJ -
69kcal 86kcal 4%",,https://www.sainsburys.co.uk/gol-ui/product/sainsburys-ros%C3%A9-cava-75cl,,2024-08-16T21:59:56.165722-04:00
67-137-DRI,Kylie Minogue Prosecco Rose 75cl,Kylie,Drinks,Special offers,,,£11.00,,£11.00,£11.00 / 75cl,8111455,Prosecco DOC Rosé,,https://assets.sainsburys-groceries.co.uk/gol/8111455/1/640x640.jpg,,,https://www.sainsburys.co.uk/gol-ui/product/kylie-minogue-prosecco-rose-75cl,,2024-08-16T22:00:13.714709-04:00
67-138-DRI,Sainsbury's Prosecco Frizzante 75cl,Sainsbury's,Drinks,Special offers,,,£6.00,,£10.50,£6.00 / 75cl,7151403,Prosecco DOC Treviso Frizzante 75cl,100ml,https://assets.sainsburys-groceries.co.uk/gol/7151403/1/640x640.jpg,"Typical Values Per 100ml  Per 125 ml glass  % based on RI for Average Adult
Energy 270kJ 337kJ -
65kcal 81kcal 4%",,https://www.sainsburys.co.uk/gol-ui/product/sainsburys-prosecco-frizzante-75cl-7151403-p-44,,2024-08-16T22:00:26.133307-04:00
67-139-DRI,Laurent Perrier Champagne Cuvée Rosé Brut 750ml,Laurent,Drinks,Champagne & sparkling wine,All champagne & sparkling wine,750ML,£80.00,,£13.00,£80.00 / 75cl,2343372,Brut - Rosé French Wine,,https://assets.sainsburys-groceries.co.uk/gol/2343372/1/640x640.jpg,,,https://www.sainsburys.co.uk/gol-ui/product/laurent-perrier-cuve%C3%A9-ros%C3%A9-champagne-75cl,,2024-08-16T22:00:43.733351-04:00
67-140-DRI,Freixenet Italian Sparkling Rose Extra Dry Wine 75cl,Freixenet,Drinks,Champagne & sparkling wine,All champagne & sparkling wine,,£12.00,,£22.00,£12.00 / 75cl,7914132,Rosé - Sparkling Italian Wine,,https://assets.sainsburys-groceries.co.uk/gol/7914132/1/640x640.jpg,,,https://www.sainsburys.co.uk/gol-ui/product/freixenet-italian-sparkling-rose-extra-dry-wine-75cl,,2024-08-16T22:01:01.084373-04:00
67-141-DRI,"Sainsbury's Crémant De Loire, Taste the Difference 75cl",Sainsbury's,Drinks,Vegetarian & plant based,,,£12.00,,£14.75,£12.00 / 75cl,7821994,Crémant de Loire,100ml,https://assets.sainsburys-groceries.co.uk/gol/7821994/1/640x640.jpg,"Typical Values Per 100ml  per 125ml glass  % based on RI for Average Adult
Energy 76kcal 95kcal 5%
319kJ 398kJ -",,https://www.sainsburys.co.uk/gol-ui/product/sainsburys-cr%C3%A9mant-de-loire-taste-the-difference-75cl,,2024-08-16T22:01:13.550512-04:00
67-142-DRI,Canti Prosecco D.O.C Rosè 75cl,Canti,Drinks,Champagne & sparkling wine,All champagne & sparkling wine,,£7.50,,£9.50,£7.50 / 75cl,8130120,,,https://assets.sainsburys-groceries.co.uk/gol/8130120/1/640x640.jpg,,,https://www.sainsburys.co.uk/gol-ui/product/canti-prosecco-doc-ros%C3%A8-75cl,,2024-08-16T22:01:36.342720-04:00
67-143-DRI,Sainsbury's Cava Medium Dry 75cl,Sainsbury's,Drinks,Special offers,,,£6.50,,,£6.50 / 75cl,1317671,Cava Medium Dry,100ml,https://assets.sainsburys-groceries.co.uk/gol/1317671/1/640x640.jpg,"Typical Values Per 100ml  Per 125ml glass  % based on RI for Average Adult
Energy 328kJ 410kJ -
78kcal 98kcal 5%",,https://www.sainsburys.co.uk/gol-ui/product/sainsburys-cava-medium-dry-75cl,,2024-08-16T22:01:55.427645-04:00
67-144-DRI,"Sainsbury's Conegliano Prosecco, Taste the Difference (Small bottle) 20cl",Sainsbury's,Drinks,Vegetarian & plant based,,,£3.30,,£10.50,£12.38 / 75cl,7575247,Conegliano,100ml,https://assets.sainsburys-groceries.co.uk/gol/7575247/1/640x640.jpg,"Typical Values Per 100ml  per 125ml glass  % based on RI for Average Adult
Energy 67kcal 84kcal 4%
279kJ 349kJ -",,https://www.sainsburys.co.uk/gol-ui/product/sainsburys-conegliano-prosecco--taste-the-difference-20cl,,2024-08-16T22:02:07.885430-04:00
67-145-DRI,Cantine Maschio Prosecco 20cl,Cantine,Drinks,Champagne & sparkling wine,All champagne & sparkling wine,,£2.50,,£10.50,£9.38 / 75cl,7986319,Prosecco - White Italian Wine,,https://assets.sainsburys-groceries.co.uk/gol/7986319/1/640x640.jpg,,,https://www.sainsburys.co.uk/gol-ui/product/cantine-maschio-prosecco-20cl,,2024-08-16T22:02:25.438390-04:00
67-146-DRI,"Sainsbury's Prosecco, Taste the Difference 75cl",Sainsbury's,Drinks,Special offers,,,£8.50,,£8.75,£8.50 / 75cl,8152133,,100ml,https://assets.sainsburys-groceries.co.uk/gol/8152133/1/640x640.jpg,"per 100ml: Per 125ml glass:
Energy 257kJ/
62kcal 321kJ/
78kcal",,https://www.sainsburys.co.uk/gol-ui/product/sainsburys-prosecco-taste-the-difference-75cl,,2024-08-16T22:02:43.670298-04:00
67-147-DRI,Bollinger Rosé Champagne 75cl,Bollinger,Drinks,Champagne & sparkling wine,All champagne & sparkling wine,,£52.00,,£60.00,£52.00 / 75cl,7602480,Rosé French Wine,,https://assets.sainsburys-groceries.co.uk/gol/7602480/1/640x640.jpg,,,https://www.sainsburys.co.uk/gol-ui/product/bollinger-ros%C3%A9-champagne-75cl,,2024-08-16T22:03:01.119628-04:00
67-148-DRI,Canti Prosecco 75cl,Canti,Drinks,Champagne & sparkling wine,All champagne & sparkling wine,,£8.75,,£8.75,£8.75 / 75cl,7688794,,,https://assets.sainsburys-groceries.co.uk/gol/7688794/1/640x640.jpg,,,https://www.sainsburys.co.uk/gol-ui/product/canti-prosecco-75cl,,2024-08-16T22:03:23.565607-04:00
67-149-DRI,Prosecco Rosé 75cl,Prosecco,Drinks,Special offers,,,£8.00,,£13.00,£8.00 / 75cl,8082950,Prosecco Denominazione Di Origine Controllata Rosé,100ml,https://assets.sainsburys-groceries.co.uk/gol/8082950/1/640x640.jpg,"Typical Values Per 100ml  per 125ml glass  % based on RI for Average Adult
Energy 64kcal 80kcal -
268kJ 335kJ -",,https://www.sainsburys.co.uk/gol-ui/product/prosecco-ros%C3%A9-75cl,,2024-08-16T22:03:36.256291-04:00
67-150-DRI,I Heart Prosecco Rose 75cl,I,Drinks,Champagne & sparkling wine,All champagne & sparkling wine,,£9.00,,£12.50,£9.00 / 75cl,8051481,,100ml,https://assets.sainsburys-groceries.co.uk/gol/8051481/1/640x640.jpg,"per 100ml
E: 276kj/66kcal",,https://www.sainsburys.co.uk/gol-ui/product/i-heart-prosecco-rose-75cl,,2024-08-16T22:03:53.592878-04:00
67-151-DRI,Della Vite Valdobbiadene Prosecco Superiore D.O.C.G 75cl,Della,Drinks,Special offers,,,£18.00,,£21.50,£18.00 / 75cl,8113252,,,https://assets.sainsburys-groceries.co.uk/gol/8113252/1/640x640.jpg,,,https://www.sainsburys.co.uk/gol-ui/product/della-vite-valdobbiadene-prosecco-superiore-docg-750ml,,2024-08-16T22:04:16.067659-04:00
67-152-DRI,Freixenet Cordon Negro Brut Cava 75cl,Freixenet,Drinks,Champagne & sparkling wine,All champagne & sparkling wine,,£10.50,,£13.00,£10.50 / 75cl,2467740,Cordon Negro Brut,,https://assets.sainsburys-groceries.co.uk/gol/2467740/1/640x640.jpg,,,https://www.sainsburys.co.uk/gol-ui/product/freixenet-cordon-negro-brut-cava-nv-75cl,,2024-08-16T22:04:34.005199-04:00
67-153-DRI,Moet & Chandon Nectar Imperial Champagne 75cl,Moet,Drinks,Champagne & sparkling wine,All champagne & sparkling wine,,£48.00,,£44.00,£48.00 / 75cl,4059264,Demi-Sec - White French Champagne,,https://assets.sainsburys-groceries.co.uk/gol/4059264/1/640x640.jpg,,,https://www.sainsburys.co.uk/gol-ui/product/mo%C3%ABt-chandon-nectar-imp%C3%A9rial-non-vintage-champagne-75cl,,2024-08-16T22:04:51.488122-04:00
67-154-DRI,"Nozeco Alcohol Free Rosé Fine Sparkling, Special Edition 75cl",Nozeco,Drinks,Low & no alcohol,All low & no alcohol,,£3.00,,£3.50,£3.00 / 75cl,8019814,Aerated Flavoured Drink Based on De-Alcoholised Wine,01g,https://assets.sainsburys-groceries.co.uk/gol/8019814/1/640x640.jpg,"Per 100ml
Energy 84kJ/
20kcal
Fat <0,5g
Including Saturates <0,1g
Carbohydrates 5,0g
Of which Sugar 5,0g
Fibre 0,0g
Protein <0,5g
Salt <0,01g","De-Alcoholised Wine (EU), Sugar, Carbon Dioxyde, Natural Flavourings, Acidifier: Citric Acid, Preservatives: Potassium Sorbate & Potassium Bisulfite (Sulphites), Colour: Anthocyanins",https://www.sainsburys.co.uk/gol-ui/product/nosecco-ros%C3%A9-spumante-da-angelo-taurini-75cl,,2024-08-16T22:04:59.416588-04:00
67-155-DRI,"Sainsbury's Cremant De Loire Rose, Taste the Difference 75cl",Sainsbury's,Drinks,Special offers,,,£11.50,,£14.75,£11.50 / 75cl,7912356,Crémant De Loire,100ml,https://assets.sainsburys-groceries.co.uk/gol/7912356/1/640x640.jpg,"Typical Values Per 100ml  per 125ml glass  % based on RI for Average Adult
Energy 74kcal 93kcal 5%
312kJ 389kJ -",,https://www.sainsburys.co.uk/gol-ui/product/sainsburys-cremant-de-loire-rose-taste-the-difference-75cl,,2024-08-16T22:05:12.126634-04:00
67-156-DRI,Freixenet 0.0% Alcohol Free Sparkling Rosé 75cl,Freixenet,Drinks,Low & no alcohol,All low & no alcohol,,£5.00,,£1.85,£5.00 / 75cl,8002334,Sparkling Drink Based on De-Alcoholised Wine,01 g,https://assets.sainsburys-groceries.co.uk/gol/8002334/1/640x640.jpg,"100 ml contain:
Energy 80 kJ /
19 kcal
Fat 0 g
of which saturate 0 g
Carbohydrate 4,3 g
of which sugars 3,8 g
Protein 0 g
Salt 0,01 g","Alcohol Free Wine from EU (90%), Rectified Concentrated Grape Must, Carbon Dioxide, Antioxidant: Sulphur Dioxide, Preservatives: Potassium Sorbate, Dimethyl Dicarbonate, Stabiliser: Gum Arabic, Colour: Anthocyanins, Flavouring",https://www.sainsburys.co.uk/gol-ui/product/freixenet-00-alcohol-free-sparkling-ros%C3%A9-75cl,,2024-08-16T22:05:19.549496-04:00
67-157-DRI,Taittinger Brut Reserve Champagne 75cl,Taittinger,Drinks,Champagne & sparkling wine,All champagne & sparkling wine,,£43.00,,£39.00,£43.00 / 75cl,6619947,Champagne Brut Réserve,,https://assets.sainsburys-groceries.co.uk/gol/6619947/1/640x640.jpg,,,https://www.sainsburys.co.uk/gol-ui/product/taittinger-brut-r%C3%A9serve-champagne-750ml,,2024-08-16T22:05:38.066960-04:00
67-158-DRI,Perrier-Jouet Grand Brut NV Champagne 75cl,Perrier-Jouet,Drinks,Champagne & sparkling wine,All champagne & sparkling wine,,£50.00,,£40.00,£40.00 / 75cl,8051649,Champagne Grand Brut,,https://assets.sainsburys-groceries.co.uk/gol/8051649/1/640x640.jpg,,,https://www.sainsburys.co.uk/gol-ui/product/perrier-jou%C3%ABt-champagne-grand-brut-75cl,,2024-08-16T22:05:55.670960-04:00
67-159-DRI,"Sainsbury's Cremant d’Alsace, Taste the Difference 75cl",Sainsbury's,Drinks,Champagne & sparkling wine,All champagne & sparkling wine,,£10.00,,£11.50,£10.00 / 75cl,8121557,Brut,100ml,https://assets.sainsburys-groceries.co.uk/gol/8121557/1/640x640.jpg,"per 100ml: Per 125ml glass:
Energy 300kJ/
72kcal 376kJ/
90kcal",,https://www.sainsburys.co.uk/gol-ui/product/sainsburys-cremant-d%E2%80%99alsace-taste-the-difference-75cl,,2024-08-16T22:06:08.091232-04:00
67-160-DRI,Freixenet 0.0% Alcohol Free Sparkling Wine 75cl,Freixenet,Drinks,Low & no alcohol,No alcohol,,£5.00,,£1.85,£5.00 / 75cl,8002280,Sparkling Drink Based on De-Alcoholised Wine,01 g,https://assets.sainsburys-groceries.co.uk/gol/8002280/1/640x640.jpg,"100 ml contain:
Energy 80kJ /
19 kcal
Fat 0 g
of which saturate 0 g
Carbohydrate 4,3 g
of which sugars 3,8 g
Protein 0 g
Salt 0,01 g","Alcohol Free Wine From EU (90%), Rectified Concentrated Grape Must, Carbon Dioxide, Antioxidant: Sulphur Dioxide, Preservatives: Potassium Sorbate, Dimethyl Dicarbonate, Stabiliser: Gum Arabic, Flavouring",https://www.sainsburys.co.uk/gol-ui/product/freixenet-00-alcohol-free-sparkling-wine-75cl,,2024-08-16T22:06:15.407137-04:00
67-161-DRI,"Sainsbury's Conegliano Prosecco, Taste the Difference 37.5cl",Sainsbury's,Drinks,Special offers,,,£6.00,,£8.00,£12.00 / 75cl,7627140,Conegliano,100ml,https://assets.sainsburys-groceries.co.uk/gol/7627140/1/640x640.jpg,"Typical Values Per 100ml  per 125ml glass  % based on RI for Average Adult
Energy 67kcal 84kcal 4%
279kJ 349kJ -",,https://www.sainsburys.co.uk/gol-ui/product/sainsburys-conegliano-prosecco--taste-the-difference-375cl,,2024-08-16T22:06:27.772736-04:00
67-162-DRI,Freixenet Cordon Rosado Cava 75cl,Freixenet,Drinks,Champagne & sparkling wine,All champagne & sparkling wine,,£10.50,,,£10.50 / 75cl,7725978,Rosé Dry Cava,,https://assets.sainsburys-groceries.co.uk/gol/7725978/1/640x640.jpg,,,https://www.sainsburys.co.uk/gol-ui/product/freixenet-cordon-rosado-75cl,,2024-08-16T22:06:50.610740-04:00
67-163-DRI,Sainsbury's Asti 75cl,Sainsbury's,Drinks,Champagne & sparkling wine,All champagne & sparkling wine,,£4.75,,£5.50,£4.75 / 75cl,35170,Asti,100ML,https://assets.sainsburys-groceries.co.uk/gol/35170/1/640x640.jpg,"Typical Values PER 100ML  A serving contains  % based on RI for Average Adult
Energy 325kJ 406kJ -
78kcal 98kcal 5%",,https://www.sainsburys.co.uk/gol-ui/product/sainsburys-asti-75cl-35170-p-44,,2024-08-16T22:07:03.185897-04:00
67-164-DRI,Pol Guyot Selection Champagne Brut 750ml,Pol,Drinks,Champagne & sparkling wine,All champagne & sparkling wine,750ML,£19.00,,£13.00,£19.00 / 75cl,8134956,,,https://assets.sainsburys-groceries.co.uk/gol/8134956/1/640x640.jpg,,,https://www.sainsburys.co.uk/gol-ui/product/pol-guyot-selection-champagne-brut-750ml,,2024-08-16T22:07:25.382305-04:00
67-165-DRI,Sainsbury's Alcohol Free Sparkling 75cl,Sainsbury's,Drinks,Low & no alcohol,All low & no alcohol,,£3.25,,£3.50,£3.25 / 75cl,365123,Sparkling Aromatised Alcohol-Free Wine Based Drink,100ml,https://assets.sainsburys-groceries.co.uk/gol/365123/1/640x640.jpg,"Typical Values Per 100ml  Per 125ml glass  % based on RI for Average Adult
Energy 106kJ 132kJ -
25kcal 32kcal 2%",,https://www.sainsburys.co.uk/gol-ui/product/sainsburys-alcohol-free-sparkling-wine-75cl,,2024-08-16T22:07:37.777264-04:00
67-166-DRI,Laurent Perrier Champagne Brut 750ml,Laurent,Drinks,Champagne & sparkling wine,All champagne & sparkling wine,750ML,£50.00,,£50.00,£50.00 / 75cl,7466223,Champagne - White French Wine,,https://assets.sainsburys-groceries.co.uk/gol/7466223/1/640x640.jpg,,,https://www.sainsburys.co.uk/gol-ui/product/laurent-perrier-brut-nv-75cl,,2024-08-16T22:07:55.683956-04:00
67-167-DRI,Mionetto Orange Label Prosecco 75cl,Mionetto,Drinks,Champagne & sparkling wine,All champagne & sparkling wine,,£8.50,,£11.00,£8.50 / 75cl,8032477,Prosecco DOC Treviso Brut,,https://assets.sainsburys-groceries.co.uk/gol/8032477/1/640x640.jpg,,,https://www.sainsburys.co.uk/gol-ui/product/mionetto-orange-label-prosecco-75cl,,2024-08-16T22:08:13.130265-04:00
67-168-DRI,"Sainsbury's Sangria Lightly Sparkling, Taste the Difference 75cl",Sainsbury's,Drinks,Champagne & sparkling wine,All champagne & sparkling wine,,£6.00,,£6.75,£6.00 / 75cl,8189815,Sangria,100ml,https://assets.sainsburys-groceries.co.uk/gol/8189815/1/640x640.jpg,"Typical Values Per 100ml  per 125ml glass  % based on RI for Average Adult
Energy 92kcal 115kcal 6%
385kJ 481kJ -",,https://www.sainsburys.co.uk/gol-ui/product/sainsburys-sangria-lightly-sparkling-taste-the-difference-75cl,,2024-08-16T22:08:25.467041-04:00
67-169-DRI,La Gioiosa Prosecco Gold 75cl,La,Drinks,Champagne & sparkling wine,All champagne & sparkling wine,,£9.50,,£11.50,£9.50 / 75cl,8051007,Brut,,https://assets.sainsburys-groceries.co.uk/gol/8051007/1/640x640.jpg,,,https://www.sainsburys.co.uk/gol-ui/product/la-gioiosa-etamorosa-prosecco-75cl,,2024-08-16T22:08:42.852505-04:00
67-170-DRI,"Sainsbury's Fairtrade Rose Moscato, Taste the Difference 75cl",Sainsbury's,Drinks,Vegan,All vegan,,£5.00,,£23.00,£5.00 / 75cl,7543630,Moscato Rose,100ml,https://assets.sainsburys-groceries.co.uk/gol/7543630/1/640x640.jpg,"Typical Values Per 100ml  Per 125ml glass  % based on RI for Average Adult
Energy 235kJ 294kJ -
56kcal 70kcal 4%",,https://www.sainsburys.co.uk/gol-ui/product/sainsburys-fairtrade-ros%C3%A9-moscato-taste-the-difference-75cl,,2024-08-16T22:08:55.560268-04:00
67-171-DRI,Piper Heidsieck Brut NV Champagne 75cl,Piper,Drinks,Champagne & sparkling wine,All champagne & sparkling wine,,£29.00,,£39.00,£29.00 / 75cl,2669472,,,https://assets.sainsburys-groceries.co.uk/gol/2669472/1/640x640.jpg,,,https://www.sainsburys.co.uk/gol-ui/product/piper-heidsieck-brut-nv-champagne-75cl-2669472-p-44,,2024-08-16T22:09:17.969606-04:00
67-172-DRI,Sainsbury's Bucks Fizz 75cl,Sainsbury's,Drinks,Champagne & sparkling wine,All champagne & sparkling wine,,£3.00,,£5.50,£3.00 / 75cl,494724,Bucks Fizz,100ml,https://assets.sainsburys-groceries.co.uk/gol/494724/1/640x640.jpg,"Typical Values Per 100ml  Per 125 ml glass  % based on RI for Average Adult
Energy 233kJ 292kJ -
56kcal 70kcal 4%",,https://www.sainsburys.co.uk/gol-ui/product/sainsburys-bucks-fizz-75cl-494724-p-44,,2024-08-16T22:09:30.980442-04:00
67-173-DRI,Freixenet Prosecco D.O.C. Sparkling Small Wine Bottle 20cl,Freixenet,Drinks,Champagne & sparkling wine,Prosecco,,£3.75,,£10.50,£14.06 / 75cl,7974252,Prosecco - White Italian Wine,,https://assets.sainsburys-groceries.co.uk/gol/7974252/1/640x640.jpg,,,https://www.sainsburys.co.uk/gol-ui/product/freixenet-prosecco-20cl,,2024-08-16T22:09:48.871141-04:00
67-174-DRI,Nicholas Feuillate Champagne 75cl,Nicholas,Drinks,Vegetarian & plant based,,,£29.50,,£13.00,£29.50 / 75cl,7557621,Grande Réserve Brut,,https://assets.sainsburys-groceries.co.uk/gol/7557621/1/640x640.jpg,,,https://www.sainsburys.co.uk/gol-ui/product/nicolas-feuillatte-brut-gr-champagne-75c,,2024-08-16T22:10:06.725699-04:00
67-175-DRI,"Sainsbury's Cava Brut, Taste the Difference 75cl",Sainsbury's,Drinks,Special offers,,,£8.75,,,£8.75 / 75cl,6454600,,100ml,https://assets.sainsburys-groceries.co.uk/gol/6454600/1/640x640.jpg,"Typical Values per 100ml  per 125ml glass  % based on RI for Average Adult
Energy 292kJ 365kJ -
70kcal 88kcal 4%",,https://www.sainsburys.co.uk/gol-ui/product/sainsburys-vintage-cava--taste-the-difference-75cl-6454600-p-44,,2024-08-16T22:10:29.152336-04:00
67-176-DRI,Cremant de Bourgogne Brut 75cl,Cremant,Drinks,Champagne & sparkling wine,Sparkling wine,,£12.50,,£13.50,£12.50 / 75cl,7981415,Brut - White French Wine,,https://assets.sainsburys-groceries.co.uk/gol/7981415/1/640x640.jpg,,,https://www.sainsburys.co.uk/gol-ui/product/cr%C3%A9mant-de-bourgogne-brut-75cl,,2024-08-16T22:10:47.402864-04:00
67-177-DRI,Lambrini Lightly Sparkling Original 125cl,Lambrini,Drinks,Champagne & sparkling wine,Sparkling wine,,£3.50,,£3.75,£2.10 / 75cl,7913452,Lightly Sparkling Original Perry,100 ml,https://assets.sainsburys-groceries.co.uk/gol/7913452/1/640x640.jpg,"per 100 ml: per 125 ml glass:
Energy 267 kJ/
64 kcal 334 kJ/
80 kcal
Bottle contains 10 glasses",,https://www.sainsburys.co.uk/gol-ui/product/lambrini-125l,,2024-08-16T22:11:00.008416-04:00
67-178-DRI,Ellercombe English Quality Sparkling Wine 75cl,Ellercombe,Drinks,Champagne & sparkling wine,All champagne & sparkling wine,,£15.00,,£22.00,£15.00 / 75cl,7994570,Brut,100ml,https://assets.sainsburys-groceries.co.uk/gol/7994570/1/640x640.jpg,"per 100ml: Per 125ml glass:
Energy 297kJ/
71kcal 371kJ/
89kcal",,https://www.sainsburys.co.uk/gol-ui/product/ellercombe-english-sparkling-nv-75cl,,2024-08-16T22:11:12.652210-04:00
67-179-DRI,Diet Coke 8x330ml,Diet,Drinks,Discover,Coca Cola & Pizza,330ML,£4.95,8 for £4.95,£3.75,19p / 100ml,7517148,Sparkling Low Calorie Soft Drink with Plant Extracts with Sweeteners,,https://assets.sainsburys-groceries.co.uk/gol/7517148/1/640x640.jpg,"100 ml 330 ml (%*)
Energy 1.6 kJ 5 kJ (0%)
0.4 kcal 1 kcal (0%)
Fat 0 g 0 g (0%)
of which saturates 0 g 0 g (0%)
Carbohydrate 0 g 0 g (0%)
of which sugars 0 g 0 g (0%)
Protein 0 g 0 g (0%)
Salt 0 g 0 g (0%)
* Reference intake of an average adult (8400 kJ/ 2000 kcal)","Carbonated Water, Colour (Caramel E150d), Sweeteners (Aspartame, Acesulfame K), Natural Flavourings, Caffeine Flavouring, Acids (Phosphoric Acid, Citric Acid)",https://www.sainsburys.co.uk/gol-ui/product/diet-coke-8x330ml,8 x 8x330ml,2024-08-16T22:11:20.219931-04:00
67-180-DRI,Coca-Cola Zero Sugar 24x330ml,Coca-Cola,Drinks,Discover,Coca Cola & Pizza,330ML,£10.75,24 for £10.75,£1.85,14p / 100ml,7962895,Sparkling Low Calorie Soft Drink with Plant Extracts with Sweeteners.,,https://assets.sainsburys-groceries.co.uk/gol/7962895/1/640x640.jpg,"Per: 100 ml Per: 330 ml (%*)
Energy 1.3 kJ 4 kJ (0%)
0.3 kcal 1 kcal -
Fat 0 g 0 g (0%)
of which saturates 0 g 0 g (0%)
Carbohydrate 0 g 0 g (0%)
of which sugars 0 g 0 g (0%)
Protein 0 g 0 g (0%)
Salt 0.01 g 0.03 g (1%)
Per: 100 ml 330 ml -
Sodium 0.00515 g 0.017 g (283%)
* Reference intake of an average adult (8400 kJ/ 2000 kcal)","Carbonated Water, Colour (E150d), Acid (Phosphoric Acid), Sweeteners (Aspartame, Acesulfame-K, Enzymatically Produced Steviol Glycosides), Natural Flavourings, Caffeine Flavouring, Acidity Regulator (Sodium Citrates)",https://www.sainsburys.co.uk/gol-ui/product/coke-zero-sugar-24x330ml,24 x 24x330ml,2024-08-16T22:11:27.405151-04:00
67-181-DRI,Fanta Orange 18x330ml,Fanta,Drinks,Fizzy drinks,Bigger multipacks,330ML,£8.10,18 for £8.10,£7.00,14p / 100ml,8071989,Sparkling Orange Fruit Drink with Sugar and Sweeteners,,https://assets.sainsburys-groceries.co.uk/gol/8071989/1/640x640.jpg,"for 100 ml: for 330 ml (%*):
Energy: 81 kJ, 19 kcal 267 kJ (3%), 63 kcal (3%)
Fat: 0 g 0 g (0%)
of which saturates: 0 g 0 g (0%)
Carbohydrate: 4.5 g 15 g (6%)
of which sugars: 4.5 g 15 g (17%)
Protein: 0 g 0 g (0%)
Salt: 0 g 0 g (0%)
* Reference intake of an average adult (8400 kJ/ 2000 kcal)","Carbonated Water, Sugar, Orange Juice from Concentrate (3.7%), Citrus Fruit from Concentrate (1.3%), Acids (Citric Acid, Malic Acid), Vegetable Extracts (Carrot, Pumpkin), Sweeteners (Acesulfame K, Sucralose), Preservative (Potassium Sorbate), Acidity Regulator (Sodium Citrates), Stabiliser (Guar Gum), Natural Orange Flavourings with other Natural Flavourings, Antioxidant (Ascorbic Acid)",https://www.sainsburys.co.uk/gol-ui/product/fanta-orange-18x330ml,18 x 18x330ml,2024-08-16T22:11:34.882395-04:00
67-182-DRI,Pepsi Max No Sugar Cola Cans 24x330ml,Pepsi,Drinks,Discover,"Heineken, Doritos and Pepsi Football snacks and drinks",330ML,£10.50,24 for £10.50,£8.50,13p / 100ml,7730215,Carbonated Low Calorie Cola Flavoured Soft Drink with Sweeteners,24,https://assets.sainsburys-groceries.co.uk/gol/7730215/1/640x640.jpg,"Per 100ml Per 330ml
Energy 2kJ/
0.4kcal 7kJ/
1kcal
Fat 0g 0g
of which saturates 0g 0g
Carbohydrate 0g 0g
of which sugars 0g 0g
Protein 0g 0g
Salt 0g 0g
Pack contains 24 servings of 330ml","Carbonated Water, Colour (E150d), Sweeteners (Aspartame, Acesulfame K), Acids (Phosphoric Acid, Citric Acid), Flavourings (Including Caffeine), Preservative (Potassium Sorbate)",https://www.sainsburys.co.uk/gol-ui/product/pepsi-max-24x330ml,24 x 24x330ml,2024-08-16T22:11:42.389883-04:00
67-183-DRI,Sainsbury's Diet Lemonade 2L,Sainsbury's,Drinks,Fizzy drinks,Diet & sugar free,2L,75p,,£8.50,4p / 100ml,306676,Carbonated low calorie lemon flavour soft drink with sweeteners,100ml,https://assets.sainsburys-groceries.co.uk/gol/306676/1/640x640.jpg,"Typical Values per 100ml  per 250ml glass  % based on RI for Average Adult
Energy 6kJ 14kJ -
1kcal 3kcal -
Fat <0.5g <0.5g -
Saturates <0.1g <0.1g -
Carbohydrate <0.5g <0.5g -
Sugars <0.5g <0.5g -
Fibre <0.5g <0.5g -
Protein <0.5g <0.5g -
Salt 0.03g 0.08g 1%",,https://www.sainsburys.co.uk/gol-ui/product/sainsburys-lemonade--diet-2l,,2024-08-16T22:11:55.164752-04:00
67-184-DRI,Diet Coke 24x330ml,Diet,Drinks,Discover,Coca Cola & Pizza,330ML,£11.00,24 for £11.00,£1.85,14p / 100ml,7962882,Sparkling Low Calorie Soft Drink with Plant Extracts with Sweeteners,,https://assets.sainsburys-groceries.co.uk/gol/7962882/1/640x640.jpg,"100 ml 330 ml (%*)
Energy 1.6 kJ 5 kJ (0%)
0.4 kcal 1 kcal (0%)
Fat 0 g 0 g (0%)
of which saturates 0 g 0 g (0%)
Carbohydrate 0 g 0 g (0%)
of which sugars 0 g 0 g (0%)
Fibre 0 g 0 g (0%)
Protein 0 g 0 g (0%)
Salt 0 g 0 g (0%)
* Reference intake of an average adult (8400 kJ/ 2000 kcal)","Carbonated Water, Colour (Caramel E150d), Sweeteners (Aspartame, Acesulfame K), Natural Flavourings, Caffeine Flavouring, Acids (Phosphoric Acid, Citric Acid)",https://www.sainsburys.co.uk/gol-ui/product/diet-coke-24x330ml,24 x 24x330ml,2024-08-16T22:12:02.888202-04:00
67-185-DRI,Coca-Cola Original Taste 8x330ml,Coca-Cola,Drinks,Discover,Coca Cola & Pizza,330ML,£5.50,8 for £5.50,£1.85,21p / 100ml,7517134,Sparkling Soft Drink with Plant Extracts,100ml,https://assets.sainsburys-groceries.co.uk/gol/7517134/1/640x640.jpg,"Per 100ml Per 330ml (%*)
Energy 180kJ 594kJ
42kcal 139kcal (7%)
Fat 0g 0g (0%)
of which saturates 0g 0g (0%)
Carbohydrate 10.6g 35g (13%)
of which sugars 10.6g 39g (39%)
Protein 0g 0g (0%)
Salt 0g 0g (0%)
*Reference intake of an average adult (8400kJ/2000kcal)","Carbonated Water, Sugar, Colour (Caramel E150d), Acid (Phosphoric Acid), Natural Flavourings including Caffeine",https://www.sainsburys.co.uk/gol-ui/product/coca-cola-original-taste-8x330ml,8 x 8x330ml,2024-08-16T22:12:10.118932-04:00
67-186-DRI,Sainsbury's Cola Zero 2L,Sainsbury's,Drinks,Fizzy drinks,Cola,2L,49p,,£8.50,2p / 100ml,7315421,Carbonated low calorie cola flavour soft drink with sweeteners,100ml,https://assets.sainsburys-groceries.co.uk/gol/7315421/1/640x640.jpg,"Typical Values per 100ml  per 250ml glass  % based on RI for Average Adult
Energy <4.2kJkJ 9kJ -
<1kcalkcal 2kcal -
Fat <0.5g <0.5g -
Saturates <0.1g <0.1g -
Carbohydrate <0.5g <0.5g -
Sugars <0.5g <0.5g -
Fibre <0.5g <0.5g -
Protein <0.5g <0.5g -
Salt 0.02g 0.05g 1%",,https://www.sainsburys.co.uk/gol-ui/product/sainsburys-cola-zero-2l,,2024-08-16T22:12:23.334795-04:00
67-187-DRI,Coca-Cola Zero Sugar 8x330ml,Coca-Cola,Drinks,Discover,Coca Cola & Pizza,330ML,£4.95,8 for £4.95,£1.25,19p / 100ml,7517158,Sparkling Low Calorie Soft Drink with Plant Extracts with Sweeteners.,,https://assets.sainsburys-groceries.co.uk/gol/7517158/1/640x640.jpg,"Per: 100ml Per: 330ml (%*)
Energy 1.3 kJ 4 kJ
0.3 kcal 1 kcal (0%)
Fat 0 g 0 g (0%)
of which saturates 0 g 0 g (0%)
Carbohydrate 0 g 0 g (0%)
of which sugars 0 g 0 g (0%)
Protein 0 g 0 g (0%)
Salt 0.01 g 0.03 g (1%)
Sodium 0.00515 g 0.017 g (283%)
* Reference intake of an average adult (8400 kJ/ 2000 kcal)","Carbonated Water, Colour (E150d), Acid (Phosphoric Acid), Sweeteners (Aspartame, Acesulfame-K, Enzymatically Produced Steviol Glycosides), Natural Flavourings, Caffeine Flavouring, Acidity Regulator (Sodium Citrates)",https://www.sainsburys.co.uk/gol-ui/product/coca-cola-zero-8x330ml,8 x 8x330ml,2024-08-16T22:12:30.689733-04:00
67-188-DRI,Vimto No Added Sugar Real Fruit Squash 2L,Vimto,Drinks,Fizzy drinks,Fruit flavoured,2L,£3.00,,£1.00,15p / 100ml,7625330,Concentrated low calorie mixed fruit juice drink with flavourings and sweeteners.,100ml,https://assets.sainsburys-groceries.co.uk/gol/7625330/1/640x640.jpg,"Per 100ml diluted product
Energy 8kJ/
2kcal
Fat 0g
of which saturates 0g
Carbohydrate 0.3g
of which sugars 0.3g
Protein 0g
Salt 0.01g
*Reference intake of an average adult 8400kJ/2000kcal","Water, Mixed Fruit Juices from Concentrate 10% (Grape, Blackcurrant, Raspberry), Acids (Citric Acid, Malic Acid), Vimto Flavouring (including Natural Extracts of Fruits, Herbs, Barley Malt and Spices), Colouring Food (Concentrates of Carrot, Hibiscus), Sweeteners (Sucralose, Acesulfame K), Preservatives (Potassium Sorbate, Sodium Benzoate), Vitamin C, Acidity Regulator (Sodium Citrate), Vitamin D",https://www.sainsburys.co.uk/gol-ui/product/vimto-cordial--no-added-sugar--2l,,2024-08-16T22:12:39.039133-04:00
67-189-DRI,Pepsi Max No Sugar Cola Bottle 2L,Pepsi,Drinks,Discover,"Heineken, Doritos and Pepsi Football snacks and drinks",2L,£2.25,,£1.85,11p / 100ml,2487243,Carbonated Low Calorie Cola Flavoured Soft Drink with Sweeteners,8,https://assets.sainsburys-groceries.co.uk/gol/2487243/1/640x640.jpg,"Per 100ml Per 250ml
Energy 2kJ/
0.4kcal 5kJ/
1kcal
Fat 0g 0g
of which saturates 0g 0g
Carbohydrate 0g 0g
of which sugars 0g 0g
Protein 0g 0g
Salt 0g 0g
Bottle contains 8 servings","Carbonated Water, Colour (E150d), Sweeteners (Aspartame, Acesulfame K), Acids (Phosphoric Acid, Citric Acid), Flavourings (including Caffeine), Preservative (Potassium Sorbate)",https://www.sainsburys.co.uk/gol-ui/product/pepsi-max-2l,,2024-08-16T22:12:46.372321-04:00
67-190-DRI,"Sainsbury's Sparkling Flavoured Water, Blackcurrant & Cherry 1L",Sainsbury's,Drinks,Fizzy drinks,Fruit flavoured,1L,75p,,£1.00,8p / 100ml,7544205,Carbonated no added sugar blackcurrant and cherry flavoured spring water drink with sweetener.,100ml,https://assets.sainsburys-groceries.co.uk/gol/7544205/1/640x640.jpg,"Typical Values Per 100ml  Per serving (250ml)  % based on RI for Average Adult
Energy <4.2kJkJ 8kJ -
<1kcalkcal 2kcal -
Fat <0.5g <0.5g -
Saturates <0.1g <0.1g -
Carbohydrate <0.5g <0.5g -
Sugars <0.5g <0.5g -
Fibre <0.5g <0.5g -
Protein <0.5g <0.5g -
Salt <0.01g <0.01g -",,https://www.sainsburys.co.uk/gol-ui/product/sainsburys-blackcurrant---cherry-sparkling-flavoured-water-1l,,2024-08-16T22:12:58.863683-04:00
67-191-DRI,Coca-Cola Zero Sugar 2L,Coca-Cola,Drinks,Discover,Coca Cola & Pizza,2L,£2.40,,£1.50,12p / 100ml,7900741,Sparkling Low Calorie Soft Drink with Plant Extracts with Sweeteners.,,https://assets.sainsburys-groceries.co.uk/gol/7900741/1/640x640.jpg,"Per: 100 ml Per: 250 ml (%*)
Energy 1.3 kJ 3.3 kJ (0%)
0.3 kcal 1 kcal (0%)
Fat 0 g 0 g (0%)
of which saturates 0 g 0 g (0%)
Carbohydrate 0 g 0 g (0%)
of which sugars 0 g 0 g (0%)
Protein 0 g 0 g (0%)
Salt 0.01 g 0.03 g (0%)
Sodium 0.00515 g 0.01288 g (215%)
* Reference intake of an average adult (8400 kJ/ 2000 kcal)","Carbonated Water, Colour (E150d), Acid (Phosphoric Acid), Sweeteners (Aspartame, Acesulfame-K, Enzymatically Produced Steviol Glycosides), Natural Flavourings, Caffeine Flavouring, Acidity Regulator (Sodium Citrates)",https://www.sainsburys.co.uk/gol-ui/product/coca-cola-zero-sugar-2l,,2024-08-16T22:13:06.453933-04:00
67-192-DRI,Alpro Oat Milk No Sugars Long Life Dairy Alternative 1L,Alpro,Drinks,Dairy & eggs,Dairy free,1L,£2.30,,£1.50,£2.30 / ltr,7984785,Oat drink with added calcium and vitamins.,100 ml,https://assets.sainsburys-groceries.co.uk/gol/7984785/1/640x640.jpg,"per 100 ml
Energy 169 kJ /
40 kcal
Fat 1.5 g
of which saturates 0.2 g
Carbohydrate 5.8 g
of which sugars 0 g
Fibre 1.2 g
Protein 0.2 g
Salt 0.11 g
D2 0.75 µg*
Minerals:
* = 15% of the nutrient reference values
** Reference intake of an average adult (8400 kJ / 2000 kcal)","Oat Base [97.0%] [Water, Oat (8.3%]], Soluble Corn Fiber, Sunflower Oil, Calcium [Calcium Carbonate], Sea Salt, Stabiliser [Gellan Gum], Vitamins B2, B12, D2",https://www.sainsburys.co.uk/gol-ui/product/alpro-oat-unsweetened-1l,,2024-08-16T22:13:14.078848-04:00
67-193-DRI,R Whites Lemonade 2L,R,Drinks,Fizzy drinks,Fruit flavoured,2L,£1.15,,£1.85,6p / 100ml,2400563,Carbonated Lemon Flavour Soft Drink with Sugar and Sweeteners,0.03g,https://assets.sainsburys-groceries.co.uk/gol/2400563/1/640x640.jpg,"Per 100ml
Energy 47kJ/
11kcal
Fat 0g
of which Saturates 0g
Carbohydrate 2.4g
of which Sugars 2.4g
Protein 0g
Salt 0.03g","Carbonated Water, Sugar, Lemon Juice from Concentrate (2%), Acid (Citric Acid), Flavouring, Acidity Regulator (Sodium Citrate), Sweeteners (Saccharin, Acesulfame K, Aspartame), Preservative (Sodium Benzoate)",https://www.sainsburys.co.uk/gol-ui/product/r-whites-lemonade-2l,,2024-08-16T22:13:21.821616-04:00
67-194-DRI,Fanta Orange Zero 8x330ml,Fanta,Drinks,Fizzy drinks,Diet & sugar free,330ML,£3.75,8 for £3.75,£1.85,14p / 100ml,7963007,Sparkling Low Calorie Orange Fruit Drink with Sweeteners,,https://assets.sainsburys-groceries.co.uk/gol/7963007/1/640x640.jpg,"100 ml 330 ml (%*)
Energy 11 kJ 36 kJ (0%)
3 kcal 9 kcal (0%)
Fat 0 g 0 g (0%)
of which saturates 0 g 0 g (0%)
Carbohydrate 0.4 g 1.3 g (1%)
of which sugars 0.4 g 1.3 g (1%)
Protein 0 g 0 g (0%)
Salt 0.01 g 0.03 g (1%)
* Reference intake of an average adult (8400 kJ/ 2000 kcal)","Carbonated Water, Orange Juice from Concentrate (4%), Acids (Citric Acid, Malic Acid), Sweeteners (Cyclamates, Acesulfame-K, Sucralose, Steviol Glycosides from Stevia, Neohesperidine DC), Natural Orange Flavouring with Other Natural Flavourings, Preservative (Potassium Sorbate), Antioxidant (Ascorbic Acid), Stabiliser (Guar Gum), Colour (Carotenes)",https://www.sainsburys.co.uk/gol-ui/product/fanta-orange-zero-8x330ml,8 x 8x330ml,2024-08-16T22:13:29.758378-04:00
67-195-DRI,Diet Coke No Caffeine 8 x 330ml,Diet,Drinks,Discover,Coca Cola & Pizza,330ML,£4.95,,£3.75,19p / 100ml,7517206,Sparkling Low Calorie Soft Drink with Plant Extracts with Sweeteners,100ml,https://assets.sainsburys-groceries.co.uk/gol/7517206/1/640x640.jpg,"Per 100ml Per 330ml (%*)
Energy 1.6kJ 5kJ
0.4kcal 1kcal (0%)
Fat 0g 0g 0%
of which saturates 0g 0g 0%
Carbohydrate 0g 0g 0%
of which sugars 0g 0g 0%
Protein 0g 0g 0%
Salt 0g 0g 0%
*Reference intake of an average adult (8400kJ/2000kcal)","Carbonated Water, Colour (Caramel E150d), Sweeteners (Aspartame, Acesulfame K), Acids (Phosphoric Acid, Citric Acid), Natural Flavourings",https://www.sainsburys.co.uk/gol-ui/product/diet-coke-caffeine-free-8x330ml,,2024-08-16T22:13:37.462041-04:00
67-196-DRI,Coca-Cola Original Taste 24x330ml,Coca-Cola,Drinks,Discover,Coca Cola & Pizza,330ML,£14.50,24 for £14.50,£1.85,18p / 100ml,8024622,Sparkling Soft Drink with Plant Extracts,100ml,https://assets.sainsburys-groceries.co.uk/gol/8024622/1/640x640.jpg,"Per 100ml Per 330ml (%*)
Energy 180kJ 594kJ
42kcal 139kcal (7%)
Fat 0g 0g (0%)
of which saturates 0g 0g (0%)
Carbohydrate 10.6g 35g (13%)
of which sugars 10.6g 35g (39%)
Protein 0g 0g (0%)
Salt 0g 0g (0%)
*Reference intake of an average adult (8400kJ/2000kcal)","Carbonated Water, Sugar, Colour (Caramel E150d), Acid (Phosphoric Acid), Natural Flavourings including Caffeine",https://www.sainsburys.co.uk/gol-ui/product/coca-cola-original-taste-24x330ml,24 x 24x330ml,2024-08-16T22:13:45.414885-04:00
67-197-DRI,"Sainsbury's Sparkling Flavoured Water, Lemon & Lime 1L",Sainsbury's,Drinks,Fizzy drinks,Fruit flavoured,1L,75p,,£1.00,8p / 100ml,1320640,Carbonated no added sugar lemon and lime flavoured spring water drink with sweetener,100ml,https://assets.sainsburys-groceries.co.uk/gol/1320640/1/640x640.jpg,"Typical Values Per 100ml  Per serving (250ml)  % based on RI for Average Adult
Energy 5kJ 12kJ -
1kcal 3kcal -
Fat <0.5g <0.5g -
Saturates <0.1g <0.1g -
Carbohydrate <0.5g <0.5g -
Sugars <0.5g <0.5g -
Fibre <0.5g <0.5g -
Protein <0.5g <0.5g -
Salt 0.02g 0.05g 1%",,https://www.sainsburys.co.uk/gol-ui/product/sainsburys-lemon---lime-flavoured-sparkling-water-1l,,2024-08-16T22:13:57.812440-04:00
67-198-DRI,Sainsbury's Lemonade 2L,Sainsbury's,Drinks,Fizzy drinks,Fruit flavoured,2L,75p,,£2.50,4p / 100ml,30083,Carbonated lemon flavour soft drink with sugar and sweeteners,100ml,https://assets.sainsburys-groceries.co.uk/gol/30083/1/640x640.jpg,"Typical Values per 100ml  per 250ml glass  % based on RI for Average Adult
Energy 65kJ 163kJ -
15kcal 38kcal 2%
Fat <0.5g <0.5g -
Saturates <0.1g <0.1g -
Carbohydrate 3.5g 8.8g 3%
Sugars 3.5g 8.8g 10%
Fibre <0.5g <0.5g -
Protein <0.5g <0.5g -
Salt 0.03g 0.07g 1%",,https://www.sainsburys.co.uk/gol-ui/product/sainsburys-lemonade-2l,,2024-08-16T22:14:10.478937-04:00
67-199-DRI,Diet Coke 2L,Diet,Drinks,Discover,Coca Cola & Pizza,2L,£2.40,,£1.85,12p / 100ml,7900745,Sparkling Low Calorie Soft Drink with Plant Extracts with Sweeteners.,,https://assets.sainsburys-groceries.co.uk/gol/7900745/1/640x640.jpg,"100 ml 250 ml (%*)
Energy 1.6 kJ 4 kJ (0%)
0.4 kcal 1 kcal (0%)
Fat 0 g 0 g (0%)
of which saturates 0 g 0 g (0%)
Carbohydrate 0 g 0 g (0%)
of which sugars 0 g 0 g (0%)
Protein 0 g 0 g (0%)
Salt 0 g 0 g (0%)
* Reference intake of an average adult (8400 kJ/ 2000 kcal)","Carbonated Water, Colour (Caramel E150d), Sweeteners (Aspartame, Acesulfame K), Natural Flavourings, Caffeine Flavouring, Acids (Phosphoric Acid, Citric Acid)",https://www.sainsburys.co.uk/gol-ui/product/diet-coke-2l-7900745-p-44,,2024-08-16T22:14:19.132137-04:00
67-200-DRI,Coca-Cola Original Taste 1.75L,Coca-Cola,Drinks,Discover,Coca Cola & Pizza,1.75L,£2.50,,£1.85,14p / 100ml,2000923,Sparkling Soft Drink with Plant Extracts,100ml,https://assets.sainsburys-groceries.co.uk/gol/2000923/1/640x640.jpg,"Per 100ml Per 250ml (%*)
Energy 180kJ 450kJ
42kcal 105kcal (5%)
Fat 0g 0g (0%)
of which saturates 0g 0g (0%)
Carbohydrate 10.6g 27g (10%)
of which sugars 10.6g 27g (29%)
Protein 0g 0g (0%)
Salt 0g 0g (0%)
*Reference intake of an average adult (8400kJ/2000kcal)","Carbonated Water, Sugar, Colour (Caramel E150d), Acid (Phosphoric Acid), Natural Flavourings Including Caffeine",https://www.sainsburys.co.uk/gol-ui/product/coca-cola-original-taste-175l,,2024-08-16T22:14:26.021030-04:00
67-201-DRI,7UP Zero Sugar Lemon & Lime Cans 8x330ml,7UP,Drinks,Fizzy drinks,Bigger multipacks,330ML,£3.70,8 for £3.70,£3.00,14p / 100ml,8166180,Carbonated Low Calorie Lemon and Lime Flavoured Soft Drink with Sweeteners.,8,https://assets.sainsburys-groceries.co.uk/gol/8166180/1/640x640.jpg,"Per 100ml Per 330ml
Energy 8kJ/
2kcal 26kJ/
7kcal
Fat 0g 0g
of which Saturates 0g 0g
Carbohydrate 0g 0g
of which Sugars 0g 0g
Protein 0g 0g
Salt 0.04g 0.13g
Pack contains 8 servings of 330ml","Carbonated Water, Acids (Citric Acid, Malic Acid), Natural Lemon and Lime Flavouring, Acidity Regulator (Sodium Citrate), Sweeteners (Aspartame, Acesulfame K), Potassium Chloride, Stabiliser (Pectin)",https://www.sainsburys.co.uk/gol-ui/product/7up-zero-sugar-cans-8x330ml,8 x 8x330ml,2024-08-16T22:14:33.663942-04:00
67-202-DRI,"Sainsbury's Sparkling Flavoured Water, Mango & Passionfruit 1L",Sainsbury's,Drinks,Fizzy drinks,Fruit flavoured,1L,75p,,£1.00,8p / 100ml,7544249,Carbonated no added sugar mango and passion fruit flavoured spring water drink with sweetener,100ml,https://assets.sainsburys-groceries.co.uk/gol/7544249/1/640x640.jpg,"Typical Values per 100ml  per 250ml serving  % based on RI for Average Adult
Energy <4.2kJkJ 8kJ -
<1kcalkcal 2kcal -
Fat <0.5g <0.5g -
Saturates <0.1g <0.1g -
Carbohydrate <0.5g <0.5g -
Sugars <0.5g <0.5g -
Fibre <0.5g <0.5g -
Protein <0.5g <0.5g -
Salt <0.01g 0.02g -",,https://www.sainsburys.co.uk/gol-ui/product/sainsburys-mango---passionfruit-sparkling-flavoured-water-1l,,2024-08-16T22:14:46.345360-04:00
67-203-DRI,Sainsbury's Cloudy Lemonade No Added Sugar 2L,Sainsbury's,Drinks,Fizzy drinks,Diet & sugar free,2L,95p,,£8.50,5p / 100ml,1327090,Carbonated no added sugar lemon flavour soft drink with 4% lemon fruit and 2% fruit juice and sweeteners,100ml,https://assets.sainsburys-groceries.co.uk/gol/1327090/1/640x640.jpg,"Typical Values per 100ml  per 250ml glass  % based on RI for Average Adult
Energy 13kJ 32kJ -
3kcal 8kcal -
Fat <0.5g <0.5g -
Saturates <0.1g <0.1g -
Carbohydrate <0.5g 0.7g -
Sugars <0.5g 0.6g 1%
Fibre <0.5g <0.5g -
Protein <0.5g <0.5g -
Salt <0.01g <0.01g -",,https://www.sainsburys.co.uk/gol-ui/product/sainsburys-cloudy-lemonade-no-added-sugar-2l,,2024-08-16T22:14:58.951186-04:00
67-204-DRI,Pepsi Max No Sugar Cola Cans 8x330ml,Pepsi,Drinks,Discover,"Heineken, Doritos and Pepsi Football snacks and drinks",330ML,£4.50,8 for £4.50,£1.85,17p / 100ml,7516963,Carbonated Low Calorie Cola Flavoured Soft Drink with Sweeteners,8,https://assets.sainsburys-groceries.co.uk/gol/7516963/1/640x640.jpg,"Per 100ml Per 330ml
Energy 2kJ/
0.4kcal 7kJ/
1kcal
Fat 0g 0g
of which saturates 0g 0g
Carbohydrate 0g 0g
of which sugars 0g 0g
Protein 0g 0g
Salt 0g 0g
Pack contains 8 servings of 330ml","Carbonated Water, Colour (E150d), Sweeteners (Aspartame, Acesulfame K), Acids (Phosphoric Acid, Citric Acid), Flavourings (Including Caffeine), Preservative (Potassium Sorbate)",https://www.sainsburys.co.uk/gol-ui/product/pepsi-max-8x330ml,8 x 8x330ml,2024-08-16T22:15:06.519744-04:00
67-205-DRI,Sainsbury's Diet Lemonade 6x330ml,Sainsbury's,Drinks,Fizzy drinks,Diet & sugar free,330ML,£2.05,6 for £2.05,£8.50,10p / 100ml,7547066,Carbonated low calorie lemon flavour soft drink with sweeteners,100ml,https://assets.sainsburys-groceries.co.uk/gol/7547066/1/640x640.jpg,"Typical Values per 100ml  Per can  % based on RI for Average Adult
Energy 6kJ 19kJ -
1kcal 4kcal -
Fat <0.5g <0.5g -
Saturates <0.1g <0.1g -
Carbohydrate <0.5g <0.5g -
Sugars <0.5g <0.5g -
Fibre <0.5g <0.5g -
Protein <0.5g <0.5g -
Salt 0.03g 0.11g 2%",,https://www.sainsburys.co.uk/gol-ui/product/sainsburys-diet-lemonade-6x330ml,6 x 6x330ml,2024-08-16T22:15:19.454269-04:00
67-206-DRI,"Sainsbury's Lemonade, Diet 1L",Sainsbury's,Drinks,Fizzy drinks,Diet & sugar free,1L,70p,,£8.50,7p / 100ml,306591,Carbonated low calorie lemon flavour soft drink with sweeteners,100ml,https://assets.sainsburys-groceries.co.uk/gol/306591/1/640x640.jpg,"Typical Values per 100ml  per 250ml glass  % based on RI for Average Adult
Energy 6kJ 14kJ -
1kcal 3kcal -
Fat <0.5g <0.5g -
Saturates <0.1g <0.1g -
Carbohydrate <0.5g <0.5g -
Sugars <0.5g <0.5g -
Fibre <0.5g <0.5g -
Protein <0.5g <0.5g -
Salt 0.03g 0.08g 1%",,https://www.sainsburys.co.uk/gol-ui/product/sainsburys-lemonade--diet-1l,,2024-08-16T22:15:31.810910-04:00
67-207-DRI,Sainsbury's Diet Cola 2L,Sainsbury's,Drinks,Fizzy drinks,Cola,2L,49p,,£8.50,2p / 100ml,1321777,Carbonated low calorie cola flavour soft drink with sweeteners,100ml,https://assets.sainsburys-groceries.co.uk/gol/1321777/1/640x640.jpg,"Typical Values per 100ml  per 250ml glass  % based on RI for Average Adult
Energy <4.2kJkJ 9kJ -
<1kcalkcal 2kcal -
Fat <0.5g <0.5g -
Saturates <0.1g <0.1g -
Carbohydrate <0.5g <0.5g -
Sugars <0.5g <0.5g -
Fibre <0.5g <0.5g -
Protein <0.5g <0.5g -
Salt <0.01g 0.03g 1%",,https://www.sainsburys.co.uk/gol-ui/product/sainsburys-diet-cola-2l,,2024-08-16T22:15:44.518303-04:00
67-208-DRI,Sprite Zero Sugar 8x330ml,Sprite,Drinks,Fizzy drinks,Diet & sugar free,330ML,£3.75,8 for £3.75,£1.85,14p / 100ml,7963004,Sparkling Low Calorie Lemon-Lime Flavour Soft Drink with Sweeteners,,https://assets.sainsburys-groceries.co.uk/gol/7963004/1/640x640.jpg,"100 ml: 330 ml (%*):
Energy: 5 kJ, 1 kcal 17 kJ (0%), 3 kcal (0%)
Fat: 0 g 0 g (0%)
of which saturates: 0 g 0 g (0%)
Carbohydrate: 0 g 0 g (0%)
of which sugars: 0 g 0 g (0%)
Protein: 0 g 0 g (0%)
Salt: 0.03 g 0.10 g (2%)
Sodium: 11.9 mg 39.27 mg (655%)
*Reference intake of an average adult (8400 kJ/ 2000 kcal)","Carbonated Water, Acids (Citric Acid, Tartaric Acid), Acidity Regulator (Sodium Citrates), Sweeteners (Aspartame, Acesulfame-K, Sucralose), Natural Lemon, Lime Flavourings",https://www.sainsburys.co.uk/gol-ui/product/sprite-zero-8-x-330ml-8x330ml,8 x 8x330ml,2024-08-16T22:15:51.846019-04:00
67-209-DRI,Pepsi Max No Sugar Cola Bottle 1.25L,Pepsi,Drinks,Fizzy drinks,Cola,1.25L,£1.60,,£1.25,13p / 100ml,7953406,Carbonated Low Calorie Cola Flavoured Soft Drink with Sweeteners,5,https://assets.sainsburys-groceries.co.uk/gol/7953406/1/640x640.jpg,"Per 100ml Per 250ml
Energy 2kJ/
0.4kcal 5kJ/
1kcal
Fat 0g 0g
of which saturates 0g 0g
Carbohydrate 0g 0g
of which sugars 0g 0g
Protein 0g 0g
Salt 0g 0g
Bottle contains 5 servings","Carbonated Water, Colour (E150d), Sweeteners (Aspartame, Acesulfame K), Acids (Phosphoric Acid, Citric Acid), Flavourings (including Caffeine), Preservative (Potassium Sorbate)",https://www.sainsburys.co.uk/gol-ui/product/pepsi-max-125l,,2024-08-16T22:15:59.225157-04:00
67-210-DRI,"Sainsbury's Sparkling Flavoured Water, Strawberry & Kiwi 1L",Sainsbury's,Drinks,Fizzy drinks,Fruit flavoured,1L,75p,,£1.00,8p / 100ml,6407656,Carbonated no added sugar strawberry and kiwi flavoured spring water drink with sweetener,100ml,https://assets.sainsburys-groceries.co.uk/gol/6407656/1/640x640.jpg,"Typical Values per 100ml  per 250ml serving  % based on RI for Average Adult
Energy <4.2kJkJ 9kJ -
<1kcalkcal 2kcal -
Fat <0.5g <0.5g -
Saturates <0.1g <0.1g -
Carbohydrate <0.5g <0.5g -
Sugars <0.5g <0.5g -
Protein <0.5g <0.5g -
Salt <0.01g <0.01g -",,https://www.sainsburys.co.uk/gol-ui/product/sainsburys-strawberry---kiwi-sparkling-water-1l,,2024-08-16T22:16:11.785143-04:00
67-211-DRI,San Pellegrino Lemon 6x330ml,San,Drinks,Fizzy drinks,Fruit flavoured,330ML,£4.80,6 for £4.80,£4.00,24p / 100ml,8163060,Sparkling Lemon Beverage with 16% Lemon Juice from Concentrate with Sugar and Sweetener,6,https://assets.sainsburys-groceries.co.uk/gol/8163060/1/640x640.jpg,"Per 100ml Per can % RI* Per Can
Energy 94kJ 310kJ 4%
22kcal 73kcal -
Fat, of which: 0.0g 0.0g 0%
saturates 0.0g 0.0g 0%
Carbohydrate 4.5g 14.9g 6%
of which: sugars 4.5g 14.9g 17%
Fibre 0.1g 0.3g -
Protein 0.0g 0.2g <1%
Salt 0.01g 0.04g <1%
*Reference intake of an average adult (8400kJ/2000kcal)
Contains 6 servings","Water, Lemon Juice from Concentrate (16%), Sugar, Carbon Dioxide, Natural Lemon Flavourings, Natural Flavourings, Stabiliser: Pectins, Acid: Citric Acid, Sweetener: Steviol Glycosides from Stevia, From natural origin",https://www.sainsburys.co.uk/gol-ui/product/san-pellegrino-lemon-6x330ml-8163060-p-44,6 x 6x330ml,2024-08-16T22:16:19.792428-04:00
67-212-DRI,Sainsbury's Lemonade 1L,Sainsbury's,Drinks,Fizzy drinks,Fruit flavoured,1L,70p,,£2.50,7p / 100ml,128063,Carbonated lemon flavour soft drink with sugar and sweeteners,100ml,https://assets.sainsburys-groceries.co.uk/gol/128063/1/640x640.jpg,"Typical Values per 100ml  per 250ml Glass  % based on RI for Average Adult
Energy 65kJ 163kJ -
15kcal 38kcal 2%
Fat <0.5g <0.5g -
Saturates <0.1g <0.1g -
Carbohydrate 3.5g 8.8g 3%
Sugars 3.5g 8.8g 10%
Fibre <0.5g <0.5g -
Protein <0.5g <0.5g -
Salt 0.03g 0.07g 1%",,https://www.sainsburys.co.uk/gol-ui/product/sainsburys-lemonade-1l,,2024-08-16T22:16:32.197674-04:00
67-213-DRI,Vimto Real Fruit Squash 2L,Vimto,Drinks,Fizzy drinks,Fruit flavoured,2L,£3.00,,£1.00,15p / 100ml,7625336,"Concentrated mixed fruit juice drink with flavourings, sugar and sweeteners.",100ml,https://assets.sainsburys-groceries.co.uk/gol/7625336/1/640x640.jpg,"per 100ml diluted product
Energy 75kJ/
18kcal
Fat 0g
of which saturates 0g
Carbohydrate 4.4g
of which sugars 4.4g
Protein 0g
Salt 0.03g
*Reference intake of an average adult 8400kJ/2000kcal","Water, Sugar, Mixed Fruit Juices from Concentrate 10% (Grape, Blackcurrant, Raspberry), Acid (Citric Acid), Vimto Flavouring (including Natural Extracts of Fruits, Herbs, Barley Malt and Spices), Colouring Food (Concentrates of Carrot, Hibiscus), Acidity Regulator (Sodium Citrate), Preservatives (Sodium Benzoate, Potassium Sorbate), Vitamin C, Sweeteners (Sucralose, Acesulfame K), Vitamin D",https://www.sainsburys.co.uk/gol-ui/product/vimto-cordial-2l,,2024-08-16T22:16:40.578793-04:00
67-214-DRI,Schweppes Lemonade 2L,Schweppes,Drinks,Fizzy drinks,Fruit flavoured,2L,£1.50,,£1.85,8p / 100ml,3266014,Sparkling Lemon Flavour Soft Drink with Sugar and Sweetener,,https://assets.sainsburys-groceries.co.uk/gol/3266014/1/640x640.jpg,"Per: 100ml Per: 250ml (%*)
Energy: 78kJ/
195kJ/
18kcal 45kcal (2%)
Fat: 0g 0g (0%)
of which saturates: 0g 0g (0%)
Carbohydrate: 4.2g 11g (4%)
of which sugars: 4.2g 11g (12%)
Protein: 0g 0g (0%)
Salt: 0.04g 0.10g (2%)
*Reference intake of an average adult (8400kJ/2000kcal)
2L = 8 x 250ml servings","Carbonated Water, Sugar, Lemon Juice from Concentrate (2%), Citric Acid, Flavourings, Acidity Regulator (Sodium Citrate), Sweeteners (Aspartame, Sodium Saccharin), Preservative (Potassium Sorbate), Antioxidant (Ascorbic Acid)",https://www.sainsburys.co.uk/gol-ui/product/schweppes-lemonade-2l,,2024-08-16T22:16:48.074871-04:00
67-215-DRI,Schweppes Slimline Lemonade 2L,Schweppes,Drinks,Fizzy drinks,Diet & sugar free,2L,£1.50,,£1.85,8p / 100ml,3756973,Sparkling Low Calorie Lemon Flavour Soft Drink with Sweeteners,0.08g,https://assets.sainsburys-groceries.co.uk/gol/3756973/1/640x640.jpg,"Per 100ml Per 250ml (%*)
Energy 7kJ 18kJ
2kcal 5kcal (0%)
Fat 0g 0g (0%)
Of which saturates 0g 0g (0%)
Carbohydrate 0g 0g (0%)
Of which sugars 0g 0g (0%)
Protein 0g 0g (0%)
Salt 0.03g 0.08g (1%)","Carbonated Water, Lemon Juice from Concentrate (2%), Acid (Citric Acid), Flavourings, Acidity Regulator (Sodium Citrate), Sweeteners (Aspartame, Sodium Saccharin), Preservative (Potassium Sorbate), Antioxidant (Ascorbic Acid)",https://www.sainsburys.co.uk/gol-ui/product/schweppes-lemonade--diet-2l,,2024-08-16T22:16:55.598149-04:00
67-216-DRI,Sprite zero sugar 2L,Sprite,Drinks,Fizzy drinks,Diet & sugar free,2L,£2.00,,£1.00,10p / 100ml,2288888,Sparkling Low Calorie Lemon-Lime Flavour Soft Drink with Sweeteners,,https://assets.sainsburys-groceries.co.uk/gol/2288888/1/640x640.jpg,"100 ml: 250 ml (%*):
Energy: 5 kJ, 1 kcal 13 kJ (0%), 3 kcal (0%)
Fat: 0 g 0 g (0%)
of which saturates: 0 g 0 g (0%)
Carbohydrate: 0 g 0 g (0%)
of which sugars: 0 g 0 g (0%)
Protein: 0 g 0 g (0%)
Salt: 0.03 g 0.08 g (1%)
Sodium: 11.9 mg 29.75 mg (496%)
* Reference intake of an average adult (8400 kJ/ 2000 kcal)","Carbonated Water, Acids (Citric Acid, Tartaric Acid), Acidity Regulator (Sodium Citrates), Sweeteners (Aspartame, Acesulfame-K, Sucralose), Natural Lemon, Lime Flavourings",https://www.sainsburys.co.uk/gol-ui/product/sprite-zero-2l,,2024-08-16T22:17:03.383056-04:00
67-217-DRI,Diet Coke No Caffeine 2L,Diet,Drinks,Discover,Coca Cola & Pizza,2L,£2.40,,£1.85,12p / 100ml,7900743,Sparkling Low Calorie Soft Drink with Plant Extracts with Sweeteners,100ml,https://assets.sainsburys-groceries.co.uk/gol/7900743/1/640x640.jpg,"Per 100ml: Per 250ml (%*):
Energy: 1.6kJ 4kJ
: 0.4kcal 1kcal (0%)
Fat: 0g 0g (0%)
Of which saturates: 0g 0g (0%)
Carbohydrate: 0g 0g (0%)
Of which sugars: 0g 0g (0%)
Protein: 0g 0g (0%)
Salt: 0g 0g (0%)
*Reference intake of an average adult (8400kJ/2000kcal)","Carbonated Water, Colour (Caramel E150d), Sweeteners (Aspartame, Acesulfame K), Acids (Phosphoric Acid, Citric Acid), Natural Flavourings",https://www.sainsburys.co.uk/gol-ui/product/diet-coke-caffeine-free-2l,,2024-08-16T22:17:10.944788-04:00
67-218-DRI,"Sainsbury's Pineapple & Grapefruit Juice Drink, Zero Added Sugar 2L",Sainsbury's,Drinks,Fizzy drinks,Diet & sugar free,2L,95p,,£8.50,5p / 100ml,7547089,Carbonated no added sugar pineapple and grapefruit flavour soft drink with 5% juice and sweeteners,100ml,https://assets.sainsburys-groceries.co.uk/gol/7547089/1/640x640.jpg,"Typical Values per 100ml  per 250ml glass  % based on RI for Average Adult
Energy 16kJ 41kJ -
4kcal 10kcal 1%
Fat <0.5g <0.5g -
Saturates <0.1g <0.1g -
Carbohydrate 0.5g 1.3g 1%
Sugars <0.5g 1.2g 1%
Fibre <0.5g <0.5g -
Protein <0.5g <0.5g -
Salt 0.02g 0.05g 1%",,https://www.sainsburys.co.uk/gol-ui/product/sainsburys-pineapple---grapefruit-juice-drink--zero-added-sugar-2l,,2024-08-16T22:17:23.430948-04:00
67-219-DRI,"Sainsbury's Diet Ginger Beer, No Added Sugar 2L",Sainsbury's,Drinks,Fizzy drinks,Diet & sugar free,2L,95p,,£8.50,5p / 100ml,1327113,carbonated no added sugar ginger flavour soft drink with sweeteners,100ml,https://assets.sainsburys-groceries.co.uk/gol/1327113/1/640x640.jpg,"Typical Values per 100ml  per 250ml glass  % based on RI for Average Adult
Energy <4.2kJkJ 6kJ -
<1kcalkcal 1kcal -
Fat <0.5g <0.5g -
Saturates <0.1g <0.1g -
Carbohydrate <0.5g <0.5g -
Sugars <0.5g <0.5g -
Fibre <0.5g <0.5g -
Protein <0.5g <0.5g -
Salt 0.02g 0.06g 1%",,https://www.sainsburys.co.uk/gol-ui/product/sainsburys-diet-ginger-beer--no-added-sugar-2l,,2024-08-16T22:17:36.277704-04:00
67-220-DRI,"Sainsbury's Ginger Beer, Diet x6 330ml",Sainsbury's,Drinks,Fizzy drinks,Diet & sugar free,330ML,£2.05,,£8.50,10p / 100ml,1327625,carbonated no added sugar ginger flavour soft drink with sweeteners,100ml,https://assets.sainsburys-groceries.co.uk/gol/1327625/1/640x640.jpg,"Typical Values per 100ml  per can  % based on RI for Average Adult
Energy <4.2kJkJ 8kJ -
<1kcalkcal 2kcal -
Fat <0.5g <0.5g -
Saturates <0.1g <0.1g -
Carbohydrate <0.5g <0.5g -
Sugars <0.5g <0.5g -
Fibre <0.5g <0.5g -
Protein <0.5g <0.5g -
Salt 0.02g 0.08g 1%",,https://www.sainsburys.co.uk/gol-ui/product/sainsburys-ginger-beer--diet-x6-330ml,,2024-08-16T22:17:48.743349-04:00
67-221-DRI,Fanta Orange Zero 2L,Fanta,Drinks,Fizzy drinks,Diet & sugar free,2L,£2.05,,£1.85,10p / 100ml,2900766,Sparkling Low Calorie Orange Fruit Drink with Sweeteners,,https://assets.sainsburys-groceries.co.uk/gol/2900766/1/640x640.jpg,"Per: 100 ml Per:250 ml (%*)
Energy 11 kJ 28 kJ (0%)
3 kcal 7 kcal (0%)
Fat 0 g 0 g (0%)
of which saturates 0 g 0 g (0%)
Carbohydrate 0.4 g 1.0 g (0%)
of which sugars 0.4 g 1.0 g (1%)
Protein 0 g 0 g (0%)
Salt 0.01 g 0.03 g (0%)
* Reference intake of an average adult (8400 kJ/ 2000 kcal)","Carbonated Water, Orange Juice from Concentrate (4%), Acids (Citric Acid, Malic Acid), Sweeteners (Cyclamates, Acesulfame-K, Sucralose, Steviol Glycosides from Stevia, Neohesperidine DC), Natural Orange Flavouring with other Natural Flavourings, Preservative (Potassium Sorbate), Antioxidant (Ascorbic Acid), Stabiliser (Guar Gum), Colour (Carotenes)",https://www.sainsburys.co.uk/gol-ui/product/fanta-orange-zero-2l,,2024-08-16T22:17:57.100614-04:00
67-222-DRI,R Whites Diet Lemonade 2L,R,Drinks,Fizzy drinks,Diet & sugar free,2L,£1.15,,£1.85,6p / 100ml,6615826,Carbonated Low Calorie Lemon Flavour Soft Drink with Sweeteners,0g,https://assets.sainsburys-groceries.co.uk/gol/6615826/1/640x640.jpg,"Per 100ml
Energy 7kJ/
2kcal
Fat 0g
of which Saturates 0g
Carbohydrate 0g
of which Sugars 0g
Protein 0g
Salt 0g","Carbonated Water, Lemon Juice from Concentrate (2%), Acid (Citric Acid), Flavouring, Sweeteners (Asparteme, Acesulfame K, Saccharin), Preservative (Sodium Benzoate)",https://www.sainsburys.co.uk/gol-ui/product/r-whites-diet-lemonade-2l,,2024-08-16T22:18:04.665536-04:00
67-223-DRI,San Pellegrino Orange 6x330ml,San,Drinks,Fizzy drinks,Fruit flavoured,330ML,£4.80,6 for £4.80,£4.00,24p / 100ml,8162866,Sparkling Orange Beverage with 16% Orange Juice from Concentrate with Sugar and Sweetener,6,https://assets.sainsburys-groceries.co.uk/gol/8162866/1/640x640.jpg,"Per 100ml Per Can % RI* Per Can
Energy 82kJ 272kJ 3%
19kcal 64kcal -
Fat, of which: 0.0g 0.0g 0%
saturates 0.0g 0.0g 0%
Carbohydrate 4.4g 14.5g 6%
of which: sugars 4.4g 14.5g 16%
Fibre 0.0g 0.1g -
Protein 0.1g 0.3g <1%
Salt 0.01g 0.03g <1%
*Reference intake of an average adult (8400kJ/2000kcal)
Contains 6 servings","Water, Orange Juice from Concentrate (16%), Sugar, Carbon Dioxide, Orange Extract (0,1%), Acid: Citric Acid, Natural Flavourings, Stabiliser: Pectins, Natural Orange Flavouring, Sweetener: Steviol Glycosides from Stevia, Sweetener from natural origin",https://www.sainsburys.co.uk/gol-ui/product/sanpellegrino-orange-330ml,6 x 6x330ml,2024-08-16T22:18:12.770535-04:00
67-224-DRI,Pepsi Max Cherry No Sugar Cola Cans 24x330ml,Pepsi,Drinks,Discover,"Heineken, Doritos and Pepsi Football snacks and drinks",330ML,£10.50,24 for £10.50,£8.50,13p / 100ml,8076827,Carbonated Low Calorie Cherry Cola Flavoured Soft Drink with Sweeteners,24,https://assets.sainsburys-groceries.co.uk/gol/8076827/1/640x640.jpg,"Per 100ml Per 330ml
Energy 3kJ/
0.6kcal 10kJ/
2kcal
Fat 0g 0g
of which saturates 0g 0g
Carbohydrate 0g 0g
of which sugars 0g 0g
Protein 0g 0g
Salt 0g 0g
Pack contains 24 servings of 330ml","Carbonated Water, Colour (E150d), Sweeteners (Aspartame, Acesulfame K), Flavourings (Including Caffeine), Acids (Phosphoric Acid, Citric Acid), Preservative (Potassium Sorbate)",https://www.sainsburys.co.uk/gol-ui/product/pepsi-max-cherry-cola-24x330ml,24 x 24x330ml,2024-08-16T22:18:20.943896-04:00
67-225-DRI,Sprite 2L,Sprite,Drinks,Discover,Curry night,2L,£2.00,,£1.00,10p / 100ml,2331331,Sparkling Lemon-Lime Flavour Low Calorie Soft Drink with Sugar and Sweeteners,,https://assets.sainsburys-groceries.co.uk/gol/2331331/1/640x640.jpg,"100ml: 250 ml (%*):
Energy: 79 kJ, 19 kcal 198 kJ (2%), 48 kcal (2%)
Fat: 0 g 0 g (0%)
of which saturates: 0 g 0 g (0%)
Carbohydrate: 4.4 g 11 g (6%)
of which sugars: 4.4 g 11 g (12%)
Protein: 0 g 0 g (0%)
Salt: 0.04 g 0.1 g (2%)
* Reference intake of an average adult (8400 kJ/ 2000 kcal)","Carbonated Water, Sugar, Acids (Citric Acid, Tartaric Acid), Acidity Regulator (Sodium Citrates), Sweeteners (Acesulfame-K, Aspartame), Natural Lemon and Lime Flavourings",https://www.sainsburys.co.uk/gol-ui/product/sprite-sparkling-lemon---lime-drink-2l,,2024-08-16T22:18:28.289221-04:00
67-226-DRI,Pepsi Max Cherry No Sugar Cola Bottle 2L,Pepsi,Drinks,Discover,"Heineken, Doritos and Pepsi Football snacks and drinks",2L,£2.25,,£1.85,11p / 100ml,7546824,Carbonated Low Calorie Cherry Cola Flavoured Soft Drink with Sweeteners,100ml,https://assets.sainsburys-groceries.co.uk/gol/7546824/1/640x640.jpg,"Per 100ml Per 250ml
Energy 3kJ/
0.6kcal 8kJ/
2kcal
Fat 0g 0g
of which saturates 0g 0g
Carbohydrate 0g 0g
of which sugars 0g 0g
Protein 0g 0g
Salt 0g 0g
Bottle contain 8 servings","Carbonated Water, Colour (E150d), Sweeteners (Aspartame, Acesulfame K), Flavourings (including Caffeine), Acids (Phosphoric Acid, Citric Acid), Preservative (Potassium Sorbate)",https://www.sainsburys.co.uk/gol-ui/product/pepsi-max-cherry-2l,,2024-08-16T22:18:36.705713-04:00
67-227-DRI,San Pellegrino Blood Orange 6x330ml,San,Drinks,Fizzy drinks,Fruit flavoured,330ML,£4.80,6 for £4.80,£4.00,24p / 100ml,8163051,Sparkling Fruit Beverage with 12% Orange Juice and 4% Blood Orange Juice from Concentrates with Sugar and Sweetener,6,https://assets.sainsburys-groceries.co.uk/gol/8163051/1/640x640.jpg,"Per 100ml Per Can % RI* Per Can
Energy 88kJ 291kJ 3%
21kcal 69kcal -
Fat, of which: 0.0g 0.0g 0%
saturates 0.0g 0.0g 0%
Carbohydrate 4.5g 14.9g 6%
of which: sugars 4.4g 14.6g 16%
Fibre 0.1g 0.3g -
Protein 0.1g 0.3g 1%
Salt 0.01g 0.02g <1%
*Reference intake of an average adult (8400kJ/2000kcal)
Contains 6 servings","Water, Orange Juice from Concentrate (12%), Blood Orange Juice from Concentrate (4%), Sugar, Carbon Dioxide, Natural Flavourings, Orange Extract (0.1%), Acid: Citric Acid, Black Carrot Concentrate, Stabiliser: Pectins, Sweetener: Steviol Glycosides from Stevia, Sweetener from Natural origin",https://www.sainsburys.co.uk/gol-ui/product/sanpellegrino-blood-orange-330ml,6 x 6x330ml,2024-08-16T22:18:44.616399-04:00
67-228-DRI,Tango Apple Sugar Free Can 8x330ml,Tango,Drinks,Special offers,,330ML,£3.70,8 for £3.70,£3.00,14p / 100ml,8166134,Carbonated Sugar Free Apple Soft Drink with Sweeteners.,100ml,https://assets.sainsburys-groceries.co.uk/gol/8166134/1/640x640.jpg,"Per 100ml
Energy 17kJ/
4kcal
Salt 0.05g
Contains negligible amounts of fat, saturates, carbohydrate, sugars and protein","Carbonated Water, Apple Juice from Concentrate (4%), Natural Apple Flavouring, Acid (Malic Acid), Acidity Regulator (Sodium Citrate), Sweeteners (Sucralose, Acesulfame K), Natural Colour (Plain Caramel), Preservative (Potassium Sorbate), Antioxidant (Ascorbic Acid)",https://www.sainsburys.co.uk/gol-ui/product/tango-apple-sugar-free-can-8x330ml,8 x 8x330ml,2024-08-16T22:18:52.102031-04:00
67-229-DRI,"Sainsbury's Diet Cream Soda, No Added Sugar 2L",Sainsbury's,Drinks,Fizzy drinks,Diet & sugar free,2L,95p,,£8.50,5p / 100ml,1327151,Carbonated no added sugar vanilla flavour soft drink with sweetener,100ml,https://assets.sainsburys-groceries.co.uk/gol/1327151/1/640x640.jpg,"Typical Values per 100ml  per 250ml glass  % based on RI for Average Adult
Energy <4.2kJkJ 10kJ -
<1kcalkcal 2kcal -
Fat <0.5g <0.5g -
Saturates <0.1g <0.1g -
Carbohydrate <0.5g <0.5g -
Sugars <0.5g <0.5g -
Fibre <0.5g <0.5g -
Protein <0.5g <0.5g -
Salt <0.01g <0.01g -",,https://www.sainsburys.co.uk/gol-ui/product/sainsburys-diet-cream-soda--no-added-sugar-2l,,2024-08-16T22:19:04.993690-04:00
67-230-DRI,Coca-Cola Zero Sugar Zero Caffeine 2L,Coca-Cola,Drinks,Discover,Coca Cola & Pizza,2L,£2.40,,£1.50,12p / 100ml,8095614,Sparkling Low Calorie Soft Drink with Plant Extracts with Sweeteners.,100ml,https://assets.sainsburys-groceries.co.uk/gol/8095614/1/640x640.jpg,"Per 100ml Per 250ml (%*)
Energy 1.4kJ 4kJ
0.3kcal 1kcal (0%)
Fat 0g 0g (0%)
of which saturates 0g 0g (0%)
Carbohydrate 0g 0g (0%)
of which sugars 0g 0g (0%)
Protein 0g 0g (0%)
Salt 0.2g 0.05g (1%)
*Reference intake of an average adult (8400kJ/2000kcal)","Carbonated Water, Colour (Caramel E150d), Acid (Phosphoric Acid), Sweeteners (Aspartame, Acesulfame-K), Natural Flavourings, Acidity Regulator (Sodium Citrates)",https://www.sainsburys.co.uk/gol-ui/product/coca-cola-zero-caffeine-free-2l,,2024-08-16T22:19:12.760190-04:00
