idx,name,brand,aisle,subaisle,subsubaisle,size,price,multi_price,old_price,pricePerUnit,itemNum,description,serving,img_urls,item_label,item_ingredients,url,pack,timeStamp
68-42-DRI,"Sainsbury's Victoria Sponge Cake, Taste the Difference 345g",Sainsbury's,Drinks,Bakery essentials,,,£3.50,,£2.50,£10.14 / kg,6028628,"Sponge sandwiched with buttercream and raspberry jam, topped with a dusting of sugar",,https://assets.sainsburys-groceries.co.uk/gol/6028628/1/640x640.jpg,"Typical Values per 100g  per slice  % based on RI for Average Adult
Energy 1663kJ 956kJ -
397kcal 228kcal 11%
Fat 18.4g 10.6g 15%
Saturates 5.0g 2.8g 14%
Mono-unsaturates 8.6g 4.9g -
Polyunsaturates 3.8g 2.2g -
Carbohydrate 52.6g 30.2g 12%
Sugars 31.2g 17.9g 20%
Starch 21.4g 12.3g -
Fibre 0.9g 0.5g -
Protein 4.8g 2.8g 6%
Salt 0.56g 0.32g 5%",,https://www.sainsburys.co.uk/gol-ui/product/sainsburys-victoria-sponge-cake--taste-the-difference-5,,2024-08-17T05:07:02.857181-04:00
68-55-DRI,"Sainsbury's Chocolate Cake, Taste the Difference 395g",Sainsbury's,Drinks,Birthday & party cakes,,,£3.50,,£2.50,£8.86 / kg,6025401,Chocolate cake layered and topped with Belgian chocolate buttercream,,https://assets.sainsburys-groceries.co.uk/gol/6025401/1/640x640.jpg,"Typical Values per 100g  per slice  % based on RI for Average Adult
Energy 1750kJ 1152kJ -
418kcal 275kcal 14%
Fat 20.0g 13.1g 19%
Saturates 7.5g 5.0g 25%
Mono-unsaturates 8.6g 5.7g -
Polyunsaturates 2.8g 1.8g -
Carbohydrate 53.4g 35.2g 14%
Sugars 35.5g 23.4g 26%
Starch 17.9g 11.8g -
Fibre 1.4g 0.9g -
Protein 5.4g 3.6g 7%
Salt 0.51g 0.34g 6%",,https://www.sainsburys.co.uk/gol-ui/product/sainsburys-belgian-chocolate-fudge-cake--taste-the-difference-5,,2024-08-17T05:09:17.619636-04:00
68-59-DRI,Cruzcampo Sevilla Lager Beer Can 10x440ml,Cruzcampo,Drinks,Beer & cider,All beer,440ML,£12.50,10 for £12.50,,£2.84 / ltr,8185449,Beer.,,https://assets.sainsburys-groceries.co.uk/gol/8185449/1/640x640.jpg,"Per 100ml:
Energy: 163KJ /
39KCAL
Fat: 0.0G
Saturates: 0.0G
Carbohydrate: 3.4G
Sugars 0.0G
Protein: 0.0G
Salt: 0.02G","Water, Malted Barley, Glucose Syrup, Barley, Hops, Hop Extract",https://www.sainsburys.co.uk/gol-ui/product/cruzcampo-sevilla-lager-beer-can-10x440ml,10 x 10x440ml,2024-08-17T05:09:57.417652-04:00
68-60-DRI,Inch's Medium Apple Cider 4x440ml,Inch's,Drinks,Beer & cider,Cider,440ML,£5.50,4 for £5.50,£4.50,£3.13 / ltr,8049238,A Lightly Sparkling Cider Made with Apples Grown and Picked Within 40 Miles of Our Mill Cider.,,https://assets.sainsburys-groceries.co.uk/gol/8049238/1/640x640.jpg,"Per 100ml:
Energy: 181kJ/
43kcal
Fat: 0.0g
Saturates: 0.0g
Carbohydrate: 4.4g
Sugars: 4.2g
Protein: 0.0g
Salt: <0.01g","Water, Apple Juice (from Concentrate), Sugar, Acid: Malic Acid, Antioxidant: Sodium Metabisulphite",https://www.sainsburys.co.uk/gol-ui/product/inchs-medium-apple-cider-4x440ml,4 x 4x440ml,2024-08-17T05:10:04.988201-04:00
68-61-DRI,Birra Moretti Lager Beer Bottle 18x330ml,Birra,Drinks,Beer & cider,All beer,330ML,£23.00,18 for £23.00,£20.00,£3.87 / ltr,8068848,Beer.,,https://assets.sainsburys-groceries.co.uk/gol/8068848/1/640x640.jpg,"per 100ml
Energy: 157 kJ /
37 kcal","Water, Malted Barley, Maize, Hops, Hop Extract",https://www.sainsburys.co.uk/gol-ui/product/birra-moretti-lager-beer-bottle-18x330ml,18 x 18x330ml,2024-08-17T05:10:12.158987-04:00
68-62-DRI,Stella Artois Premium Lager Beer Cans 18x440ml,Stella,Drinks,Beer & cider,All beer,440ML,£18.00,18 for £18.00,£14.00,£2.27 / ltr,7376852,Beer,,https://assets.sainsburys-groceries.co.uk/gol/7376852/1/640x640.jpg,"Per 100ml Per 440ml
Energy 165kJ /
727kJ /
(kJ / kcal) 39kcal 174kcal
Fat 0g 0g
of which saturates 0g 0g
Carbohydrate 3.2g 13.9g
of which sugars 0.3g 1.3g
Protein 0.4g 1.6g
Salt 0g 0.02g","Water, Barley Malt, Maize, Hops",https://www.sainsburys.co.uk/gol-ui/product/stella-artois-premium-lager-beer-cans-18x440ml,18 x 18x440ml,2024-08-17T05:10:19.612896-04:00
68-63-DRI,Budweiser Lager Beer Bottles 20x300ml,Budweiser,Drinks,Beer & cider,All beer,300ML,£17.00,20 for £17.00,£12.00,£2.83 / ltr,7982258,Beer,,https://assets.sainsburys-groceries.co.uk/gol/7982258/1/640x640.jpg,"Per 100ml Per 300ml
Energy 162kJ /
486kJ /
(kJ / kcal) 39kcal 116kcal
Fat 0g 0g
of which saturates 0g 0g
Carbohydrates 3.1g 9.3g
of which sugars 0.1g 0.2g
Protein 0.3g 1.0g
Salt <0.01g <0.1g","Water, Barley Malt, Rice, Hops",https://www.sainsburys.co.uk/gol-ui/product/budweiser-lager-beer-bottles-20x300ml,20 x 20x300ml,2024-08-17T05:10:27.377046-04:00
68-64-DRI,Heineken Premium Lager Beer Cans 15x440ml,Heineken,Drinks,Beer & cider,All beer,440ML,£15.00,15 for £15.00,£10.00,£2.27 / ltr,7914356,Beer.,,https://assets.sainsburys-groceries.co.uk/gol/7914356/1/640x640.jpg,"Per 100ml:
Energy: 176kJ/
42kcal
Fat: 0.0g
Saturates: 0.0g
Carbohydrate: 3.2g
Sugars: 0.0g
Protein: 0.0g
Salt: <0.01g","Water, Malted Barley, Hop Extract",https://www.sainsburys.co.uk/gol-ui/product/heineken-lager-15x440ml,15 x 15x440ml,2024-08-17T05:10:35.934293-04:00
68-65-DRI,Foster's Lager Beer Cans 18x440ml,Foster's,Drinks,Beer & cider,All beer,440ML,£15.00,18 for £15.00,£11.00,£1.89 / ltr,7910070,Beer.,,https://assets.sainsburys-groceries.co.uk/gol/7910070/1/640x640.jpg,"per 100ml:
Energy 137kJ/
33kcal
Fat: 0.0g
Saturates: 0.0g
Carbohydrate: 2.8g
Sugars: 0.0g
Protein: 0.0g
Salt: 0.02g","Water, Malted Barley, Glucose Syrup, Barley, Hops, Hop Extract",https://www.sainsburys.co.uk/gol-ui/product/fosters-lager-18x440ml,18 x 18x440ml,2024-08-17T05:10:43.117023-04:00
68-66-DRI,Corona Extra Premium Lager Beer Bottles 12x330ml,Corona,Drinks,Beer & cider,All beer,330ML,£15.00,12 for £15.00,£14.00,£3.79 / ltr,6639802,Beer,,https://assets.sainsburys-groceries.co.uk/gol/6639802/1/640x640.jpg,"Per 100ml Per 330ml
Energy (kJ / kcal) 176kJ /
42kcal 581kJ /
139kcal
Fat 0g 0g
of which saturates 0g 0g
Carbohydrate 4.0g 13.2g
of which sugars 0.2g 0.5g
Protein 0.3g 1.0g
Salt 0g 0.02g","Water, Barley Malt, Maize, Hops",https://www.sainsburys.co.uk/gol-ui/product/corona-extra-12x330ml,12 x 12x330ml,2024-08-17T05:10:51.545118-04:00
68-67-DRI,Estrella Damm Lager Beer Bottles 12x330ml,Estrella,Drinks,Beer & cider,All beer,330ML,£16.50,12 for £16.50,£13.50,£4.17 / ltr,7855845,Beer,,https://assets.sainsburys-groceries.co.uk/gol/7855845/1/640x640.jpg,,"Water, Barley Malt (11%), Rice (4%), Hops",https://www.sainsburys.co.uk/gol-ui/product/estrella-damm-12x330ml,12 x 12x330ml,2024-08-17T05:11:04.091707-04:00
68-68-DRI,Peroni Nastro Azzurro Beer Lager Bottles 12x330ml,Peroni,Drinks,Beer & cider,All beer,330ML,£18.00,12 for £18.00,£13.00,£4.55 / ltr,6546263,Beer,,https://assets.sainsburys-groceries.co.uk/gol/6546263/1/640x640.jpg,"per 100ml
Energy 177 KJ 42 Kcal
Fat 0g
of which Saturates 0g
Carbohydrate 3.2g
of which Sugars 0g
Protein 0.4g
Salt 0g","Water, Barley Malt, Italian Maize, Hops",https://www.sainsburys.co.uk/gol-ui/product/peroni-nastro-azzuro-12x330ml,12 x 12x330ml,2024-08-17T05:11:11.609302-04:00
68-69-DRI,San Miguel Premium Lager Beer Bottles 12x330ml,San,Drinks,Low & no alcohol,No alcohol,330ML,£12.50,12 for £12.50,£1.85,£3.16 / ltr,7613831,Premium Lager Beer,,https://assets.sainsburys-groceries.co.uk/gol/7613831/1/640x640.jpg,"Per 100ml:
Energy 188kJ /
45kcal
Fat 0g
Of which Saturates 0g
Carbohydrate 3.7g
Of which Sugars 0.0g
Protein 0.4g
Salt <0.01g","Water, Malted Barley, Hops",https://www.sainsburys.co.uk/gol-ui/product/san-miguel-12x330ml,12 x 12x330ml,2024-08-17T05:11:19.531782-04:00
68-70-DRI,Corona Extra Premium Lager Beer bottles 18x330ml,Corona,Drinks,Beer & cider,All beer,330ML,£18.75,18 for £18.75,£14.00,£3.16 / ltr,7746983,Beer,,https://assets.sainsburys-groceries.co.uk/gol/7746983/1/640x640.jpg,"Per 100ml Per 330ml
Energy (kJ / kcal) 176kJ /
581kJ /
42kcal 139kcal
Fat 0g 0g
of which saturates 0g 0g
Carbohydrates 4.0g 13.2g
of which sugars 0.2g 0.5g
Protein 0.3g 1.0g
Salt 0g 0.02g","Water, Barley Malt, Maize, Hops, CO₂ added after brewing",https://www.sainsburys.co.uk/gol-ui/product/corona-18x330ml,18 x 18x330ml,2024-08-17T05:11:27.175250-04:00
68-73-DRI,San Miguel Premium Lager Beer 10x440ml,San,Drinks,Beer & cider,All beer,440ML,£12.75,10 for £12.75,£11.00,£2.90 / ltr,7911803,Premium Lager Beer,,https://assets.sainsburys-groceries.co.uk/gol/7911803/1/640x640.jpg,"Per 100ml:
Energy 188kJ /
45kcal
Fat 0g
Of which Saturates 0g
Carbohydrate 3.7g
Of which Sugars 0.0g
Protein 0.4g
Salt <0.01g","Water, Malted Barley, Hops",https://www.sainsburys.co.uk/gol-ui/product/san-miguel-lager-10x440ml,10 x 10x440ml,2024-08-17T05:11:59.461361-04:00
68-74-DRI,Thatchers Gold Cider 10x440ml,Thatchers,Drinks,Beer & cider,Bigger packs,440ML,£11.00,10 for £11.00,£9.00,£2.50 / ltr,7855789,,,https://assets.sainsburys-groceries.co.uk/gol/7855789/1/640x640.jpg,,,https://www.sainsburys.co.uk/gol-ui/product/thatchers-gold-10x440ml,10 x 10x440ml,2024-08-17T05:12:22.199285-04:00
68-75-DRI,Kronenbourg 1664 Lager Beer Cans 15 x 440ml,Kronenbourg,Drinks,Beer & cider,All beer,1664L,£17.00,,£12.00,£2.58 / ltr,7961376,Premium lager.,,https://assets.sainsburys-groceries.co.uk/gol/7961376/1/640x640.jpg,"per 100ml:
Energy 153kJ/
37kcal
Fat 0g
-of which saturates 0g
Carbohydrate 2.5g
0of which sugars <0.5g
Protein <0.5g
Salt <0.01g","Water, Malted Barley, Glucose Syrup, Malted Wheat, Wheat, Hops",https://www.sainsburys.co.uk/gol-ui/product/kronenbourg-1664-premium-beer-15-x-440ml-7961376-p,,2024-08-17T05:12:29.838359-04:00
68-76-DRI,Carling Original Lager Beer Cans x18 440ml,Carling,Drinks,Beer & cider,All beer,440ML,£16.00,,£12.00,£2.02 / ltr,7855717,Original Lager.,,https://assets.sainsburys-groceries.co.uk/gol/7855717/1/640x640.jpg,"Per 100ml 440ml Can:
Energy 133kJ 585kJ
32kcal 140kcal
Fat 0g 0g
of which saturates 0g 0g
Carbohydrate 2.4g 10.6g
of which sugars 0g 0g
Protein 0.2g 0.9g
Salt 0g 0g",,https://www.sainsburys.co.uk/gol-ui/product/carling-lager-18x440ml,,2024-08-17T05:12:42.481402-04:00
68-78-DRI,Peroni Nastro Azzurro Beer Lager Bottles 18x330ml,Peroni,Drinks,Beer & cider,All beer,330ML,£25.00,18 for £25.00,£13.00,£4.21 / ltr,7643851,Beer,,https://assets.sainsburys-groceries.co.uk/gol/7643851/1/640x640.jpg,"(per 100ml)
Energy 177 KJ 42 Kcal
Fat 0g
of which Saturates 0g
Carbohydrate 3.2g
of which Sugars 0g
Protein 0.4g
Salt 0g","Water, Barley Malt, Italian Maize, Hops",https://www.sainsburys.co.uk/gol-ui/product/peroni-18x330ml,18 x 18x330ml,2024-08-17T05:12:59.035808-04:00
68-79-DRI,Birra Moretti Lager Beer Bottles 12x330ml,Birra,Drinks,Beer & cider,All beer,330ML,£17.00,12 for £17.00,£20.00,£4.29 / ltr,7796813,Beer.,,https://assets.sainsburys-groceries.co.uk/gol/7796813/1/640x640.jpg,"per 100ml
Energy: 157 kJ /
37 kcal","Water, Malted Barley, Maize, Hops, Hop Extract",https://www.sainsburys.co.uk/gol-ui/product/birra-moretti-12x330ml,12 x 12x330ml,2024-08-17T05:13:07.087872-04:00
68-81-DRI,Birra Moretti Premium Lager Cans 10x330ml,Birra,Drinks,Beer & cider,All beer,330ML,£12.00,10 for £12.00,£10.00,£3.64 / ltr,8112768,Beer.,,https://assets.sainsburys-groceries.co.uk/gol/8112768/1/640x640.jpg,"per 100ml
energy: 158 kJ / 38 kcal","Water, Malted Barley, Maize, Hops, Hop Extract",https://www.sainsburys.co.uk/gol-ui/product/birra-moretti-premium-lager-cans-10x330ml,10 x 10x330ml,2024-08-17T05:13:22.579204-04:00
68-83-DRI,Greene King Abbot Ale Beer Cans 4x500ml,Greene,Drinks,Beer & cider,Ale & stout,500ML,£5.75,4 for £5.75,£5.50,£2.88 / ltr,3944790,Beer,,https://assets.sainsburys-groceries.co.uk/gol/3944790/1/640x640.jpg,,,https://www.sainsburys.co.uk/gol-ui/product/greene-king-abbot-ale-4x500ml,4 x 4x500ml,2024-08-17T05:13:47.356247-04:00
68-84-DRI,Strongbow Original Cider Cans 18 x 440ml,Strongbow,Drinks,Beer & cider,All beer,440ML,£14.00,,£1.85,£1.77 / ltr,7856253,Cider.,,https://assets.sainsburys-groceries.co.uk/gol/7856253/1/640x640.jpg,"Per 100ml:
Energy: 156kJ /
37kcal
Fat: 0.0g
Saturates: 0.0g
Carbohydrate: 2.9g
Sugars: 2.8g
Protein: 0.0g
Salt: <0.01g","Water, Apple Juice (from Concentrate), Sugar, Acid: Malic Acid, Antioxidant: Sodium Metabisulphite",https://www.sainsburys.co.uk/gol-ui/product/strongbow-original-cider-18x440ml,,2024-08-17T05:13:55.091172-04:00
68-89-DRI,Stella Artois Premium Lager Beer Bottles 12x330ml,Stella,Drinks,Beer & cider,All beer,330ML,£12.00,12 for £12.00,£10.00,£3.03 / ltr,8012843,Brewed with 100% Natural Ingredients,,https://assets.sainsburys-groceries.co.uk/gol/8012843/1/640x640.jpg,"Per 100ml Per 330ml
Energy 165kJ /
545kJ /
(kJ / kcal) 39kcal 130kcal
Fat 0g 0g
of which saturates 0g 0g
Carbohydrates 3.2g 10.4g
of which sugars 0.3g 1.0g
Protein 0.4g 1.2g
Salt 0g 0.01g","Water, Barley Malt, Maize, Hops",https://www.sainsburys.co.uk/gol-ui/product/stella-artois-lager-beer-bottles-12x330ml,12 x 12x330ml,2024-08-17T05:14:39.831515-04:00
68-90-DRI,Guinness Draught In Can Stout Beer 12x440ml,Guinness,Drinks,Beer & cider,Ale & stout,440ML,£17.00,12 for £17.00,£14.50,£3.22 / ltr,8156443,"UNIQUE FEATURES/AWARDS - Guinness Draught. The iconic, best-selling stout beer, with groundbreaking innovation right at its ruby-red heart.",,https://assets.sainsburys-groceries.co.uk/gol/8156443/1/640x640.jpg,,,https://www.sainsburys.co.uk/gol-ui/product/guinness-draught-in-can-stout-beer-12x440ml,12 x 12x440ml,2024-08-17T05:14:57.677052-04:00
68-91-DRI,Birra Moretti Lager Beer Bottle 660ml,Birra,Drinks,Beer & cider,All beer,660ML,£2.75,,£1.85,£4.17 / ltr,6546431,Beer,,https://assets.sainsburys-groceries.co.uk/gol/6546431/1/640x640.jpg,"per 100ml
Energy: 157 kJ /
37 kcal","Water, Malted Barley, Maize, Hops, Hop Extract",https://www.sainsburys.co.uk/gol-ui/product/birra-moretti-lager-660ml,,2024-08-17T05:15:05.080103-04:00
68-92-DRI,Golden Ales Mixed Pack 6x500ml,Golden,Drinks,Beer & cider,Ale & stout,500ML,£12.00,6 for £12.00,£9.00,£4.00 / ltr,7704527,Beer,,https://assets.sainsburys-groceries.co.uk/gol/7704527/1/640x640.jpg,,"Brakspear Oxford Gold: contains Malted Barley, Wainwright Gold: contains Malted Barley, Hobgoblin Gold: contains Malted Barley, Wheat, Shipyard American Ipa: contains Malted Barley, Wheat, Ringwood Boondoggle: contains Malted Barley, Hobgoblin Session Ipa: Malted Barley",https://www.sainsburys.co.uk/gol-ui/product/golden-ales-mixed-pack-6x500ml,6 x 6x500ml,2024-08-17T05:15:18.180308-04:00
68-93-DRI,Corona Cero Alcohol Free 4x330ml,Corona,Drinks,Beer & cider,All beer,330ML,£4.50,4 for £4.50,£7.00,£3.41 / ltr,8114311,Alcohol Free Beer,,https://assets.sainsburys-groceries.co.uk/gol/8114311/1/640x640.jpg,"per 100 ml per 330 ml
Energy 71 kJ/
17 kcal 235 kJ/
56 kcal
Fat 0 g 0 g
of which saturates 0 g 0 g
Carbohydrate 3.9 g 12.8 g
of which sugars 0.7 g 2.1 g
Protein 0.4 g 1.3 g
Salt 0 g 0.02 g","Water, Barley Malt, Maize, Sugar, Hops, Natural Flavours",https://www.sainsburys.co.uk/gol-ui/product/corona-cero-4x330ml,4 x 4x330ml,2024-08-17T05:15:26.210824-04:00
68-96-DRI,Beavertown Neck Oil Session IPA 4x330ml,Beavertown,Drinks,Beer & cider,All beer,330ML,£8.00,4 for £8.00,£6.50,£6.06 / ltr,7966544,Cans of Beer,,https://assets.sainsburys-groceries.co.uk/gol/7966544/1/640x640.jpg,,"Hops: Columbus Centennial, Simcoe Amarillo, Mosaic, Galaxy, Vic Secret, Malt: Extra Pale, Carapils, Yeast: US-05",https://www.sainsburys.co.uk/gol-ui/product/beavertown-neck-oil-4x330ml,4 x 4x330ml,2024-08-17T05:16:07.019256-04:00
68-97-DRI,Guinness Draught Stout Beer Cans 4x440ml,Guinness,Drinks,Special offers,,440ML,£5.75,4 for £5.75,£5.00,£3.27 / ltr,2250786,"ABOUT - Guinness Draught Stout Beer is truly revolutionary thanks to the nitrogenating widget in the can, which delivers a rich smooth head. Flavours of malt and hops create a truly unique beer.",,https://assets.sainsburys-groceries.co.uk/gol/2250786/1/640x640.jpg,,,https://www.sainsburys.co.uk/gol-ui/product/guinness-draught-stout-4x440ml,4 x 4x440ml,2024-08-17T05:16:26.569916-04:00
68-99-DRI,BrewDog Mixed Beer Can Pack 12x330ml,BrewDog,Drinks,Beer & cider,All beer,330ML,£16.50,12 for £16.50,£14.00,£4.17 / ltr,7862207,Beer,,https://assets.sainsburys-groceries.co.uk/gol/7862207/1/640x640.jpg,,"Water, Malted Barley, Hops, Yeast",https://www.sainsburys.co.uk/gol-ui/product/brewdog-mixed-can-pack-12x330ml,12 x 12x330ml,2024-08-17T05:16:48.218523-04:00
68-100-DRI,Old Speckled Hen Pale Ale Beer Cans 4x500ml,Old,Drinks,Beer & cider,Ale & stout,500ML,£5.75,4 for £5.75,£4.00,£2.88 / ltr,8151500,Beer,,https://assets.sainsburys-groceries.co.uk/gol/8151500/1/640x640.jpg,,,https://www.sainsburys.co.uk/gol-ui/product/old-speckled-hen-english-pale-ale-4x500ml,4 x 4x500ml,2024-08-17T05:17:06.920519-04:00
68-102-DRI,Inch's Medium Apple Cider SGL 10x440ml,Inch's,Drinks,Beer & cider,Bigger packs,440ML,£10.75,10 for £10.75,£1.85,£2.44 / ltr,8049240,Cider.,,https://assets.sainsburys-groceries.co.uk/gol/8049240/1/640x640.jpg,"Per 100ml:
Energy: 181kJ/
43kcal
Fat: 0.0g
Saturates: 0.0g
Carbohydrate: 4.4g
Sugars: 4.2g
Protein: 0.0g
Salt: <0.01g","Water, Apple Juice (from Concentrate), Sugar, Acid: Malic Acid, Antioxidant: Sodium Metabisulphite",https://www.sainsburys.co.uk/gol-ui/product/inchs-medium-apple-cider-sgl-10x440ml,10 x 10x440ml,2024-08-17T05:17:21.996148-04:00
68-103-DRI,BrewDog Hazy Jane 12x330ml,BrewDog,Drinks,Beer & cider,All beer,330ML,£16.50,12 for £16.50,£13.50,£4.17 / ltr,8031112,Beer.,,https://assets.sainsburys-groceries.co.uk/gol/8031112/1/640x640.jpg,,"Water, Malted Barley, Malted Oats, Torrefied Wheat, Hops, Yeast",https://www.sainsburys.co.uk/gol-ui/product/brewdog-hazy-jane-12x330ml,12 x 12x330ml,2024-08-17T05:17:35.006214-04:00
68-104-DRI,Guinness Draught Stout Beer Can 8x440ml,Guinness,Drinks,Beer & cider,Ale & stout,440ML,£11.50,8 for £11.50,£14.50,£3.27 / ltr,8156445,"ABOUT - Guinness Draught Stout Beer is truly revolutionary thanks to the nitrogenating widget in the can, which delivers a rich smooth head. Flavours of malt and hops create a truly unique beer.",,https://assets.sainsburys-groceries.co.uk/gol/8156445/1/640x640.jpg,,,https://www.sainsburys.co.uk/gol-ui/product/guinness-draught-stout-beer-can-8x440ml-8156445-p-44,8 x 8x440ml,2024-08-17T05:17:53.505873-04:00
68-105-DRI,Thatchers Haze Cloudy Somerset Cider 10x440ml,Thatchers,Drinks,Beer & cider,All beer,440ML,£11.00,10 for £11.00,£9.50,£2.50 / ltr,7909766,Haze Cloudy Somerset Cider,,https://assets.sainsburys-groceries.co.uk/gol/7909766/1/640x640.jpg,,,https://www.sainsburys.co.uk/gol-ui/product/thatchers-haze-cloudy-somerset-cider-10x440ml,10 x 10x440ml,2024-08-17T05:18:11.920695-04:00
68-106-DRI,Kopparberg Premium Cider Variety Pack 10x330ml,Kopparberg,Drinks,Vegan,All vegan,330ML,£11.00,10 for £11.00,£4.50,£3.33 / ltr,8151358,,,https://assets.sainsburys-groceries.co.uk/gol/8151358/1/640x640.jpg,,,https://www.sainsburys.co.uk/gol-ui/product/kopparberg-premium-cider-variety-pack-10x330ml,10 x 10x330ml,2024-08-17T05:18:35.725076-04:00
68-107-DRI,Birra Moretti Zero Alcohol-Free Beer 4x330ml,Birra,Drinks,Special offers,,330ML,£5.00,4 for £5.00,£1.25,£3.79 / ltr,8066947,Alcohol Free Beer with Natural Flavourings,,https://assets.sainsburys-groceries.co.uk/gol/8066947/1/640x640.jpg,"Per 100ml
Energy 84kJ/
20kcal
Fat 0 g
of which saturates 0 g
Carbohydrate 4,4 g
of which sugars 1,2 g
Protein 0,5 g
Salt <0,01 g","Water, Malted Barley, Hops, Hop Extract, Natural Flavourings",https://www.sainsburys.co.uk/gol-ui/product/birra-moretti-zero-alcohol-free-beer-4x330ml,4 x 4x330ml,2024-08-17T05:18:43.858932-04:00
68-108-DRI,Peroni Nastro Azzurro Beer Lager Bottle 620ml,Peroni,Drinks,Beer & cider,All beer,620ML,£2.75,,,£4.44 / ltr,7754544,Beer,,https://assets.sainsburys-groceries.co.uk/gol/7754544/1/640x640.jpg,,"Water, Barley Malt, Italian Maize, Hops",https://www.sainsburys.co.uk/gol-ui/product/peroni-nastro-azzurro-620ml,,2024-08-17T05:19:02.970933-04:00
68-109-DRI,Stella Artois Premium Lager Beer Cans 10x440ml,Stella,Drinks,Beer & cider,All beer,440ML,£12.00,10 for £12.00,£1.25,£2.73 / ltr,7862208,Brewed with 100% Natural Ingredients,,https://assets.sainsburys-groceries.co.uk/gol/7862208/1/640x640.jpg,"Per 100ml Per 440ml
Energy 165kJ /
727kJ /
(kJ / kcal) 39kcal 174kcal
Fat 0g 0g
of which saturates 0g 0g
Carbohydrate 3.2g 13.9g
of which sugars 0.3g 1.3g
Protein 0.4g 1.6g
Salt 0g 0.02g","Water, Barley Malt, Maize, Hops",https://www.sainsburys.co.uk/gol-ui/product/stella-artois-lager-10x440ml,10 x 10x440ml,2024-08-17T05:19:10.590799-04:00
68-111-DRI,Camden Hells Lager Cans 12x330ml,Camden,Drinks,Beer & cider,All beer,330ML,£15.50,12 for £15.50,£11.00,£3.91 / ltr,8121256,,,https://assets.sainsburys-groceries.co.uk/gol/8121256/1/640x640.jpg,,,https://www.sainsburys.co.uk/gol-ui/product/camden-hells-lager-12x330ml,12 x 12x330ml,2024-08-17T05:19:41.032332-04:00
68-112-DRI,Budweiser Lager Beer Cans 15x440ml,Budweiser,Drinks,Beer & cider,All beer,440ML,£16.00,15 for £16.00,£9.00,£2.42 / ltr,7982242,Beer,,https://assets.sainsburys-groceries.co.uk/gol/7982242/1/640x640.jpg,"Per 100ml Per 440ml
Energy 162kJ /
712kJ /
(kJ / kcal) 39kcal 170kcal
Fat 0g 0g
of which saturates 0g 0g
Carbohydrate 3.1g 13.6g
of which sugars 0.1g 0.3g
Protein 0.3g 1.5g
Salt <0.01g <0.1g","Water, Barley Malt, Rice, Hops",https://www.sainsburys.co.uk/gol-ui/product/budweiser-beer-limited-edition-15x440ml,15 x 15x440ml,2024-08-17T05:19:49.204773-04:00
68-114-DRI,Henry Westons Medium Dry Vintage Cider 6x500ml,Henry,Drinks,Special offers,,500ML,£10.75,6 for £10.75,£9.50,£3.58 / ltr,7828213,Herefordshire Vintage Cider,,https://assets.sainsburys-groceries.co.uk/gol/7828213/1/640x640.jpg,,,https://www.sainsburys.co.uk/gol-ui/product/henry-westons-vintage-cider-6x500ml,6 x 6x500ml,2024-08-17T05:20:15.414731-04:00
68-115-DRI,Timothy Taylor's Landlord Ale 500ml,Timothy,Drinks,Beer & cider,Ale & stout,500ML,£2.25,,£1.85,£4.50 / ltr,3168936,,,https://assets.sainsburys-groceries.co.uk/gol/3168936/1/640x640.jpg,,,https://www.sainsburys.co.uk/gol-ui/product/timothy-taylor-landlord-ale-500ml,,2024-08-17T05:20:39.393752-04:00
68-116-DRI,St Austell Brewery Proper Job Cornish IPA 500ml,St,Drinks,Beer & cider,Ale & stout,500ML,£2.10,,£1.85,£4.20 / ltr,7707305,Beer,,https://assets.sainsburys-groceries.co.uk/gol/7707305/1/640x640.jpg,,,https://www.sainsburys.co.uk/gol-ui/product/st-austell-proper-job-500ml,,2024-08-17T05:20:59.543101-04:00
68-117-DRI,BrewDog Punk IPA 12x330ml,BrewDog,Drinks,Beer & cider,All beer,330ML,£16.50,12 for £16.50,£4.00,£4.17 / ltr,7852527,Beer.,,https://assets.sainsburys-groceries.co.uk/gol/7852527/1/640x640.jpg,,"Water, Malted Barley, Hops, Yeast",https://www.sainsburys.co.uk/gol-ui/product/brewdog-punk-ipa-12x330ml,12 x 12x330ml,2024-08-17T05:21:12.922043-04:00
68-118-DRI,BrewDog Punk India Pale Ale (IPA) 4x330ml,BrewDog,Drinks,Beer & cider,All beer,330ML,£6.25,4 for £6.25,£5.25,£4.73 / ltr,7777551,Beer.,,https://assets.sainsburys-groceries.co.uk/gol/7777551/1/640x640.jpg,,"Water, Malted Barley, Hops, Yeast",https://www.sainsburys.co.uk/gol-ui/product/brewdog-punk-india-pale-ale-ipa-4x330ml,4 x 4x330ml,2024-08-17T05:21:26.185299-04:00
68-122-DRI,I Heart Prosecco 75cl,I,Drinks,Champagne & sparkling wine,All champagne & sparkling wine,,£9.00,,£8.75,£9.00 / 75cl,7798840,,,https://assets.sainsburys-groceries.co.uk/gol/7798840/1/640x640.jpg,"per 100ml
E: 276kj/66kcal",,https://www.sainsburys.co.uk/gol-ui/product/i-heart-prosecco-75cl,,2024-08-17T05:22:28.931306-04:00
68-123-DRI,"Sainsbury's Prosecco Rose, Taste the Difference 75cl",Sainsbury's,Drinks,Champagne & sparkling wine,All champagne & sparkling wine,,£9.75,,£8.00,£9.75 / 75cl,8034845,PROSECCO,,https://assets.sainsburys-groceries.co.uk/gol/8034845/1/640x640.jpg,"Typical Values Per 100ml  per 125ml glass  % based on RI for Average Adult
Energy 69kcal 86kcal 4%
290kJ 362kJ -",,https://www.sainsburys.co.uk/gol-ui/product/sainsburys-prosecco-rose-taste-the-difference-75ml,,2024-08-17T05:22:42.094767-04:00
68-124-DRI,"Sainsbury's Blanc De Noirs Champagne, Taste the Difference 75cl",Sainsbury's,Drinks,Special offers,,,£24.50,,£1.50,£24.50 / 75cl,619738,Champagne,,https://assets.sainsburys-groceries.co.uk/gol/619738/1/640x640.jpg,"Typical Values Per 100ml  Per 125 ml glass  % based on RI for Average Adult
Energy 310kJ 388kJ -
74kcal 93kcal 5%",,https://www.sainsburys.co.uk/gol-ui/product/sainsburys-blanc-de-noirs-champagne-75cl-619738-p-44,,2024-08-17T05:22:54.803722-04:00
68-130-DRI,Maschio Prosecco DOC Extra Dry 75cl,Maschio,Drinks,Champagne & sparkling wine,All champagne & sparkling wine,,£10.00,,£8.75,£10.00 / 75cl,7625968,,,https://assets.sainsburys-groceries.co.uk/gol/7625968/1/640x640.jpg,,,https://www.sainsburys.co.uk/gol-ui/product/maschio-prosecco-doc-brut-75cl,,2024-08-17T05:24:43.326651-04:00
68-135-DRI,"Mumm Cordon Rouge Champagne Brut, Non Vintage 75cl",Mumm,Drinks,Champagne & sparkling wine,All champagne & sparkling wine,,£31.00,,£39.00,£31.00 / 75cl,3045565,Brut - White French Wine,,https://assets.sainsburys-groceries.co.uk/gol/3045565/1/640x640.jpg,,,https://www.sainsburys.co.uk/gol-ui/product/mumm-cordon-rouge-champagne-brut-nv-75cl-3045565-p-44,,2024-08-17T05:26:04.039434-04:00
68-136-DRI,Sainsbury's Rosé Cava 75cl,Sainsbury's,Drinks,Special offers,,,£6.75,,,£6.75 / 75cl,1040364,CAVA,,https://assets.sainsburys-groceries.co.uk/gol/1040364/1/640x640.jpg,"Typical Values Per 100ml  Per 125ml glass  % based on RI for Average Adult
Energy 288kJ 360kJ -
69kcal 86kcal 4%",,https://www.sainsburys.co.uk/gol-ui/product/sainsburys-ros%C3%A9-cava-75cl,,2024-08-17T05:26:22.094382-04:00
68-137-DRI,Kylie Minogue Prosecco Rose 75cl,Kylie,Drinks,Special offers,,,£9.00,,£11.00,£9.00 / 75cl,8111455,Prosecco DOC Rosé,,https://assets.sainsburys-groceries.co.uk/gol/8111455/1/640x640.jpg,,,https://www.sainsburys.co.uk/gol-ui/product/kylie-minogue-prosecco-rose-75cl,,2024-08-17T05:26:39.938208-04:00
68-138-DRI,Sainsbury's Prosecco Frizzante 75cl,Sainsbury's,Drinks,Special offers,,,£6.00,,£10.50,£6.00 / 75cl,7151403,Prosecco DOC Treviso Frizzante 75cl,,https://assets.sainsburys-groceries.co.uk/gol/7151403/1/640x640.jpg,"Typical Values Per 100ml  Per 125 ml glass  % based on RI for Average Adult
Energy 270kJ 337kJ -
65kcal 81kcal 4%",,https://www.sainsburys.co.uk/gol-ui/product/sainsburys-prosecco-frizzante-75cl-7151403-p-44,,2024-08-17T05:26:52.847483-04:00
68-139-DRI,Laurent Perrier Champagne Cuvée Rosé Brut 750ml,Laurent,Drinks,Champagne & sparkling wine,All champagne & sparkling wine,750ML,£80.00,,£13.00,£80.00 / 75cl,2343372,Brut - Rosé French Wine,,https://assets.sainsburys-groceries.co.uk/gol/2343372/1/640x640.jpg,,,https://www.sainsburys.co.uk/gol-ui/product/laurent-perrier-cuve%C3%A9-ros%C3%A9-champagne-75cl,,2024-08-17T05:27:11.847229-04:00
68-140-DRI,Freixenet Italian Sparkling Rose Extra Dry Wine 75cl,Freixenet,Drinks,Champagne & sparkling wine,All champagne & sparkling wine,,£9.00,,£12.00,£9.00 / 75cl,7914132,Rosé - Sparkling Italian Wine,,https://assets.sainsburys-groceries.co.uk/gol/7914132/1/640x640.jpg,,,https://www.sainsburys.co.uk/gol-ui/product/freixenet-italian-sparkling-rose-extra-dry-wine-75cl,,2024-08-17T05:27:30.377490-04:00
68-141-DRI,"Sainsbury's Crémant De Loire, Taste the Difference 75cl",Sainsbury's,Drinks,Vegetarian & plant based,,,£12.00,,£14.75,£12.00 / 75cl,7821994,Crémant de Loire,,https://assets.sainsburys-groceries.co.uk/gol/7821994/1/640x640.jpg,"Typical Values Per 100ml  per 125ml glass  % based on RI for Average Adult
Energy 76kcal 95kcal 5%
319kJ 398kJ -",,https://www.sainsburys.co.uk/gol-ui/product/sainsburys-cr%C3%A9mant-de-loire-taste-the-difference-75cl,,2024-08-17T05:27:43.472152-04:00
68-142-DRI,Canti Prosecco D.O.C Rosè 75cl,Canti,Drinks,Champagne & sparkling wine,All champagne & sparkling wine,,£7.50,,£9.50,£7.50 / 75cl,8130120,,,https://assets.sainsburys-groceries.co.uk/gol/8130120/1/640x640.jpg,,,https://www.sainsburys.co.uk/gol-ui/product/canti-prosecco-doc-ros%C3%A8-75cl,,2024-08-17T05:28:06.455685-04:00
68-143-DRI,Sainsbury's Cava Medium Dry 75cl,Sainsbury's,Drinks,Special offers,,,£6.50,,,£6.50 / 75cl,1317671,Cava Medium Dry,,https://assets.sainsburys-groceries.co.uk/gol/1317671/1/640x640.jpg,"Typical Values Per 100ml  Per 125ml glass  % based on RI for Average Adult
Energy 328kJ 410kJ -
78kcal 98kcal 5%",,https://www.sainsburys.co.uk/gol-ui/product/sainsburys-cava-medium-dry-75cl,,2024-08-17T05:28:24.377148-04:00
68-144-DRI,"Sainsbury's Conegliano Prosecco, Taste the Difference (Small bottle) 20cl",Sainsbury's,Drinks,Vegetarian & plant based,,,£3.30,,£10.50,£12.38 / 75cl,7575247,Conegliano,,https://assets.sainsburys-groceries.co.uk/gol/7575247/1/640x640.jpg,"Typical Values Per 100ml  per 125ml glass  % based on RI for Average Adult
Energy 67kcal 84kcal 4%
279kJ 349kJ -",,https://www.sainsburys.co.uk/gol-ui/product/sainsburys-conegliano-prosecco--taste-the-difference-20cl,,2024-08-17T05:28:37.549455-04:00
68-145-DRI,Cantine Maschio Prosecco 20cl,Cantine,Drinks,Champagne & sparkling wine,All champagne & sparkling wine,,£2.50,,£10.50,£9.38 / 75cl,7986319,Prosecco - White Italian Wine,,https://assets.sainsburys-groceries.co.uk/gol/7986319/1/640x640.jpg,,,https://www.sainsburys.co.uk/gol-ui/product/cantine-maschio-prosecco-20cl,,2024-08-17T05:28:55.330088-04:00
68-146-DRI,"Sainsbury's Prosecco, Taste the Difference 75cl",Sainsbury's,Drinks,Special offers,,,£8.50,,£8.75,£8.50 / 75cl,8152133,,,https://assets.sainsburys-groceries.co.uk/gol/8152133/1/640x640.jpg,"per 100ml: Per 125ml glass:
Energy 257kJ/
62kcal 321kJ/
78kcal",,https://www.sainsburys.co.uk/gol-ui/product/sainsburys-prosecco-taste-the-difference-75cl,,2024-08-17T05:29:13.145498-04:00
68-147-DRI,Bollinger Rosé Champagne 75cl,Bollinger,Drinks,Champagne & sparkling wine,All champagne & sparkling wine,,£52.00,,£60.00,£52.00 / 75cl,7602480,Rosé French Wine,,https://assets.sainsburys-groceries.co.uk/gol/7602480/1/640x640.jpg,,,https://www.sainsburys.co.uk/gol-ui/product/bollinger-ros%C3%A9-champagne-75cl,,2024-08-17T05:29:31.727609-04:00
68-148-DRI,Canti Prosecco 75cl,Canti,Drinks,Champagne & sparkling wine,All champagne & sparkling wine,,£8.75,,£8.75,£8.75 / 75cl,7688794,,,https://assets.sainsburys-groceries.co.uk/gol/7688794/1/640x640.jpg,,,https://www.sainsburys.co.uk/gol-ui/product/canti-prosecco-75cl,,2024-08-17T05:29:54.732080-04:00
68-149-DRI,Prosecco Rosé 75cl,Prosecco,Drinks,Special offers,,,£8.00,,£13.00,£8.00 / 75cl,8082950,Prosecco Denominazione Di Origine Controllata Rosé,,https://assets.sainsburys-groceries.co.uk/gol/8082950/1/640x640.jpg,"Typical Values Per 100ml  per 125ml glass  % based on RI for Average Adult
Energy 64kcal 80kcal -
268kJ 335kJ -",,https://www.sainsburys.co.uk/gol-ui/product/prosecco-ros%C3%A9-75cl,,2024-08-17T05:30:07.857104-04:00
68-150-DRI,I Heart Prosecco Rose 75cl,I,Drinks,Champagne & sparkling wine,All champagne & sparkling wine,,£9.00,,£12.50,£9.00 / 75cl,8051481,,,https://assets.sainsburys-groceries.co.uk/gol/8051481/1/640x640.jpg,"per 100ml
E: 276kj/66kcal",,https://www.sainsburys.co.uk/gol-ui/product/i-heart-prosecco-rose-75cl,,2024-08-17T05:30:26.155887-04:00
68-151-DRI,Della Vite Valdobbiadene Prosecco Superiore D.O.C.G 75cl,Della,Drinks,Special offers,,,£18.00,,£21.50,£18.00 / 75cl,8113252,,,https://assets.sainsburys-groceries.co.uk/gol/8113252/1/640x640.jpg,,,https://www.sainsburys.co.uk/gol-ui/product/della-vite-valdobbiadene-prosecco-superiore-docg-750ml,,2024-08-17T05:30:49.447294-04:00
68-152-DRI,Freixenet Cordon Negro Brut Cava 75cl,Freixenet,Drinks,Champagne & sparkling wine,All champagne & sparkling wine,,£8.00,,£10.50,£8.00 / 75cl,2467740,Cordon Negro Brut,,https://assets.sainsburys-groceries.co.uk/gol/2467740/1/640x640.jpg,,,https://www.sainsburys.co.uk/gol-ui/product/freixenet-cordon-negro-brut-cava-nv-75cl,,2024-08-17T05:31:07.538296-04:00
68-153-DRI,Moet & Chandon Nectar Imperial Champagne 75cl,Moet,Drinks,Champagne & sparkling wine,All champagne & sparkling wine,,£48.00,,£44.00,£48.00 / 75cl,4059264,Demi-Sec - White French Champagne,,https://assets.sainsburys-groceries.co.uk/gol/4059264/1/640x640.jpg,,,https://www.sainsburys.co.uk/gol-ui/product/mo%C3%ABt-chandon-nectar-imp%C3%A9rial-non-vintage-champagne-75cl,,2024-08-17T05:31:25.536590-04:00
68-155-DRI,"Sainsbury's Cremant De Loire Rose, Taste the Difference 75cl",Sainsbury's,Drinks,Special offers,,,£11.50,,£14.75,£11.50 / 75cl,7912356,Crémant De Loire,,https://assets.sainsburys-groceries.co.uk/gol/7912356/1/640x640.jpg,"Typical Values Per 100ml  per 125ml glass  % based on RI for Average Adult
Energy 74kcal 93kcal 5%
312kJ 389kJ -",,https://www.sainsburys.co.uk/gol-ui/product/sainsburys-cremant-de-loire-rose-taste-the-difference-75cl,,2024-08-17T05:31:45.970391-04:00
68-157-DRI,Taittinger Brut Reserve Champagne 75cl,Taittinger,Drinks,Champagne & sparkling wine,All champagne & sparkling wine,,£43.00,,£39.00,£43.00 / 75cl,6619947,Champagne Brut Réserve,,https://assets.sainsburys-groceries.co.uk/gol/6619947/1/640x640.jpg,,,https://www.sainsburys.co.uk/gol-ui/product/taittinger-brut-r%C3%A9serve-champagne-750ml,,2024-08-17T05:32:11.290827-04:00
68-158-DRI,Perrier-Jouet Grand Brut NV Champagne 75cl,Perrier-Jouet,Drinks,Champagne & sparkling wine,All champagne & sparkling wine,,£50.00,,£40.00,£40.00 / 75cl,8051649,Champagne Grand Brut,,https://assets.sainsburys-groceries.co.uk/gol/8051649/1/640x640.jpg,,,https://www.sainsburys.co.uk/gol-ui/product/perrier-jou%C3%ABt-champagne-grand-brut-75cl,,2024-08-17T05:32:29.155749-04:00
68-161-DRI,"Sainsbury's Conegliano Prosecco, Taste the Difference 37.5cl",Sainsbury's,Drinks,Special offers,,,£6.00,,£8.00,£12.00 / 75cl,7627140,Conegliano,,https://assets.sainsburys-groceries.co.uk/gol/7627140/1/640x640.jpg,"Typical Values Per 100ml  per 125ml glass  % based on RI for Average Adult
Energy 67kcal 84kcal 4%
279kJ 349kJ -",,https://www.sainsburys.co.uk/gol-ui/product/sainsburys-conegliano-prosecco--taste-the-difference-375cl,,2024-08-17T05:33:02.583096-04:00
68-162-DRI,Freixenet Cordon Rosado Cava 75cl,Freixenet,Drinks,Champagne & sparkling wine,All champagne & sparkling wine,,£8.00,,£10.50,£8.00 / 75cl,7725978,Rosé Dry Cava,,https://assets.sainsburys-groceries.co.uk/gol/7725978/1/640x640.jpg,,,https://www.sainsburys.co.uk/gol-ui/product/freixenet-cordon-rosado-75cl,,2024-08-17T05:33:20.515502-04:00
68-163-DRI,Sainsbury's Asti 75cl,Sainsbury's,Drinks,Champagne & sparkling wine,All champagne & sparkling wine,,£4.75,,£5.50,£4.75 / 75cl,35170,Asti,,https://assets.sainsburys-groceries.co.uk/gol/35170/1/640x640.jpg,"Typical Values PER 100ML  A serving contains  % based on RI for Average Adult
Energy 325kJ 406kJ -
78kcal 98kcal 5%",,https://www.sainsburys.co.uk/gol-ui/product/sainsburys-asti-75cl-35170-p-44,,2024-08-17T05:33:33.525804-04:00
68-166-DRI,Laurent Perrier Champagne Brut 750ml,Laurent,Drinks,Champagne & sparkling wine,All champagne & sparkling wine,750ML,£50.00,,£50.00,£50.00 / 75cl,7466223,Champagne - White French Wine,,https://assets.sainsburys-groceries.co.uk/gol/7466223/1/640x640.jpg,,,https://www.sainsburys.co.uk/gol-ui/product/laurent-perrier-brut-nv-75cl,,2024-08-17T05:34:27.654937-04:00
68-167-DRI,Mionetto Orange Label Prosecco 75cl,Mionetto,Drinks,Champagne & sparkling wine,All champagne & sparkling wine,,£8.50,,£11.00,£8.50 / 75cl,8032477,Prosecco DOC Treviso Brut,,https://assets.sainsburys-groceries.co.uk/gol/8032477/1/640x640.jpg,,,https://www.sainsburys.co.uk/gol-ui/product/mionetto-orange-label-prosecco-75cl,,2024-08-17T05:34:45.499837-04:00
68-168-DRI,"Sainsbury's Sangria Lightly Sparkling, Taste the Difference 75cl",Sainsbury's,Drinks,Champagne & sparkling wine,All champagne & sparkling wine,,£6.00,,£6.75,£6.00 / 75cl,8189815,Sangria,,https://assets.sainsburys-groceries.co.uk/gol/8189815/1/640x640.jpg,"Typical Values Per 100ml  per 125ml glass  % based on RI for Average Adult
Energy 92kcal 115kcal 6%
385kJ 481kJ -",,https://www.sainsburys.co.uk/gol-ui/product/sainsburys-sangria-lightly-sparkling-taste-the-difference-75cl,,2024-08-17T05:34:58.376190-04:00
68-169-DRI,La Gioiosa Prosecco Gold 75cl,La,Drinks,Champagne & sparkling wine,All champagne & sparkling wine,,£9.50,,£11.50,£9.50 / 75cl,8051007,Brut,,https://assets.sainsburys-groceries.co.uk/gol/8051007/1/640x640.jpg,,,https://www.sainsburys.co.uk/gol-ui/product/la-gioiosa-etamorosa-prosecco-75cl,,2024-08-17T05:35:16.693349-04:00
68-170-DRI,"Sainsbury's Fairtrade Rose Moscato, Taste the Difference 75cl",Sainsbury's,Drinks,Vegan,All vegan,,£5.00,,£23.00,£5.00 / 75cl,7543630,Moscato Rose,,https://assets.sainsburys-groceries.co.uk/gol/7543630/1/640x640.jpg,"Typical Values Per 100ml  Per 125ml glass  % based on RI for Average Adult
Energy 235kJ 294kJ -
56kcal 70kcal 4%",,https://www.sainsburys.co.uk/gol-ui/product/sainsburys-fairtrade-ros%C3%A9-moscato-taste-the-difference-75cl,,2024-08-17T05:35:30.003602-04:00
68-171-DRI,Piper Heidsieck Brut NV Champagne 75cl,Piper,Drinks,Champagne & sparkling wine,All champagne & sparkling wine,,£29.00,,£39.00,£29.00 / 75cl,2669472,,,https://assets.sainsburys-groceries.co.uk/gol/2669472/1/640x640.jpg,,,https://www.sainsburys.co.uk/gol-ui/product/piper-heidsieck-brut-nv-champagne-75cl-2669472-p-44,,2024-08-17T05:35:52.891433-04:00
68-172-DRI,Sainsbury's Bucks Fizz 75cl,Sainsbury's,Drinks,Champagne & sparkling wine,All champagne & sparkling wine,,£3.00,,£5.50,£3.00 / 75cl,494724,Bucks Fizz,,https://assets.sainsburys-groceries.co.uk/gol/494724/1/640x640.jpg,"Typical Values Per 100ml  Per 125 ml glass  % based on RI for Average Adult
Energy 233kJ 292kJ -
56kcal 70kcal 4%",,https://www.sainsburys.co.uk/gol-ui/product/sainsburys-bucks-fizz-75cl-494724-p-44,,2024-08-17T05:36:05.529760-04:00
68-173-DRI,Freixenet Prosecco D.O.C. Sparkling Small Wine Bottle 20cl,Freixenet,Drinks,Champagne & sparkling wine,Prosecco,,£3.75,,£10.50,£14.06 / 75cl,7974252,Prosecco - White Italian Wine,,https://assets.sainsburys-groceries.co.uk/gol/7974252/1/640x640.jpg,,,https://www.sainsburys.co.uk/gol-ui/product/freixenet-prosecco-20cl,,2024-08-17T05:36:23.130611-04:00
68-174-DRI,Nicholas Feuillate Champagne 75cl,Nicholas,Drinks,Vegetarian & plant based,,,£29.50,,£13.00,£29.50 / 75cl,7557621,Grande Réserve Brut,,https://assets.sainsburys-groceries.co.uk/gol/7557621/1/640x640.jpg,,,https://www.sainsburys.co.uk/gol-ui/product/nicolas-feuillatte-brut-gr-champagne-75c,,2024-08-17T05:36:41.630275-04:00
68-175-DRI,"Sainsbury's Cava Brut, Taste the Difference 75cl",Sainsbury's,Drinks,Special offers,,,£8.75,,£10.50,£8.75 / 75cl,6454600,,,https://assets.sainsburys-groceries.co.uk/gol/6454600/1/640x640.jpg,"Typical Values per 100ml  per 125ml glass  % based on RI for Average Adult
Energy 292kJ 365kJ -
70kcal 88kcal 4%",,https://www.sainsburys.co.uk/gol-ui/product/sainsburys-vintage-cava--taste-the-difference-75cl-6454600-p-44,,2024-08-17T05:36:59.876849-04:00
68-176-DRI,Cremant de Bourgogne Brut 75cl,Cremant,Drinks,Champagne & sparkling wine,Sparkling wine,,£12.50,,£13.50,£12.50 / 75cl,7981415,Brut - White French Wine,,https://assets.sainsburys-groceries.co.uk/gol/7981415/1/640x640.jpg,,,https://www.sainsburys.co.uk/gol-ui/product/cr%C3%A9mant-de-bourgogne-brut-75cl,,2024-08-17T05:37:18.310432-04:00
68-177-DRI,Lambrini Lightly Sparkling Original 125cl,Lambrini,Drinks,Champagne & sparkling wine,Sparkling wine,,£3.50,,£3.75,£2.10 / 75cl,7913452,Lightly Sparkling Original Perry,,https://assets.sainsburys-groceries.co.uk/gol/7913452/1/640x640.jpg,"per 100 ml: per 125 ml glass:
Energy 267 kJ/
64 kcal 334 kJ/
80 kcal
Bottle contains 10 glasses",,https://www.sainsburys.co.uk/gol-ui/product/lambrini-125l,,2024-08-17T05:37:31.236508-04:00
68-178-DRI,Ellercombe English Quality Sparkling Wine 75cl,Ellercombe,Drinks,Champagne & sparkling wine,All champagne & sparkling wine,,£15.00,,£22.00,£15.00 / 75cl,7994570,Brut,,https://assets.sainsburys-groceries.co.uk/gol/7994570/1/640x640.jpg,"per 100ml: Per 125ml glass:
Energy 297kJ/
71kcal 371kJ/
89kcal",,https://www.sainsburys.co.uk/gol-ui/product/ellercombe-english-sparkling-nv-75cl,,2024-08-17T05:37:43.912739-04:00
68-179-DRI,Diet Coke 8x330ml,Diet,Drinks,Discover,Coca Cola & Pizza,330ML,£4.95,8 for £4.95,£3.75,19p / 100ml,7517148,Sparkling Low Calorie Soft Drink with Plant Extracts with Sweeteners,,https://assets.sainsburys-groceries.co.uk/gol/7517148/1/640x640.jpg,"100 ml 330 ml (%*)
Energy 1.6 kJ 5 kJ (0%)
0.4 kcal 1 kcal (0%)
Fat 0 g 0 g (0%)
of which saturates 0 g 0 g (0%)
Carbohydrate 0 g 0 g (0%)
of which sugars 0 g 0 g (0%)
Protein 0 g 0 g (0%)
Salt 0 g 0 g (0%)
* Reference intake of an average adult (8400 kJ/ 2000 kcal)","Carbonated Water, Colour (Caramel E150d), Sweeteners (Aspartame, Acesulfame K), Natural Flavourings, Caffeine Flavouring, Acids (Phosphoric Acid, Citric Acid)",https://www.sainsburys.co.uk/gol-ui/product/diet-coke-8x330ml,8 x 8x330ml,2024-08-17T05:37:52.421925-04:00
68-180-DRI,Coca-Cola Zero Sugar 24x330ml,Coca-Cola,Drinks,Discover,Coca Cola & Pizza,330ML,£10.75,24 for £10.75,£1.85,14p / 100ml,7962895,Sparkling Low Calorie Soft Drink with Plant Extracts with Sweeteners.,,https://assets.sainsburys-groceries.co.uk/gol/7962895/1/640x640.jpg,"Per: 100 ml Per: 330 ml (%*)
Energy 1.3 kJ 4 kJ (0%)
0.3 kcal 1 kcal -
Fat 0 g 0 g (0%)
of which saturates 0 g 0 g (0%)
Carbohydrate 0 g 0 g (0%)
of which sugars 0 g 0 g (0%)
Protein 0 g 0 g (0%)
Salt 0.01 g 0.03 g (1%)
Per: 100 ml 330 ml -
Sodium 0.00515 g 0.017 g (283%)
* Reference intake of an average adult (8400 kJ/ 2000 kcal)","Carbonated Water, Colour (E150d), Acid (Phosphoric Acid), Sweeteners (Aspartame, Acesulfame-K, Enzymatically Produced Steviol Glycosides), Natural Flavourings, Caffeine Flavouring, Acidity Regulator (Sodium Citrates)",https://www.sainsburys.co.uk/gol-ui/product/coke-zero-sugar-24x330ml,24 x 24x330ml,2024-08-17T05:38:00.615387-04:00
68-182-DRI,Pepsi Max No Sugar Cola Cans 24x330ml,Pepsi,Drinks,Discover,"Heineken, Doritos and Pepsi Football snacks and drinks",330ML,£10.50,24 for £10.50,£8.50,13p / 100ml,7730215,Carbonated Low Calorie Cola Flavoured Soft Drink with Sweeteners,,https://assets.sainsburys-groceries.co.uk/gol/7730215/1/640x640.jpg,"Per 100ml Per 330ml
Energy 2kJ/
0.4kcal 7kJ/
1kcal
Fat 0g 0g
of which saturates 0g 0g
Carbohydrate 0g 0g
of which sugars 0g 0g
Protein 0g 0g
Salt 0g 0g
Pack contains 24 servings of 330ml","Carbonated Water, Colour (E150d), Sweeteners (Aspartame, Acesulfame K), Acids (Phosphoric Acid, Citric Acid), Flavourings (Including Caffeine), Preservative (Potassium Sorbate)",https://www.sainsburys.co.uk/gol-ui/product/pepsi-max-24x330ml,24 x 24x330ml,2024-08-17T05:38:15.324394-04:00
68-183-DRI,Sainsbury's Diet Lemonade 2L,Sainsbury's,Drinks,Fizzy drinks,Diet & sugar free,2L,75p,,£8.50,4p / 100ml,306676,Carbonated low calorie lemon flavour soft drink with sweeteners,,https://assets.sainsburys-groceries.co.uk/gol/306676/1/640x640.jpg,"Typical Values per 100ml  per 250ml glass  % based on RI for Average Adult
Energy 6kJ 14kJ -
1kcal 3kcal -
Fat <0.5g <0.5g -
Saturates <0.1g <0.1g -
Carbohydrate <0.5g <0.5g -
Sugars <0.5g <0.5g -
Fibre <0.5g <0.5g -
Protein <0.5g <0.5g -
Salt 0.03g 0.08g 1%",,https://www.sainsburys.co.uk/gol-ui/product/sainsburys-lemonade--diet-2l,,2024-08-17T05:38:27.748221-04:00
68-184-DRI,Diet Coke 24x330ml,Diet,Drinks,Discover,Coca Cola & Pizza,330ML,£11.00,24 for £11.00,£1.85,14p / 100ml,7962882,Sparkling Low Calorie Soft Drink with Plant Extracts with Sweeteners,,https://assets.sainsburys-groceries.co.uk/gol/7962882/1/640x640.jpg,"100 ml 330 ml (%*)
Energy 1.6 kJ 5 kJ (0%)
0.4 kcal 1 kcal (0%)
Fat 0 g 0 g (0%)
of which saturates 0 g 0 g (0%)
Carbohydrate 0 g 0 g (0%)
of which sugars 0 g 0 g (0%)
Fibre 0 g 0 g (0%)
Protein 0 g 0 g (0%)
Salt 0 g 0 g (0%)
* Reference intake of an average adult (8400 kJ/ 2000 kcal)","Carbonated Water, Colour (Caramel E150d), Sweeteners (Aspartame, Acesulfame K), Natural Flavourings, Caffeine Flavouring, Acids (Phosphoric Acid, Citric Acid)",https://www.sainsburys.co.uk/gol-ui/product/diet-coke-24x330ml,24 x 24x330ml,2024-08-17T05:38:35.641888-04:00
68-185-DRI,Coca-Cola Original Taste 8x330ml,Coca-Cola,Drinks,Discover,Coca Cola & Pizza,330ML,£5.50,8 for £5.50,£1.85,21p / 100ml,7517134,Sparkling Soft Drink with Plant Extracts,,https://assets.sainsburys-groceries.co.uk/gol/7517134/1/640x640.jpg,"Per 100ml Per 330ml (%*)
Energy 180kJ 594kJ
42kcal 139kcal (7%)
Fat 0g 0g (0%)
of which saturates 0g 0g (0%)
Carbohydrate 10.6g 35g (13%)
of which sugars 10.6g 39g (39%)
Protein 0g 0g (0%)
Salt 0g 0g (0%)
*Reference intake of an average adult (8400kJ/2000kcal)","Carbonated Water, Sugar, Colour (Caramel E150d), Acid (Phosphoric Acid), Natural Flavourings including Caffeine",https://www.sainsburys.co.uk/gol-ui/product/coca-cola-original-taste-8x330ml,8 x 8x330ml,2024-08-17T05:38:43.288091-04:00
68-186-DRI,Sainsbury's Cola Zero 2L,Sainsbury's,Drinks,Fizzy drinks,Cola,2L,49p,,£8.50,2p / 100ml,7315421,Carbonated low calorie cola flavour soft drink with sweeteners,,https://assets.sainsburys-groceries.co.uk/gol/7315421/1/640x640.jpg,"Typical Values per 100ml  per 250ml glass  % based on RI for Average Adult
Energy <4.2kJkJ 9kJ -
<1kcalkcal 2kcal -
Fat <0.5g <0.5g -
Saturates <0.1g <0.1g -
Carbohydrate <0.5g <0.5g -
Sugars <0.5g <0.5g -
Fibre <0.5g <0.5g -
Protein <0.5g <0.5g -
Salt 0.02g 0.05g 1%",,https://www.sainsburys.co.uk/gol-ui/product/sainsburys-cola-zero-2l,,2024-08-17T05:38:56.438697-04:00
68-187-DRI,Coca-Cola Zero Sugar 8x330ml,Coca-Cola,Drinks,Discover,Coca Cola & Pizza,330ML,£4.95,8 for £4.95,£1.25,19p / 100ml,7517158,Sparkling Low Calorie Soft Drink with Plant Extracts with Sweeteners.,,https://assets.sainsburys-groceries.co.uk/gol/7517158/1/640x640.jpg,"Per: 100ml Per: 330ml (%*)
Energy 1.3 kJ 4 kJ
0.3 kcal 1 kcal (0%)
Fat 0 g 0 g (0%)
of which saturates 0 g 0 g (0%)
Carbohydrate 0 g 0 g (0%)
of which sugars 0 g 0 g (0%)
Protein 0 g 0 g (0%)
Salt 0.01 g 0.03 g (1%)
Sodium 0.00515 g 0.017 g (283%)
* Reference intake of an average adult (8400 kJ/ 2000 kcal)","Carbonated Water, Colour (E150d), Acid (Phosphoric Acid), Sweeteners (Aspartame, Acesulfame-K, Enzymatically Produced Steviol Glycosides), Natural Flavourings, Caffeine Flavouring, Acidity Regulator (Sodium Citrates)",https://www.sainsburys.co.uk/gol-ui/product/coca-cola-zero-8x330ml,8 x 8x330ml,2024-08-17T05:39:05.649081-04:00
68-189-DRI,Pepsi Max No Sugar Cola Bottle 2L,Pepsi,Drinks,Discover,"Heineken, Doritos and Pepsi Football snacks and drinks",2L,£2.25,,£1.85,11p / 100ml,2487243,Carbonated Low Calorie Cola Flavoured Soft Drink with Sweeteners,,https://assets.sainsburys-groceries.co.uk/gol/2487243/1/640x640.jpg,"Per 100ml Per 250ml
Energy 2kJ/
0.4kcal 5kJ/
1kcal
Fat 0g 0g
of which saturates 0g 0g
Carbohydrate 0g 0g
of which sugars 0g 0g
Protein 0g 0g
Salt 0g 0g
Bottle contains 8 servings","Carbonated Water, Colour (E150d), Sweeteners (Aspartame, Acesulfame K), Acids (Phosphoric Acid, Citric Acid), Flavourings (including Caffeine), Preservative (Potassium Sorbate)",https://www.sainsburys.co.uk/gol-ui/product/pepsi-max-2l,,2024-08-17T05:39:21.374811-04:00
68-191-DRI,Coca-Cola Zero Sugar 2L,Coca-Cola,Drinks,Discover,Coca Cola & Pizza,2L,£2.40,,£1.50,12p / 100ml,7900741,Sparkling Low Calorie Soft Drink with Plant Extracts with Sweeteners.,,https://assets.sainsburys-groceries.co.uk/gol/7900741/1/640x640.jpg,"Per: 100 ml Per: 250 ml (%*)
Energy 1.3 kJ 3.3 kJ (0%)
0.3 kcal 1 kcal (0%)
Fat 0 g 0 g (0%)
of which saturates 0 g 0 g (0%)
Carbohydrate 0 g 0 g (0%)
of which sugars 0 g 0 g (0%)
Protein 0 g 0 g (0%)
Salt 0.01 g 0.03 g (0%)
Sodium 0.00515 g 0.01288 g (215%)
* Reference intake of an average adult (8400 kJ/ 2000 kcal)","Carbonated Water, Colour (E150d), Acid (Phosphoric Acid), Sweeteners (Aspartame, Acesulfame-K, Enzymatically Produced Steviol Glycosides), Natural Flavourings, Caffeine Flavouring, Acidity Regulator (Sodium Citrates)",https://www.sainsburys.co.uk/gol-ui/product/coca-cola-zero-sugar-2l,,2024-08-17T05:39:41.692585-04:00
68-192-DRI,Alpro Oat Milk No Sugars Long Life Dairy Alternative 1L,Alpro,Drinks,Dairy & eggs,Dairy free,1L,£2.30,,£1.50,£2.30 / ltr,7984785,Oat drink with added calcium and vitamins.,,https://assets.sainsburys-groceries.co.uk/gol/7984785/1/640x640.jpg,"per 100 ml
Energy 169 kJ /
40 kcal
Fat 1.5 g
of which saturates 0.2 g
Carbohydrate 5.8 g
of which sugars 0 g
Fibre 1.2 g
Protein 0.2 g
Salt 0.11 g
D2 0.75 µg*
Minerals:
* = 15% of the nutrient reference values
** Reference intake of an average adult (8400 kJ / 2000 kcal)","Oat Base [97.0%] [Water, Oat (8.3%]], Soluble Corn Fiber, Sunflower Oil, Calcium [Calcium Carbonate], Sea Salt, Stabiliser [Gellan Gum], Vitamins B2, B12, D2",https://www.sainsburys.co.uk/gol-ui/product/alpro-oat-unsweetened-1l,,2024-08-17T05:39:48.964596-04:00
68-193-DRI,R Whites Lemonade 2L,R,Drinks,Fizzy drinks,Fruit flavoured,2L,£1.15,,£1.85,6p / 100ml,2400563,Carbonated Lemon Flavour Soft Drink with Sugar and Sweeteners,,https://assets.sainsburys-groceries.co.uk/gol/2400563/1/640x640.jpg,"Per 100ml
Energy 47kJ/
11kcal
Fat 0g
of which Saturates 0g
Carbohydrate 2.4g
of which Sugars 2.4g
Protein 0g
Salt 0.03g","Carbonated Water, Sugar, Lemon Juice from Concentrate (2%), Acid (Citric Acid), Flavouring, Acidity Regulator (Sodium Citrate), Sweeteners (Saccharin, Acesulfame K, Aspartame), Preservative (Sodium Benzoate)",https://www.sainsburys.co.uk/gol-ui/product/r-whites-lemonade-2l,,2024-08-17T05:39:56.271267-04:00
68-194-DRI,Fanta Orange Zero 8x330ml,Fanta,Drinks,Fizzy drinks,Diet & sugar free,330ML,£3.75,8 for £3.75,£8.50,14p / 100ml,7963007,Sparkling Low Calorie Orange Fruit Drink with Sweeteners,,https://assets.sainsburys-groceries.co.uk/gol/7963007/1/640x640.jpg,"100 ml 330 ml (%*)
Energy 11 kJ 36 kJ (0%)
3 kcal 9 kcal (0%)
Fat 0 g 0 g (0%)
of which saturates 0 g 0 g (0%)
Carbohydrate 0.4 g 1.3 g (1%)
of which sugars 0.4 g 1.3 g (1%)
Protein 0 g 0 g (0%)
Salt 0.01 g 0.03 g (1%)
* Reference intake of an average adult (8400 kJ/ 2000 kcal)","Carbonated Water, Orange Juice from Concentrate (4%), Acids (Citric Acid, Malic Acid), Sweeteners (Cyclamates, Acesulfame-K, Sucralose, Steviol Glycosides from Stevia, Neohesperidine DC), Natural Orange Flavouring with Other Natural Flavourings, Preservative (Potassium Sorbate), Antioxidant (Ascorbic Acid), Stabiliser (Guar Gum), Colour (Carotenes)",https://www.sainsburys.co.uk/gol-ui/product/fanta-orange-zero-8x330ml,8 x 8x330ml,2024-08-17T05:40:03.848787-04:00
68-195-DRI,Diet Coke No Caffeine 8 x 330ml,Diet,Drinks,Discover,Coca Cola & Pizza,330ML,£4.95,,£3.75,19p / 100ml,7517206,Sparkling Low Calorie Soft Drink with Plant Extracts with Sweeteners,,https://assets.sainsburys-groceries.co.uk/gol/7517206/1/640x640.jpg,"Per 100ml Per 330ml (%*)
Energy 1.6kJ 5kJ
0.4kcal 1kcal (0%)
Fat 0g 0g 0%
of which saturates 0g 0g 0%
Carbohydrate 0g 0g 0%
of which sugars 0g 0g 0%
Protein 0g 0g 0%
Salt 0g 0g 0%
*Reference intake of an average adult (8400kJ/2000kcal)","Carbonated Water, Colour (Caramel E150d), Sweeteners (Aspartame, Acesulfame K), Acids (Phosphoric Acid, Citric Acid), Natural Flavourings",https://www.sainsburys.co.uk/gol-ui/product/diet-coke-caffeine-free-8x330ml,,2024-08-17T05:40:11.336015-04:00
68-196-DRI,Coca-Cola Original Taste 24x330ml,Coca-Cola,Drinks,Discover,Coca Cola & Pizza,330ML,£14.50,24 for £14.50,£1.85,18p / 100ml,8024622,Sparkling Soft Drink with Plant Extracts,,https://assets.sainsburys-groceries.co.uk/gol/8024622/1/640x640.jpg,"Per 100ml Per 330ml (%*)
Energy 180kJ 594kJ
42kcal 139kcal (7%)
Fat 0g 0g (0%)
of which saturates 0g 0g (0%)
Carbohydrate 10.6g 35g (13%)
of which sugars 10.6g 35g (39%)
Protein 0g 0g (0%)
Salt 0g 0g (0%)
*Reference intake of an average adult (8400kJ/2000kcal)","Carbonated Water, Sugar, Colour (Caramel E150d), Acid (Phosphoric Acid), Natural Flavourings including Caffeine",https://www.sainsburys.co.uk/gol-ui/product/coca-cola-original-taste-24x330ml,24 x 24x330ml,2024-08-17T05:40:18.763178-04:00
68-198-DRI,Sainsbury's Lemonade 2L,Sainsbury's,Drinks,Fizzy drinks,Fruit flavoured,2L,75p,,£2.50,4p / 100ml,30083,Carbonated lemon flavour soft drink with sugar and sweeteners,,https://assets.sainsburys-groceries.co.uk/gol/30083/1/640x640.jpg,"Typical Values per 100ml  per 250ml glass  % based on RI for Average Adult
Energy 65kJ 163kJ -
15kcal 38kcal 2%
Fat <0.5g <0.5g -
Saturates <0.1g <0.1g -
Carbohydrate 3.5g 8.8g 3%
Sugars 3.5g 8.8g 10%
Fibre <0.5g <0.5g -
Protein <0.5g <0.5g -
Salt 0.03g 0.07g 1%",,https://www.sainsburys.co.uk/gol-ui/product/sainsburys-lemonade-2l,,2024-08-17T05:40:45.260344-04:00
68-199-DRI,Diet Coke 2L,Diet,Drinks,Discover,Coca Cola & Pizza,2L,£2.40,,£1.85,12p / 100ml,7900745,Sparkling Low Calorie Soft Drink with Plant Extracts with Sweeteners.,,https://assets.sainsburys-groceries.co.uk/gol/7900745/1/640x640.jpg,"100 ml 250 ml (%*)
Energy 1.6 kJ 4 kJ (0%)
0.4 kcal 1 kcal (0%)
Fat 0 g 0 g (0%)
of which saturates 0 g 0 g (0%)
Carbohydrate 0 g 0 g (0%)
of which sugars 0 g 0 g (0%)
Protein 0 g 0 g (0%)
Salt 0 g 0 g (0%)
* Reference intake of an average adult (8400 kJ/ 2000 kcal)","Carbonated Water, Colour (Caramel E150d), Sweeteners (Aspartame, Acesulfame K), Natural Flavourings, Caffeine Flavouring, Acids (Phosphoric Acid, Citric Acid)",https://www.sainsburys.co.uk/gol-ui/product/diet-coke-2l-7900745-p-44,,2024-08-17T05:40:52.848827-04:00
68-200-DRI,Coca-Cola Original Taste 1.75L,Coca-Cola,Drinks,Discover,Coca Cola & Pizza,1.75L,£2.50,,£1.85,14p / 100ml,2000923,Sparkling Soft Drink with Plant Extracts,,https://assets.sainsburys-groceries.co.uk/gol/2000923/1/640x640.jpg,"Per 100ml Per 250ml (%*)
Energy 180kJ 450kJ
42kcal 105kcal (5%)
Fat 0g 0g (0%)
of which saturates 0g 0g (0%)
Carbohydrate 10.6g 27g (10%)
of which sugars 10.6g 27g (29%)
Protein 0g 0g (0%)
Salt 0g 0g (0%)
*Reference intake of an average adult (8400kJ/2000kcal)","Carbonated Water, Sugar, Colour (Caramel E150d), Acid (Phosphoric Acid), Natural Flavourings Including Caffeine",https://www.sainsburys.co.uk/gol-ui/product/coca-cola-original-taste-175l,,2024-08-17T05:41:01.224874-04:00
68-201-DRI,7UP Zero Sugar Lemon & Lime Cans 8x330ml,7UP,Drinks,Fizzy drinks,Bigger multipacks,330ML,£3.70,8 for £3.70,£3.00,14p / 100ml,8166180,Carbonated Low Calorie Lemon and Lime Flavoured Soft Drink with Sweeteners.,,https://assets.sainsburys-groceries.co.uk/gol/8166180/1/640x640.jpg,"Per 100ml Per 330ml
Energy 8kJ/
2kcal 26kJ/
7kcal
Fat 0g 0g
of which Saturates 0g 0g
Carbohydrate 0g 0g
of which Sugars 0g 0g
Protein 0g 0g
Salt 0.04g 0.13g
Pack contains 8 servings of 330ml","Carbonated Water, Acids (Citric Acid, Malic Acid), Natural Lemon and Lime Flavouring, Acidity Regulator (Sodium Citrate), Sweeteners (Aspartame, Acesulfame K), Potassium Chloride, Stabiliser (Pectin)",https://www.sainsburys.co.uk/gol-ui/product/7up-zero-sugar-cans-8x330ml,8 x 8x330ml,2024-08-17T05:41:08.549976-04:00
68-203-DRI,Sainsbury's Cloudy Lemonade No Added Sugar 2L,Sainsbury's,Drinks,Fizzy drinks,Diet & sugar free,2L,95p,,£8.50,5p / 100ml,1327090,Carbonated no added sugar lemon flavour soft drink with 4% lemon fruit and 2% fruit juice and sweeteners,,https://assets.sainsburys-groceries.co.uk/gol/1327090/1/640x640.jpg,"Typical Values per 100ml  per 250ml glass  % based on RI for Average Adult
Energy 13kJ 32kJ -
3kcal 8kcal -
Fat <0.5g <0.5g -
Saturates <0.1g <0.1g -
Carbohydrate <0.5g 0.7g -
Sugars <0.5g 0.6g 1%
Fibre <0.5g <0.5g -
Protein <0.5g <0.5g -
Salt <0.01g <0.01g -",,https://www.sainsburys.co.uk/gol-ui/product/sainsburys-cloudy-lemonade-no-added-sugar-2l,,2024-08-17T05:41:35.337284-04:00
68-204-DRI,Pepsi Max No Sugar Cola Cans 8x330ml,Pepsi,Drinks,Discover,"Heineken, Doritos and Pepsi Football snacks and drinks",330ML,£4.50,8 for £4.50,£1.85,17p / 100ml,7516963,Carbonated Low Calorie Cola Flavoured Soft Drink with Sweeteners,,https://assets.sainsburys-groceries.co.uk/gol/7516963/1/640x640.jpg,"Per 100ml Per 330ml
Energy 2kJ/
0.4kcal 7kJ/
1kcal
Fat 0g 0g
of which saturates 0g 0g
Carbohydrate 0g 0g
of which sugars 0g 0g
Protein 0g 0g
Salt 0g 0g
Pack contains 8 servings of 330ml","Carbonated Water, Colour (E150d), Sweeteners (Aspartame, Acesulfame K), Acids (Phosphoric Acid, Citric Acid), Flavourings (Including Caffeine), Preservative (Potassium Sorbate)",https://www.sainsburys.co.uk/gol-ui/product/pepsi-max-8x330ml,8 x 8x330ml,2024-08-17T05:41:42.626625-04:00
68-205-DRI,Sainsbury's Diet Lemonade 6x330ml,Sainsbury's,Drinks,Fizzy drinks,Diet & sugar free,330ML,£2.05,6 for £2.05,£8.50,10p / 100ml,7547066,Carbonated low calorie lemon flavour soft drink with sweeteners,,https://assets.sainsburys-groceries.co.uk/gol/7547066/1/640x640.jpg,"Typical Values per 100ml  Per can  % based on RI for Average Adult
Energy 6kJ 19kJ -
1kcal 4kcal -
Fat <0.5g <0.5g -
Saturates <0.1g <0.1g -
Carbohydrate <0.5g <0.5g -
Sugars <0.5g <0.5g -
Fibre <0.5g <0.5g -
Protein <0.5g <0.5g -
Salt 0.03g 0.11g 2%",,https://www.sainsburys.co.uk/gol-ui/product/sainsburys-diet-lemonade-6x330ml,6 x 6x330ml,2024-08-17T05:41:54.989089-04:00
68-206-DRI,"Sainsbury's Lemonade, Diet 1L",Sainsbury's,Drinks,Fizzy drinks,Diet & sugar free,1L,70p,,£8.50,7p / 100ml,306591,Carbonated low calorie lemon flavour soft drink with sweeteners,,https://assets.sainsburys-groceries.co.uk/gol/306591/1/640x640.jpg,"Typical Values per 100ml  per 250ml glass  % based on RI for Average Adult
Energy 6kJ 14kJ -
1kcal 3kcal -
Fat <0.5g <0.5g -
Saturates <0.1g <0.1g -
Carbohydrate <0.5g <0.5g -
Sugars <0.5g <0.5g -
Fibre <0.5g <0.5g -
Protein <0.5g <0.5g -
Salt 0.03g 0.08g 1%",,https://www.sainsburys.co.uk/gol-ui/product/sainsburys-lemonade--diet-1l,,2024-08-17T05:42:07.928399-04:00
68-207-DRI,Sainsbury's Diet Cola 2L,Sainsbury's,Drinks,Fizzy drinks,Cola,2L,49p,,£8.50,2p / 100ml,1321777,Carbonated low calorie cola flavour soft drink with sweeteners,,https://assets.sainsburys-groceries.co.uk/gol/1321777/1/640x640.jpg,"Typical Values per 100ml  per 250ml glass  % based on RI for Average Adult
Energy <4.2kJkJ 9kJ -
<1kcalkcal 2kcal -
Fat <0.5g <0.5g -
Saturates <0.1g <0.1g -
Carbohydrate <0.5g <0.5g -
Sugars <0.5g <0.5g -
Fibre <0.5g <0.5g -
Protein <0.5g <0.5g -
Salt <0.01g 0.03g 1%",,https://www.sainsburys.co.uk/gol-ui/product/sainsburys-diet-cola-2l,,2024-08-17T05:42:20.654829-04:00
68-208-DRI,Sprite Zero Sugar 8x330ml,Sprite,Drinks,Fizzy drinks,Diet & sugar free,330ML,£3.75,8 for £3.75,£1.85,14p / 100ml,7963004,Sparkling Low Calorie Lemon-Lime Flavour Soft Drink with Sweeteners,,https://assets.sainsburys-groceries.co.uk/gol/7963004/1/640x640.jpg,"100 ml: 330 ml (%*):
Energy: 5 kJ, 1 kcal 17 kJ (0%), 3 kcal (0%)
Fat: 0 g 0 g (0%)
of which saturates: 0 g 0 g (0%)
Carbohydrate: 0 g 0 g (0%)
of which sugars: 0 g 0 g (0%)
Protein: 0 g 0 g (0%)
Salt: 0.03 g 0.10 g (2%)
Sodium: 11.9 mg 39.27 mg (655%)
*Reference intake of an average adult (8400 kJ/ 2000 kcal)","Carbonated Water, Acids (Citric Acid, Tartaric Acid), Acidity Regulator (Sodium Citrates), Sweeteners (Aspartame, Acesulfame-K, Sucralose), Natural Lemon, Lime Flavourings",https://www.sainsburys.co.uk/gol-ui/product/sprite-zero-8-x-330ml-8x330ml,8 x 8x330ml,2024-08-17T05:42:28.265015-04:00
68-209-DRI,Pepsi Max No Sugar Cola Bottle 1.25L,Pepsi,Drinks,Fizzy drinks,Cola,1.25L,£1.60,,£1.25,13p / 100ml,7953406,Carbonated Low Calorie Cola Flavoured Soft Drink with Sweeteners,,https://assets.sainsburys-groceries.co.uk/gol/7953406/1/640x640.jpg,"Per 100ml Per 250ml
Energy 2kJ/
0.4kcal 5kJ/
1kcal
Fat 0g 0g
of which saturates 0g 0g
Carbohydrate 0g 0g
of which sugars 0g 0g
Protein 0g 0g
Salt 0g 0g
Bottle contains 5 servings","Carbonated Water, Colour (E150d), Sweeteners (Aspartame, Acesulfame K), Acids (Phosphoric Acid, Citric Acid), Flavourings (including Caffeine), Preservative (Potassium Sorbate)",https://www.sainsburys.co.uk/gol-ui/product/pepsi-max-125l,,2024-08-17T05:42:35.984508-04:00
68-212-DRI,Sainsbury's Lemonade 1L,Sainsbury's,Drinks,Fizzy drinks,Fruit flavoured,1L,70p,,£2.50,7p / 100ml,128063,Carbonated lemon flavour soft drink with sugar and sweeteners,,https://assets.sainsburys-groceries.co.uk/gol/128063/1/640x640.jpg,"Typical Values per 100ml  per 250ml Glass  % based on RI for Average Adult
Energy 65kJ 163kJ -
15kcal 38kcal 2%
Fat <0.5g <0.5g -
Saturates <0.1g <0.1g -
Carbohydrate 3.5g 8.8g 3%
Sugars 3.5g 8.8g 10%
Fibre <0.5g <0.5g -
Protein <0.5g <0.5g -
Salt 0.03g 0.07g 1%",,https://www.sainsburys.co.uk/gol-ui/product/sainsburys-lemonade-1l,,2024-08-17T05:43:09.714077-04:00
68-214-DRI,Schweppes Lemonade 2L,Schweppes,Drinks,Fizzy drinks,Fruit flavoured,2L,£1.50,,£1.85,8p / 100ml,3266014,Sparkling Lemon Flavour Soft Drink with Sugar and Sweetener,250 ml,https://assets.sainsburys-groceries.co.uk/gol/3266014/1/640x640.jpg,"Per: 100ml Per: 250ml (%*)
Energy: 78kJ/
195kJ/
18kcal 45kcal (2%)
Fat: 0g 0g (0%)
of which saturates: 0g 0g (0%)
Carbohydrate: 4.2g 11g (4%)
of which sugars: 4.2g 11g (12%)
Protein: 0g 0g (0%)
Salt: 0.04g 0.10g (2%)
*Reference intake of an average adult (8400kJ/2000kcal)
2L = 8 x 250ml servings","Carbonated Water, Sugar, Lemon Juice from Concentrate (2%), Citric Acid, Flavourings, Acidity Regulator (Sodium Citrate), Sweeteners (Aspartame, Sodium Saccharin), Preservative (Potassium Sorbate), Antioxidant (Ascorbic Acid)",https://www.sainsburys.co.uk/gol-ui/product/schweppes-lemonade-2l,,2024-08-17T05:43:26.158357-04:00
68-216-DRI,Sprite zero sugar 2L,Sprite,Drinks,Fizzy drinks,Diet & sugar free,2L,£2.00,,£1.00,10p / 100ml,2288888,Sparkling Low Calorie Lemon-Lime Flavour Soft Drink with Sweeteners,,https://assets.sainsburys-groceries.co.uk/gol/2288888/1/640x640.jpg,"100 ml: 250 ml (%*):
Energy: 5 kJ, 1 kcal 13 kJ (0%), 3 kcal (0%)
Fat: 0 g 0 g (0%)
of which saturates: 0 g 0 g (0%)
Carbohydrate: 0 g 0 g (0%)
of which sugars: 0 g 0 g (0%)
Protein: 0 g 0 g (0%)
Salt: 0.03 g 0.08 g (1%)
Sodium: 11.9 mg 29.75 mg (496%)
* Reference intake of an average adult (8400 kJ/ 2000 kcal)","Carbonated Water, Acids (Citric Acid, Tartaric Acid), Acidity Regulator (Sodium Citrates), Sweeteners (Aspartame, Acesulfame-K, Sucralose), Natural Lemon, Lime Flavourings",https://www.sainsburys.co.uk/gol-ui/product/sprite-zero-2l,,2024-08-17T05:43:41.571428-04:00
68-217-DRI,Diet Coke No Caffeine 2L,Diet,Drinks,Discover,Coca Cola & Pizza,2L,£2.40,,£1.85,12p / 100ml,7900743,Sparkling Low Calorie Soft Drink with Plant Extracts with Sweeteners,,https://assets.sainsburys-groceries.co.uk/gol/7900743/1/640x640.jpg,"Per 100ml: Per 250ml (%*):
Energy: 1.6kJ 4kJ
: 0.4kcal 1kcal (0%)
Fat: 0g 0g (0%)
Of which saturates: 0g 0g (0%)
Carbohydrate: 0g 0g (0%)
Of which sugars: 0g 0g (0%)
Protein: 0g 0g (0%)
Salt: 0g 0g (0%)
*Reference intake of an average adult (8400kJ/2000kcal)","Carbonated Water, Colour (Caramel E150d), Sweeteners (Aspartame, Acesulfame K), Acids (Phosphoric Acid, Citric Acid), Natural Flavourings",https://www.sainsburys.co.uk/gol-ui/product/diet-coke-caffeine-free-2l,,2024-08-17T05:43:49.878721-04:00
68-218-DRI,"Sainsbury's Pineapple & Grapefruit Juice Drink, Zero Added Sugar 2L",Sainsbury's,Drinks,Fizzy drinks,Diet & sugar free,2L,95p,,£8.50,5p / 100ml,7547089,Carbonated no added sugar pineapple and grapefruit flavour soft drink with 5% juice and sweeteners,,https://assets.sainsburys-groceries.co.uk/gol/7547089/1/640x640.jpg,"Typical Values per 100ml  per 250ml glass  % based on RI for Average Adult
Energy 16kJ 41kJ -
4kcal 10kcal 1%
Fat <0.5g <0.5g -
Saturates <0.1g <0.1g -
Carbohydrate 0.5g 1.3g 1%
Sugars <0.5g 1.2g 1%
Fibre <0.5g <0.5g -
Protein <0.5g <0.5g -
Salt 0.02g 0.05g 1%",,https://www.sainsburys.co.uk/gol-ui/product/sainsburys-pineapple---grapefruit-juice-drink--zero-added-sugar-2l,,2024-08-17T05:44:02.439603-04:00
68-219-DRI,"Sainsbury's Diet Ginger Beer, No Added Sugar 2L",Sainsbury's,Drinks,Fizzy drinks,Diet & sugar free,2L,95p,,£8.50,5p / 100ml,1327113,carbonated no added sugar ginger flavour soft drink with sweeteners,,https://assets.sainsburys-groceries.co.uk/gol/1327113/1/640x640.jpg,"Typical Values per 100ml  per 250ml glass  % based on RI for Average Adult
Energy <4.2kJkJ 6kJ -
<1kcalkcal 1kcal -
Fat <0.5g <0.5g -
Saturates <0.1g <0.1g -
Carbohydrate <0.5g <0.5g -
Sugars <0.5g <0.5g -
Fibre <0.5g <0.5g -
Protein <0.5g <0.5g -
Salt 0.02g 0.06g 1%",,https://www.sainsburys.co.uk/gol-ui/product/sainsburys-diet-ginger-beer--no-added-sugar-2l,,2024-08-17T05:44:14.999946-04:00
68-220-DRI,"Sainsbury's Ginger Beer, Diet x6 330ml",Sainsbury's,Drinks,Fizzy drinks,Diet & sugar free,330ML,£2.05,,£8.50,10p / 100ml,1327625,carbonated no added sugar ginger flavour soft drink with sweeteners,,https://assets.sainsburys-groceries.co.uk/gol/1327625/1/640x640.jpg,"Typical Values per 100ml  per can  % based on RI for Average Adult
Energy <4.2kJkJ 8kJ -
<1kcalkcal 2kcal -
Fat <0.5g <0.5g -
Saturates <0.1g <0.1g -
Carbohydrate <0.5g <0.5g -
Sugars <0.5g <0.5g -
Fibre <0.5g <0.5g -
Protein <0.5g <0.5g -
Salt 0.02g 0.08g 1%",,https://www.sainsburys.co.uk/gol-ui/product/sainsburys-ginger-beer--diet-x6-330ml,,2024-08-17T05:44:27.833607-04:00
68-221-DRI,Fanta Orange Zero 2L,Fanta,Drinks,Fizzy drinks,Diet & sugar free,2L,£2.05,,£1.85,10p / 100ml,2900766,Sparkling Low Calorie Orange Fruit Drink with Sweeteners,,https://assets.sainsburys-groceries.co.uk/gol/2900766/1/640x640.jpg,"Per: 100 ml Per:250 ml (%*)
Energy 11 kJ 28 kJ (0%)
3 kcal 7 kcal (0%)
Fat 0 g 0 g (0%)
of which saturates 0 g 0 g (0%)
Carbohydrate 0.4 g 1.0 g (0%)
of which sugars 0.4 g 1.0 g (1%)
Protein 0 g 0 g (0%)
Salt 0.01 g 0.03 g (0%)
* Reference intake of an average adult (8400 kJ/ 2000 kcal)","Carbonated Water, Orange Juice from Concentrate (4%), Acids (Citric Acid, Malic Acid), Sweeteners (Cyclamates, Acesulfame-K, Sucralose, Steviol Glycosides from Stevia, Neohesperidine DC), Natural Orange Flavouring with other Natural Flavourings, Preservative (Potassium Sorbate), Antioxidant (Ascorbic Acid), Stabiliser (Guar Gum), Colour (Carotenes)",https://www.sainsburys.co.uk/gol-ui/product/fanta-orange-zero-2l,,2024-08-17T05:44:35.464663-04:00
68-222-DRI,R Whites Diet Lemonade 2L,R,Drinks,Fizzy drinks,Diet & sugar free,2L,£1.15,,£1.85,6p / 100ml,6615826,Carbonated Low Calorie Lemon Flavour Soft Drink with Sweeteners,,https://assets.sainsburys-groceries.co.uk/gol/6615826/1/640x640.jpg,"Per 100ml
Energy 7kJ/
2kcal
Fat 0g
of which Saturates 0g
Carbohydrate 0g
of which Sugars 0g
Protein 0g
Salt 0g","Carbonated Water, Lemon Juice from Concentrate (2%), Acid (Citric Acid), Flavouring, Sweeteners (Asparteme, Acesulfame K, Saccharin), Preservative (Sodium Benzoate)",https://www.sainsburys.co.uk/gol-ui/product/r-whites-diet-lemonade-2l,,2024-08-17T05:44:42.301755-04:00
68-224-DRI,Pepsi Max Cherry No Sugar Cola Cans 24x330ml,Pepsi,Drinks,Discover,"Heineken, Doritos and Pepsi Football snacks and drinks",330ML,£10.50,24 for £10.50,£8.50,13p / 100ml,8076827,Carbonated Low Calorie Cherry Cola Flavoured Soft Drink with Sweeteners,,https://assets.sainsburys-groceries.co.uk/gol/8076827/1/640x640.jpg,"Per 100ml Per 330ml
Energy 3kJ/
0.6kcal 10kJ/
2kcal
Fat 0g 0g
of which saturates 0g 0g
Carbohydrate 0g 0g
of which sugars 0g 0g
Protein 0g 0g
Salt 0g 0g
Pack contains 24 servings of 330ml","Carbonated Water, Colour (E150d), Sweeteners (Aspartame, Acesulfame K), Flavourings (Including Caffeine), Acids (Phosphoric Acid, Citric Acid), Preservative (Potassium Sorbate)",https://www.sainsburys.co.uk/gol-ui/product/pepsi-max-cherry-cola-24x330ml,24 x 24x330ml,2024-08-17T05:44:56.513631-04:00
68-225-DRI,Sprite 2L,Sprite,Drinks,Discover,Curry night,2L,£2.00,,£1.00,10p / 100ml,2331331,Sparkling Lemon-Lime Flavour Low Calorie Soft Drink with Sugar and Sweeteners,,https://assets.sainsburys-groceries.co.uk/gol/2331331/1/640x640.jpg,"100ml: 250 ml (%*):
Energy: 79 kJ, 19 kcal 198 kJ (2%), 48 kcal (2%)
Fat: 0 g 0 g (0%)
of which saturates: 0 g 0 g (0%)
Carbohydrate: 4.4 g 11 g (6%)
of which sugars: 4.4 g 11 g (12%)
Protein: 0 g 0 g (0%)
Salt: 0.04 g 0.1 g (2%)
* Reference intake of an average adult (8400 kJ/ 2000 kcal)","Carbonated Water, Sugar, Acids (Citric Acid, Tartaric Acid), Acidity Regulator (Sodium Citrates), Sweeteners (Acesulfame-K, Aspartame), Natural Lemon and Lime Flavourings",https://www.sainsburys.co.uk/gol-ui/product/sprite-sparkling-lemon---lime-drink-2l,,2024-08-17T05:45:03.665417-04:00
68-226-DRI,Pepsi Max Cherry No Sugar Cola Bottle 2L,Pepsi,Drinks,Discover,"Heineken, Doritos and Pepsi Football snacks and drinks",2L,£2.25,,£1.85,11p / 100ml,7546824,Carbonated Low Calorie Cherry Cola Flavoured Soft Drink with Sweeteners,,https://assets.sainsburys-groceries.co.uk/gol/7546824/1/640x640.jpg,"Per 100ml Per 250ml
Energy 3kJ/
0.6kcal 8kJ/
2kcal
Fat 0g 0g
of which saturates 0g 0g
Carbohydrate 0g 0g
of which sugars 0g 0g
Protein 0g 0g
Salt 0g 0g
Bottle contain 8 servings","Carbonated Water, Colour (E150d), Sweeteners (Aspartame, Acesulfame K), Flavourings (including Caffeine), Acids (Phosphoric Acid, Citric Acid), Preservative (Potassium Sorbate)",https://www.sainsburys.co.uk/gol-ui/product/pepsi-max-cherry-2l,,2024-08-17T05:45:10.486616-04:00
68-228-DRI,Tango Apple Sugar Free Can 8x330ml,Tango,Drinks,Special offers,,330ML,£3.70,8 for £3.70,£3.00,14p / 100ml,8166134,Carbonated Sugar Free Apple Soft Drink with Sweeteners.,,https://assets.sainsburys-groceries.co.uk/gol/8166134/1/640x640.jpg,"Per 100ml
Energy 17kJ/
4kcal
Salt 0.05g
Contains negligible amounts of fat, saturates, carbohydrate, sugars and protein","Carbonated Water, Apple Juice from Concentrate (4%), Natural Apple Flavouring, Acid (Malic Acid), Acidity Regulator (Sodium Citrate), Sweeteners (Sucralose, Acesulfame K), Natural Colour (Plain Caramel), Preservative (Potassium Sorbate), Antioxidant (Ascorbic Acid)",https://www.sainsburys.co.uk/gol-ui/product/tango-apple-sugar-free-can-8x330ml,8 x 8x330ml,2024-08-17T05:45:25.681941-04:00
68-229-DRI,"Sainsbury's Diet Cream Soda, No Added Sugar 2L",Sainsbury's,Drinks,Fizzy drinks,Diet & sugar free,2L,95p,,£8.50,5p / 100ml,1327151,Carbonated no added sugar vanilla flavour soft drink with sweetener,,https://assets.sainsburys-groceries.co.uk/gol/1327151/1/640x640.jpg,"Typical Values per 100ml  per 250ml glass  % based on RI for Average Adult
Energy <4.2kJkJ 10kJ -
<1kcalkcal 2kcal -
Fat <0.5g <0.5g -
Saturates <0.1g <0.1g -
Carbohydrate <0.5g <0.5g -
Sugars <0.5g <0.5g -
Fibre <0.5g <0.5g -
Protein <0.5g <0.5g -
Salt <0.01g <0.01g -",,https://www.sainsburys.co.uk/gol-ui/product/sainsburys-diet-cream-soda--no-added-sugar-2l,,2024-08-17T05:45:37.673622-04:00
68-230-DRI,Coca-Cola Zero Sugar Zero Caffeine 2L,Coca-Cola,Drinks,Discover,Coca Cola & Pizza,2L,£2.40,,£1.50,12p / 100ml,8095614,Sparkling Low Calorie Soft Drink with Plant Extracts with Sweeteners.,,https://assets.sainsburys-groceries.co.uk/gol/8095614/1/640x640.jpg,"Per 100ml Per 250ml (%*)
Energy 1.4kJ 4kJ
0.3kcal 1kcal (0%)
Fat 0g 0g (0%)
of which saturates 0g 0g (0%)
Carbohydrate 0g 0g (0%)
of which sugars 0g 0g (0%)
Protein 0g 0g (0%)
Salt 0.2g 0.05g (1%)
*Reference intake of an average adult (8400kJ/2000kcal)","Carbonated Water, Colour (Caramel E150d), Acid (Phosphoric Acid), Sweeteners (Aspartame, Acesulfame-K), Natural Flavourings, Acidity Regulator (Sodium Citrates)",https://www.sainsburys.co.uk/gol-ui/product/coca-cola-zero-caffeine-free-2l,,2024-08-17T05:45:44.578723-04:00
68-231-DRI,"Vimto Sparkling, No Added Sugar 6x330ml",Vimto,Drinks,Fizzy drinks,Diet & sugar free,330ML,£3.00,6 for £3.00,£2.50,15p / 100ml,7007134,Carbonated low calorie mixed fruit juice drink with flavourings and sweeteners.,,https://assets.sainsburys-groceries.co.uk/gol/7007134/1/640x640.jpg,"Per 100ml
Energy 12kJ/
3kcal
Fat 0g
of which saturates 0g
Carbohydrate 0.5g
of which sugars 0.4g
Protein 0g
Salt 0.02g","Carbonated Water, Mixed Fruit Juices from Concentrate 3% (Grape, Blackcurrant, Raspberry), Acids (Citric Acid, Malic Acid), Vimto Flavouring (including Natural Extracts of Fruits, Herbs, Barley Malt and Spices), Colouring Food (Concentrates of Carrot, Hibiscus), Preservatives (Potassium Sorbate, Sodium Benzoate), Acidity Regulator (Sodium Citrate), Sweeteners (Sucralose, Acesulfame K), Antioxidant (Ascorbic Acid), Flavourings",https://www.sainsburys.co.uk/gol-ui/product/vimto-sparkling--no-added-sugar-6x330ml,6 x 6x330ml,2024-08-17T05:45:51.471061-04:00
68-232-DRI,Fanta Orange 8x330ml,Fanta,Drinks,Fizzy drinks,Fruit flavoured,330ML,£3.75,8 for £3.75,£1.85,14p / 100ml,7963096,Sparkling Orange Fruit Drink with Sugar and Sweeteners,,https://assets.sainsburys-groceries.co.uk/gol/7963096/1/640x640.jpg,"for 100 ml: for 330 ml (%*):
Energy: 81 kJ, 19 kcal 267 kJ (3%), 63 kcal (3%)
Fat: 0 g 0 g (0%)
of which saturates: 0 g 0 g (0%)
Carbohydrate: 4.5 g 15 g (6%)
of which sugars: 4.5 g 15 g (17%)
Protein: 0 g 0 g (0%)
Salt: 0 g 0 g (0%)
* Reference intake of an average adult (8400 kJ/ 2000 kcal)","Carbonated Water, Sugar, Orange Juice from Concentrate (3.7%), Citrus Fruit from Concentrate (1.3%), Acids (Citric Acid, Malic Acid), Vegetable Extracts (Carrot, Pumpkin), Sweeteners (Acesulfame K, Sucralose), Preservative (Potassium Sorbate), Acidity Regulator (Sodium Citrates), Stabiliser (Guar Gum), Natural Orange Flavourings with other Natural Flavourings, Antioxidant (Ascorbic Acid)",https://www.sainsburys.co.uk/gol-ui/product/fanta-orange-8x330ml,8 x 8x330ml,2024-08-17T05:45:58.326984-04:00
68-233-DRI,"Sainsbury's Diet Lemon & Lime, No Added Sugar 2L",Sainsbury's,Drinks,Fizzy drinks,Diet & sugar free,2L,95p,,£8.50,5p / 100ml,6595722,Carbonated no added sugar lemon and lime flavour soft drink with 2% juice and sweeteners,,https://assets.sainsburys-groceries.co.uk/gol/6595722/1/640x640.jpg,"Typical Values per 100ml  per 250ml glass  % based on RI for Average Adult
Energy 8kJ 21kJ -
2kcal 5kcal -
Fat <0.5g <0.5g -
Saturates <0.1g <0.1g -
Carbohydrate <0.5g <0.5g -
Sugars <0.5g <0.5g -
Fibre <0.5g <0.5g -
Protein <0.5g <0.5g -
Salt 0.03g 0.07g 1%",,https://www.sainsburys.co.uk/gol-ui/product/sainsburys-diet-lemon---lime--no-added-sugar-2l,,2024-08-17T05:46:10.401614-04:00
68-234-DRI,Sainsbury's Cola 2L,Sainsbury's,Drinks,Fizzy drinks,Cola,2L,70p,,£8.50,4p / 100ml,7264807,Carbonated cola flavour soft drink with sugar and sweeteners,,https://assets.sainsburys-groceries.co.uk/gol/7264807/1/640x640.jpg,"Typical Values per 100ml  per 250ml glass  % based on RI for Average Adult
Energy 85kJ 211kJ -
20kcal 50kcal 3%
Fat <0.5g <0.5g -
Saturates <0.1g <0.1g -
Carbohydrate 5.0g 12.4g 5%
Sugars 4.8g 12.1g 13%
Fibre <0.5g <0.5g -
Protein <0.5g <0.5g -
Salt 0.03g 0.07g 1%",,https://www.sainsburys.co.uk/gol-ui/product/sainsburys-regular-cola-2l,,2024-08-17T05:46:22.443593-04:00
68-235-DRI,Pepsi Max No Caffeine 8x330ml,Pepsi,Drinks,Discover,"Heineken, Doritos and Pepsi Football snacks and drinks",330ML,£4.50,8 for £4.50,£1.25,17p / 100ml,8070960,Carbonated Low Calorie Caffeine Free Cola Flavoured Soft Drink with Sweeteners,,https://assets.sainsburys-groceries.co.uk/gol/8070960/1/640x640.jpg,"Per 100ml Per 330ml
Energy 2kJ/
0.5kcal 7kJ/
2kcal
Fat 0g 0g
of which saturates 0g 0g
Carbohydrate <0.1g 0.2g
of which sugars 0g 0g
Protein <0.1g 0.2g
Salt 0.01g 0.04g
Pack contains 8 servings of 330ml","Carbonated Water, Colour (E150d), Sweeteners (Aspartame, Acesulfame K), Acids (Phosphoric Acid, Citric Acid), Acidity Regulator (Sodium Citrate), Flavourings",https://www.sainsburys.co.uk/gol-ui/product/pepsi-max-no-caffeine-8x330ml,8 x 8x330ml,2024-08-17T05:46:29.284218-04:00
68-236-DRI,Tango Mango Sugar Free Cans 8x330ml,Tango,Drinks,Special offers,,330ML,£3.70,8 for £3.70,£3.00,14p / 100ml,8184406,Carbonated Sugar Free Apple and Mango Soft Drink with Sweeteners.,,https://assets.sainsburys-groceries.co.uk/gol/8184406/1/640x640.jpg,"Per 100ml
Energy 16kJ/
4kcal
Salt 0.05g
Contains neligible amounts of fat, saturates, carbohydrate, sugars and protein","Carbonated Water, Fruit Juices from Concentrate (Apple 4%, Mango 1%), Acids (Citric Acid, Malic Acid), Acidity Regulator (Sodium Citrate), Natural Flavourings, Natural Colours (Carotenes, Anthocyanins), Preservative (Potassium Sorbate), Sweeteners (Sucralose, Acesulfame K), Stabiliser (Xanthan Gum), Antioxidant (Ascorbic Acid)",https://www.sainsburys.co.uk/gol-ui/product/tango-mango-sugar-free-cans-8x330ml,8 x 8x330ml,2024-08-17T05:46:36.091346-04:00
68-238-DRI,Coca-Cola Zero Sugar Cherry 2L,Coca-Cola,Drinks,Discover,Coca Cola & Pizza,2L,£2.40,,£1.25,12p / 100ml,7992837,Sparkling Low Calorie Cherry Flavour Soft Drink with Plant Extracts with Sweeteners.,,https://assets.sainsburys-groceries.co.uk/gol/7992837/1/640x640.jpg,"Per: 100 ml Per: 250 ml (%*) (%*)
Energy 2.1 kJ 5 kJ (0%)
1 kcal 1 kcal (0%)
Fat 0 g 0 g (0%)
of which saturates 0 g 0 g (0%)
Carbohydrate 0 g 0 g (0%)
of which sugars 0 g 0 g (0%)
Protein 0 g 0 g (0%)
Salt 0.02 g 0.05 g (1%)
* Reference intake of an average adult (8400 kJ/ 2000 kcal)","Carbonated Water, Colour (E 150d), Acid (Phosphoric Acid), Natural Flavourings, Sweeteners (Aspartame, Acesulfame K), Acidity Regulator (Sodium Citrates), Caffeine Flavouring",https://www.sainsburys.co.uk/gol-ui/product/coke-zero-cherry-2l,,2024-08-17T05:46:49.599397-04:00
68-239-DRI,Tanqueray London Dry Gin 1L,Tanqueray,Drinks,Spirits & liqueurs,All spirits & liqueurs,1L,£28.50,,£18.00,£28.50 / ltr,6009054,CRAFTED USING A TIMELESS RECIPE - Tanqueray London Dry Gin is a premium gin distilled four times for unmatched smoothness and clarity.,,https://assets.sainsburys-groceries.co.uk/gol/6009054/1/640x640.jpg,,,https://www.sainsburys.co.uk/gol-ui/product/tanqueray-gin-1l,,2024-08-17T05:47:06.897784-04:00
68-240-DRI,Disaronno Originale 500ml,Disaronno,Drinks,Special offers,,500ML,£17.25,,£13.50,£34.50 / ltr,2040431,The World's Favourite Italian Liqueur,,https://assets.sainsburys-groceries.co.uk/gol/2040431/1/640x640.jpg,,,https://www.sainsburys.co.uk/gol-ui/product/disaronno-amaretto-liqueur-50cl,,2024-08-17T05:47:24.245797-04:00
68-241-DRI,Engine Italian Organic Gin 70cl,Engine,Drinks,Special offers,,,£33.00,,£28.00,£47.14 / ltr,8162368,Gluten Free,,https://assets.sainsburys-groceries.co.uk/gol/8162368/1/640x640.jpg,"100ml:
Energy 961kJ/
232kcal","Water, Wheat Alcohol*, Distilled Gin* [Juniper Berries* (Juniperus Communis), Lemon Peels* (Citrus Limonum), Licorice Roots* (Glycyrrhiza Glabra), Sage Leaves* (Salvia Officinalis), Rosa Damascena Flowers* (Rosa Di Damasco), Natural Flavourings*], (* Organic Ingredients)",https://www.sainsburys.co.uk/gol-ui/product/engine-italian-organic-gin-70cl,,2024-08-17T05:47:31.235146-04:00
68-242-DRI,Pimm's 1L,Pimm's,Drinks,Special offers,,1L,£22.00,,£13.00,£22.00 / ltr,2686448,"ABOUT - Pimm's No.1 is a fruity and refreshing gin-based spirit made from a closely guarded recipe that infuses gin with a delicate combination of botanicals, caramelised orange and warm spices.",,https://assets.sainsburys-groceries.co.uk/gol/2686448/1/640x640.jpg,,"ALCOHOL, FLAVOUR(S), CARAMEL, GIN, LIQUEUR, SUGAR(S)",https://www.sainsburys.co.uk/gol-ui/product/pimms-1l,,2024-08-17T05:47:43.192148-04:00
68-243-DRI,"Aperol Aperitivo, 11% ABV - Italian Spritz Cocktail 100cl",Aperol,Drinks,Spirits & liqueurs,All spirits & liqueurs,,£22.00,,£13.50,£22.00 / ltr,8019591,Aperitivo,,https://assets.sainsburys-groceries.co.uk/gol/8019591/1/640x640.jpg,,,https://www.sainsburys.co.uk/gol-ui/product/aperol-aperitivo-100cl,,2024-08-17T05:48:00.922988-04:00
68-244-DRI,Gordon's London Dry Gin 70cl,Gordon's,Drinks,Spirits & liqueurs,All spirits & liqueurs,,£18.00,,£9.00,£25.71 / ltr,2436548,London Dry Gin,,https://assets.sainsburys-groceries.co.uk/gol/2436548/1/640x640.jpg,,,https://www.sainsburys.co.uk/gol-ui/product/gordons-dry-gin-70cl,,2024-08-17T05:48:18.790062-04:00
68-245-DRI,Gordon's Mediterranean Orange Distilled Gin 70cl,Gordon's,Drinks,Special offers,,,£18.50,,£16.00,£26.43 / ltr,8053174,ABOUT- Gordon's Mediterranean Orange Distilled Gin is crafted with the expertise and tradition that Gordon's is renowned for. This flavoured gin offers a tantalising fusion of sun-soaked Mediterranean flavours and the classic essence of juniper.,,https://assets.sainsburys-groceries.co.uk/gol/8053174/1/640x640.jpg,,"ACID(S), COLOUR(S), FLAVOUR(S), GIN, SUGAR(S)",https://www.sainsburys.co.uk/gol-ui/product/gordons-mediterranean-orange-distilled-gin-70cl,,2024-08-17T05:48:30.879684-04:00
68-246-DRI,Grant's Triple Wood Blended Scotch Whisky 1L,Grant's,Drinks,Discover,Whisky flavours worth exploring,1L,£21.25,,£18.50,£21.25 / ltr,2405131,Triple Wood Blended Scotch Whisky,,https://assets.sainsburys-groceries.co.uk/gol/2405131/1/640x640.jpg,,,https://www.sainsburys.co.uk/gol-ui/product/grants-triple-wood-blended-scotch-whisky-1l-2405131-p,,2024-08-17T05:48:48.144573-04:00
68-247-DRI,Bombay Sapphire London Dry Gin 100cl,Bombay,Drinks,Special offers,,,£30.00,,£21.00,£30.00 / ltr,3355909,Distilled London Dry Gin,,https://assets.sainsburys-groceries.co.uk/gol/3355909/1/640x640.jpg,"Per 100ml
Energy (kJ) 920 kJ
Energy (kcal) 220 kcal
Fat 0 g
Saturated Fat 0 g
Carbohydrates 0 g
Sugar 0 g
Protein 0 g
Salt 0 g",,https://www.sainsburys.co.uk/gol-ui/product/bombay-sapphire-gin-1l,,2024-08-17T05:49:00.640140-04:00
68-248-DRI,Gordon's London Dry Gin 1L,Gordon's,Drinks,Special offers,,1L,£24.00,,£19.00,£24.00 / ltr,2436555,"ABOUT - Created in London by Scotsman Alexander Gordon in 1769, Gordon's London Dry Gin is known and loved worldwide. This classic award-winning gin has earned its reputation as 'the ginniest of gins'.",,https://assets.sainsburys-groceries.co.uk/gol/2436555/1/640x640.jpg,,GIN,https://www.sainsburys.co.uk/gol-ui/product/gordons-dry-gin-1l,,2024-08-17T05:49:13.099184-04:00
68-249-DRI,Smirnoff Red Label Vodka 1L,Smirnoff,Drinks,Special offers,,1L,£24.00,,£19.00,£24.00 / ltr,2154251,"ABOUT - Smirnoff No. 21 is a smooth and flawless vodka, made to the specifics of Recipe No. 21 which was developed circa 1917 by Vladimir Smirnov. Popularly refered to as Red Label, this pure grain vodka is triple distilled and charcoal-filtered ten times to remove any impurities. It is the world's best-selling vodka and ideal for mixing or making cocktails.",,https://assets.sainsburys-groceries.co.uk/gol/2154251/1/640x640.jpg,,VODKA,https://www.sainsburys.co.uk/gol-ui/product/smirnoff-red-label-vodka-1l,,2024-08-17T05:49:25.342416-04:00
68-250-DRI,The Famous Grouse Finest Blended Scotch Whisky 1L,The,Drinks,Discover,Whisky flavours worth exploring,1L,£22.75,,£15.00,£22.75 / ltr,2171227,Blended Scotch Whisky,,https://assets.sainsburys-groceries.co.uk/gol/2171227/1/640x640.jpg,,,https://www.sainsburys.co.uk/gol-ui/product/the-famous-grouse-whisky-1l,,2024-08-17T05:49:42.622198-04:00
68-251-DRI,Hendrick's Gin 70cl,Hendrick's,Drinks,Special offers,,,£31.50,,£27.00,£45.00 / ltr,6384792,Gin,,https://assets.sainsburys-groceries.co.uk/gol/6384792/1/640x640.jpg,,,https://www.sainsburys.co.uk/gol-ui/product/hendricks-gin-70cl,,2024-08-17T05:49:59.904496-04:00
68-252-DRI,Aperol Aperitivo 70cl,Aperol,Drinks,Special offers,,,£17.00,,£13.00,£24.29 / ltr,7504204,Aperitivo,,https://assets.sainsburys-groceries.co.uk/gol/7504204/1/640x640.jpg,,,https://www.sainsburys.co.uk/gol-ui/product/aperol-aperitivo-70cl,,2024-08-17T05:50:17.117657-04:00
68-253-DRI,Hollow & Bourne London Dry Gin 1L,Hollow,Drinks,Spirits & liqueurs,All spirits & liqueurs,1L,£17.00,,£25.00,£17.00 / ltr,1225723,London dry gin,,https://assets.sainsburys-groceries.co.uk/gol/1225723/1/640x640.jpg,"Typical Values per 100ml  per 25ml glass  % based on RI for Average Adult
Energy 862kJ 216kJ -
206kcal 52kcal 3%",,https://www.sainsburys.co.uk/gol-ui/product/sainsburys-dry-gin-1l,,2024-08-17T05:50:29.126627-04:00
68-254-DRI,Triple Distilled British Vodka 1L,Triple,Drinks,Spirits & liqueurs,All spirits & liqueurs,1L,£17.00,,£31.00,£17.00 / ltr,75701,Vodka,,https://assets.sainsburys-groceries.co.uk/gol/75701/1/640x640.jpg,"per 100ml: Per 25ml glass:
Energy 860kJ/
206kcal 215kJ/
51kcal",,https://www.sainsburys.co.uk/gol-ui/product/sainsburys-vodka-1l,,2024-08-17T05:50:41.138457-04:00
68-255-DRI,Bacardi Carta Blanca Superior White Rum 100cl,Bacardi,Drinks,Special offers,,,£24.00,,£19.00,£24.00 / ltr,2397870,White Rum,,https://assets.sainsburys-groceries.co.uk/gol/2397870/1/640x640.jpg,"Per 100ml
Energy (kJ) 880 kJ
Energy (kcal) 210 kcal
Fat 0 g
Saturated Fat 0 g
Carbohydrates 0 g
Sugar 0 g
Protein 0 g
Salt 0 g",,https://www.sainsburys.co.uk/gol-ui/product/bacardi-superior-white-rum-1l,,2024-08-17T05:50:53.162746-04:00
68-256-DRI,Talisker Skye Single Malt Whisky 70cl,Talisker,Drinks,Discover,Whisky flavours worth exploring,,£44.00,,£34.00,£62.86 / ltr,7806668,"UNIQUE FEATURES: Crafted on the rugged Isle of Skye, Talisker Skye offers a unique balance of sweetness, smoke, and spice.",,https://assets.sainsburys-groceries.co.uk/gol/7806668/1/640x640.jpg,,SCOTCH WHISKY,https://www.sainsburys.co.uk/gol-ui/product/talisker-skye-single-malt-whisky-70cl,,2024-08-17T05:51:05.694153-04:00
68-257-DRI,Crag & Glen Blended Scotch Whisky 1L,Crag,Drinks,Discover,Whisky flavours worth exploring,1L,£18.00,,£4.50,£18.00 / ltr,342544,Blended Scotch Whisky,,https://assets.sainsburys-groceries.co.uk/gol/342544/1/640x640.jpg,"Typical Values per 100ml  A serving contains  % based on RI for Average Adult
Energy 925kJ 231kJ -
221kcal 55kcal 3%",,https://www.sainsburys.co.uk/gol-ui/product/sainsburys-blended-whisky-1l,,2024-08-17T05:51:17.767822-04:00
68-258-DRI,Baileys Original Irish Cream Liqueur 1L,Baileys,Drinks,Spirits & liqueurs,All spirits & liqueurs,1L,£21.95,,£13.50,£21.95 / ltr,2076355,"ABOUT - Baileys Original Irish Cream Liqueur is an iconic alcoholic beverage known for its smooth, creamy texture and its delicious taste. It combines fine Irish whiskey and smooth Irish dairy cream with chocolate and vanilla flavours.",,https://assets.sainsburys-groceries.co.uk/gol/2076355/1/640x640.jpg,,,https://www.sainsburys.co.uk/gol-ui/product/baileys-original-irish-cream-liqueur-1l,,2024-08-17T05:51:35.064924-04:00
68-259-DRI,Triple Distilled British Vodka 1.5L,Triple,Drinks,Spirits & liqueurs,All spirits & liqueurs,1.5L,£25.30,,£31.00,£16.87 / ltr,440776,Vodka,,https://assets.sainsburys-groceries.co.uk/gol/440776/1/640x640.jpg,"per 100ml: Per 25ml glass:
Energy 860kJ/
206kcal 215kJ/
51kcal",,https://www.sainsburys.co.uk/gol-ui/product/sainsburys-vodka-15l,,2024-08-17T05:51:47.240750-04:00
68-261-DRI,Sainsbury's London Dry Gin 70cl,Sainsbury's,Drinks,Low everyday prices,,,£11.99,,£25.00,£17.13 / ltr,6510598,Suitable for Vegans,,https://assets.sainsburys-groceries.co.uk/gol/6510598/1/640x640.jpg,"per 100ml:
Energy 858kJ/
207kcal",,https://www.sainsburys.co.uk/gol-ui/product/sainsburys-gin--basics-70cl,,2024-08-17T05:52:22.267179-04:00
68-262-DRI,Bell's Blended Scotch Whisky 1L,Bell's,Drinks,Discover,Whisky flavours worth exploring,1L,£24.00,,£19.00,£24.00 / ltr,2039480,"ABOUT - An approachable whisky known for its smooth and balanced character. It is crafted by blending a variety of single malt and grain whiskies, resulting in a harmonious combination of flavours.",,https://assets.sainsburys-groceries.co.uk/gol/2039480/1/640x640.jpg,,SCOTCH WHISKY,https://www.sainsburys.co.uk/gol-ui/product/bells-scotch-whisky-1l,,2024-08-17T05:52:35.214338-04:00
68-263-DRI,Aberlour 12 Year Old Single Malt Scotch Whisky 70cl,Aberlour,Drinks,Discover,Whisky flavours worth exploring,,£43.00,,£16.50,£61.43 / ltr,7659006,Speyside Single Malt Scotch Whisky,,https://assets.sainsburys-groceries.co.uk/gol/7659006/1/640x640.jpg,,,https://www.sainsburys.co.uk/gol-ui/product/aberlour-12-year-old-malt-whisky-70cl,,2024-08-17T05:52:52.515313-04:00
68-264-DRI,Ukiyo Japanese Blossom Gin 700ml,Ukiyo,Drinks,Special offers,,700ML,£31.00,,£23.00,£44.29 / ltr,8129639,Japanese Blossom Gin,,https://assets.sainsburys-groceries.co.uk/gol/8129639/1/640x640.jpg,,,https://www.sainsburys.co.uk/gol-ui/product/ukiyo-japanese-blossom-gin-700ml,,2024-08-17T05:53:10.778208-04:00
68-265-DRI,Sainsbury's Vodka 70cl,Sainsbury's,Drinks,Low everyday prices,,,£11.99,,£31.00,£17.13 / ltr,6510603,Suitable for Vegans,,https://assets.sainsburys-groceries.co.uk/gol/6510603/1/640x640.jpg,"per 100ml:
Energy 860kJ/
206kcal",,https://www.sainsburys.co.uk/gol-ui/product/sainsburys-vodka--basics-70cl,,2024-08-17T05:53:23.084758-04:00
68-266-DRI,Cardhu Gold Reserve Single Malt Scotch Whisky 70cl,Cardhu,Drinks,Discover,Whisky flavours worth exploring,,£46.00,,£28.00,£65.71 / ltr,7988359,"ABOUT - Cardhu Gold Reserve Single Malt Scotch Whisky has a rich and creamy texture. Its is celebrated for its approachable nature, making it a popular choice for both newcomers and seasoned whisky enthusiasts.",,https://assets.sainsburys-groceries.co.uk/gol/7988359/1/640x640.jpg,,SCOTCH WHISKY,https://www.sainsburys.co.uk/gol-ui/product/cardhu-gold-reserve-70cl,,2024-08-17T05:53:35.232037-04:00
68-267-DRI,Three Barrels VSOP Brandy 1L,Three,Drinks,Special offers,,1L,£26.00,,£18.50,£26.00 / ltr,2570020,"Today, our brandy is made using the best white grapes from Champagne, Bordeaux, Burgundy and beyond. The distilled spirit is then matured in oak to create our silky-smooth, rich and rounded taste.",,https://assets.sainsburys-groceries.co.uk/gol/2570020/1/640x640.jpg,"Per 25ml Per 100ml
Energy 222kj 886kj
Energy 53kcal 214kcal",,https://www.sainsburys.co.uk/gol-ui/product/three-barrels-brandy--vsop-1l,,2024-08-17T05:53:47.289492-04:00
68-268-DRI,Hollow & Bourne London Dry Gin 1.5L,Hollow,Drinks,Spirits & liqueurs,All spirits & liqueurs,1.5L,£25.30,,£25.00,£16.87 / ltr,1225730,London dry gin,,https://assets.sainsburys-groceries.co.uk/gol/1225730/1/640x640.jpg,"Typical Values per 100ml  per 25ml glass  % based on RI for Average Adult
Energy 862kJ 216kJ -
206kcal 52kcal 3%",,https://www.sainsburys.co.uk/gol-ui/product/sainsburys-dry-london-gin-15l,,2024-08-17T05:53:59.331896-04:00
68-269-DRI,Rémy Martin VSOP Cognac Fine Champagne 70cl,Rémy,Drinks,Special offers,,,£46.00,,£36.00,£65.71 / ltr,2396705,Cognac,,https://assets.sainsburys-groceries.co.uk/gol/2396705/1/640x640.jpg,,,https://www.sainsburys.co.uk/gol-ui/product/remy-martin-cognac--vsop-70cl,,2024-08-17T05:54:16.628023-04:00
68-270-DRI,Gordon's Premium Pink Distilled Gin 1L,Gordon's,Drinks,Special offers,,1L,£26.50,,£22.00,£26.50 / ltr,7980745,"ABOUT - Gordon's Premium Pink Distilled Gin is a vibrant gin crafted with the perfect balance of natural botanicals and distilled fruit essences. Infused with the flavour of raspberries, strawberries and redcurrants.",,https://assets.sainsburys-groceries.co.uk/gol/7980745/1/640x640.jpg,,"COLOUR(S), FLAVOUR(S), GIN, SUGAR(S)",https://www.sainsburys.co.uk/gol-ui/product/gordons-premium-pink-distilled-gin-1l,,2024-08-17T05:54:29.924742-04:00
68-271-DRI,The Glenlivet 12 Year Old Single Malt Scotch Whisky 70cl,The,Drinks,Spirits & liqueurs,All spirits & liqueurs,,£43.00,,£34.00,£61.43 / ltr,2377384,Single Malt Scotch Whisky,,https://assets.sainsburys-groceries.co.uk/gol/2377384/1/640x640.jpg,,,https://www.sainsburys.co.uk/gol-ui/product/glenlivet-12-year-old-single-malt-scotch-whisky-70cl,,2024-08-17T05:54:47.656753-04:00
68-272-DRI,Absolut Blue Original Swedish Vodka 1L,Absolut,Drinks,Spirits & liqueurs,All spirits & liqueurs,1L,£29.00,,£18.00,£29.00 / ltr,4066415,Original Swedish Vodka.,,https://assets.sainsburys-groceries.co.uk/gol/4066415/1/640x640.jpg,,,https://www.sainsburys.co.uk/gol-ui/product/absolut-vodka-1l,,2024-08-17T05:55:04.990533-04:00
68-273-DRI,Courvoisier VS Cognac 70cl,Courvoisier,Drinks,Special offers,,,£33.00,,£26.00,£47.14 / ltr,2340654,Cognac,,https://assets.sainsburys-groceries.co.uk/gol/2340654/1/640x640.jpg,,,https://www.sainsburys.co.uk/gol-ui/product/courvoisier-cognac--vs-70cl,,2024-08-17T05:55:25.669008-04:00
68-274-DRI,Jack Daniel's Tennessee Whiskey 70cl,Jack,Drinks,Discover,Whisky flavours worth exploring,,£27.00,,£19.00,£38.57 / ltr,2044514,Jack Daniel's Old No. 7 Tennessee Whiskey,,https://assets.sainsburys-groceries.co.uk/gol/2044514/1/640x640.jpg,,,https://www.sainsburys.co.uk/gol-ui/product/jack-daniels-70cl,,2024-08-17T05:55:43.900932-04:00
68-275-DRI,Whyte & Mackay Blended Scotch Whisky 1L,Whyte,Drinks,Discover,Whisky flavours worth exploring,1L,£21.25,,£14.00,£21.25 / ltr,2094243,"Triple Matured for a Smoother, Richer Taste",,https://assets.sainsburys-groceries.co.uk/gol/2094243/1/640x640.jpg,,,https://www.sainsburys.co.uk/gol-ui/product/whyte-mackay-blended-scotch-whisky-1l,,2024-08-17T05:56:01.115721-04:00
68-276-DRI,The Famous Grouse Finest Blended Scotch Whisky 70cl,The,Drinks,Discover,Whisky flavours worth exploring,,£17.75,,£15.00,£25.36 / ltr,2373072,Blended Scotch Whisky,,https://assets.sainsburys-groceries.co.uk/gol/2373072/1/640x640.jpg,,,https://www.sainsburys.co.uk/gol-ui/product/the-famous-grouse-whisky-70cl,,2024-08-17T05:56:18.596235-04:00
68-277-DRI,Sainsbury's Ruby Port 1L,Sainsbury's,Drinks,Spirits & liqueurs,"Sherry, port & fortified wine",1L,£10.75,,£16.00,£8.06 / 75cl,1200638,,,https://assets.sainsburys-groceries.co.uk/gol/1200638/1/640x640.jpg,,,https://www.sainsburys.co.uk/gol-ui/product/sainsburys-ws-ruby-port-1l,,2024-08-17T05:56:41.346937-04:00
68-278-DRI,Sainsbury's Ginger Wine 70cl,Sainsbury's,Drinks,Spirits & liqueurs,"Sherry, port & fortified wine",,£4.50,,£11.00,£4.82 / 75cl,440592,Ginger Wine,,https://assets.sainsburys-groceries.co.uk/gol/440592/1/640x640.jpg,"Typical Values per 100ml  Per 60ml glass  % based on RI for Average Adult
Energy 122kcal 73kcal 4%
510kJ 306kJ -",,https://www.sainsburys.co.uk/gol-ui/product/sainsburys-ginger-wine-70cl,,2024-08-17T05:56:53.507170-04:00
68-279-DRI,Harvey's Bristol Cream Sherry 1L,Harvey's,Drinks,Spirits & liqueurs,All spirits & liqueurs,1L,£15.00,,£11.00,£11.25 / 75cl,2039060,Cream,,https://assets.sainsburys-groceries.co.uk/gol/2039060/1/640x640.jpg,,,https://www.sainsburys.co.uk/gol-ui/product/harveys-bristol-cream-sherry-1l,,2024-08-17T05:57:10.987756-04:00
68-280-DRI,Monkey Shoulder Blended Malt Scotch Whisky 70cl,Monkey,Drinks,Discover,Whisky flavours worth exploring,,£29.00,,£19.00,£41.43 / ltr,6337771,Selected by our malt master,,https://assets.sainsburys-groceries.co.uk/gol/6337771/1/640x640.jpg,,,https://www.sainsburys.co.uk/gol-ui/product/monkey-shoulder-triple-malt-scotch-whisky-70cl,,2024-08-17T05:57:28.336535-04:00
68-281-DRI,Sainsbury's Winemaker's Selection Medium Dry A Blend of Amontillado Sherry 1 Litre,Sainsbury's,Drinks,Spirits & liqueurs,"Sherry, port & fortified wine",1L,£10.50,,£7.50,£7.88 / 75cl,12348,Medium Dry Amontillado,,https://assets.sainsburys-groceries.co.uk/gol/12348/1/640x640.jpg,"Typical Values Per 100ml  Per 60 ml glass  % based on RI for Average Adult
Energy 473kJ 284kJ -
113kcal 68kcal 3%",,https://www.sainsburys.co.uk/gol-ui/product/sainsburys-medium-dry-amontillado-sherry-1l,,2024-08-17T05:57:40.728360-04:00
68-282-DRI,Plymouth The Original Strength English Gin 70cl,Plymouth,Drinks,Spirits & liqueurs,All spirits & liqueurs,,£28.00,,£23.00,£40.00 / ltr,7618137,"Limited Edition Bottle - subject to availability and cannot be guaranteed in online orders. Plymouth Gin is an award-winning gin distilled using the same blend of seven exotic botanicals, soft Dartmoor water and pure grain alcohol since 1793. Produced in small batches only three times a week at England's oldest operating gin distillery in the South West of England, Plymouth is an extremely smooth, creamy and full-bodied gin. Plymouth gin is ideally served with Fever-Tree Aromatic Tonic over ice with a twist of lemon. Alternatively, savour its smooth taste in a classic cocktail.",,https://assets.sainsburys-groceries.co.uk/gol/7618137/1/640x640.jpg,,,https://www.sainsburys.co.uk/gol-ui/product/plymouth-gin-70cl-7618137-p-44,,2024-08-17T05:57:58.395311-04:00
68-283-DRI,Pimm's No1 & Lemonade Ready To Drink 5.4% Vol Cans 6x250ml,Pimm's,Drinks,Special offers,,250ML,£10.00,6 for £10.00,£8.00,£6.67 / ltr,8189794,"To enjoy a classic Pimm’s & lemonade, drink chilled from the can or serve over ice and with fruit garnishes. Perfect for any picnic, BBQ or summer festival.",,https://assets.sainsburys-groceries.co.uk/gol/8189794/1/640x640.jpg,,,https://www.sainsburys.co.uk/gol-ui/product/pimms-no1-lemonade-ready-to-drink-54-vol-cans-6x250ml,6 x 6x250ml,2024-08-17T05:58:16.163285-04:00
68-284-DRI,Jameson Black Barrel Triple Distilled Irish Whiskey 70cl,Jameson,Drinks,Spirits & liqueurs,All spirits & liqueurs,,£39.00,,£20.00,£55.71 / ltr,8036575,Triple Distilled Irish Whiskey,,https://assets.sainsburys-groceries.co.uk/gol/8036575/1/640x640.jpg,,,https://www.sainsburys.co.uk/gol-ui/product/jameson-black-barrel-irish-whiskey-70cl,,2024-08-17T05:58:33.807749-04:00
68-285-DRI,Napoleon Brandy VSOP 1L,Napoleon,Drinks,Spirits & liqueurs,All spirits & liqueurs,1L,£18.00,,£36.00,£18.00 / ltr,1265705,Brandy,,https://assets.sainsburys-groceries.co.uk/gol/1265705/1/640x640.jpg,"Typical Values Per 100ml  A serving contains  % based on RI for Average Adult
Energy 845kJ 211kJ -
204kcal 51kcal 3%",,https://www.sainsburys.co.uk/gol-ui/product/sainsburys-3-year-old-french-brandy-1l,,2024-08-17T05:58:47.233514-04:00
68-286-DRI,Cointreau Triple Sec Orange Liqueur 50cl,Cointreau,Drinks,Special offers,,,£18.50,,£14.00,£37.00 / ltr,7446988,Liqueur,,https://assets.sainsburys-groceries.co.uk/gol/7446988/1/640x640.jpg,,,https://www.sainsburys.co.uk/gol-ui/product/cointreau-liqueur-50cl,,2024-08-17T05:59:06.234278-04:00
68-287-DRI,Smirnoff Red Label Vodka 70cl,Smirnoff,Drinks,Spirits & liqueurs,All spirits & liqueurs,,£18.00,,£9.00,£25.71 / ltr,2373331,"ABOUT - Smirnoff No. 21 is a smooth and flawless vodka, made to the specifics of Recipe No. 21 which was developed circa 1917 by Vladimir Smirnov. Popularly refered to as Red Label, this pure grain vodka is triple distilled and charcoal-filtered ten times to remove any impurities. It is the world's best-selling vodka and ideal for mixing or making cocktails.",,https://assets.sainsburys-groceries.co.uk/gol/2373331/1/640x640.jpg,,,https://www.sainsburys.co.uk/gol-ui/product/smirnoff-vodka--red-label-70cl,,2024-08-17T05:59:24.079383-04:00
68-288-DRI,Jameson Triple Distilled Blended Irish Whiskey 70cl,Jameson,Drinks,Discover,Whisky flavours worth exploring,,£25.00,,£20.00,£35.71 / ltr,2362748,Triple Distilled Irish Whiskey,,https://assets.sainsburys-groceries.co.uk/gol/2362748/1/640x640.jpg,,,https://www.sainsburys.co.uk/gol-ui/product/jameson-irish-whiskey-70cl,,2024-08-17T05:59:43.595077-04:00
68-289-DRI,Sainsbury's Winemakers' Selection Pale Cream British Fortified Wine 1L,Sainsbury's,Drinks,Spirits & liqueurs,"Sherry, port & fortified wine",1L,£6.75,,£11.00,£5.06 / 75cl,7699491,British Fortified Wine,,https://assets.sainsburys-groceries.co.uk/gol/7699491/1/640x640.jpg,"Typical Values Per 100ml  Per 60 ml glass  % based on RI for Average Adult
Energy 533kJ 320kJ -
127kcal 76kcal 4%",,https://www.sainsburys.co.uk/gol-ui/product/sainsburys-winemakers-pale-cream-british-fortified-wine-1l,,2024-08-17T05:59:56.323727-04:00
68-290-DRI,Bardinet VSOP Brandy 1L,Bardinet,Drinks,Spirits & liqueurs,All spirits & liqueurs,1L,£21.50,,£14.50,£21.50 / ltr,7809829,Brandy,,https://assets.sainsburys-groceries.co.uk/gol/7809829/1/640x640.jpg,,,https://www.sainsburys.co.uk/gol-ui/product/bardinet-vsop-brandy-70cl,,2024-08-17T06:00:14.954773-04:00
68-291-DRI,"Campari Bitter, 25% ABV - Italian Spirit Aperitif Cocktail 70cl",Campari,Drinks,Special offers,,,£18.00,,£15.50,£25.71 / ltr,2377025,camparigroup.info for nutritional information,,https://assets.sainsburys-groceries.co.uk/gol/2377025/1/640x640.jpg,,,https://www.sainsburys.co.uk/gol-ui/product/campari-aperitif-70cl,,2024-08-17T06:00:34.470615-04:00
68-292-DRI,Jim Beam Kentucky Straight Bourbon Whiskey 1L,Jim,Drinks,Discover,Whisky flavours worth exploring,1L,£27.00,,£22.00,£27.00 / ltr,7907779,Kentucky Straight Bourbon Whiskey,,https://assets.sainsburys-groceries.co.uk/gol/7907779/1/640x640.jpg,,,https://www.sainsburys.co.uk/gol-ui/product/jim-beam-kentucky-straight-bourbon-whiskey-1l,,2024-08-17T06:00:52.384925-04:00
68-293-DRI,Malibu Original White Rum with Coconut Flavour 1L,Malibu,Drinks,Special offers,,1L,£21.95,,£13.00,£21.95 / ltr,4066439,"Malibu Original White Rum with Coconut is the perfect drink for when the sun is setting and the good times are flowing. Thanks to its smooth, fresh taste, that sun-kissed island feeling is only a sip away. Malibu rum has a full and rounded, lightly toasted coconut aroma, and a creamy coconut taste with vanilla custard notes. The body is delicate with a soft warming rum taste and a lasting silky finish.",,https://assets.sainsburys-groceries.co.uk/gol/4066439/1/640x640.jpg,,,https://www.sainsburys.co.uk/gol-ui/product/malibu-caribbean-white-rum-with-coconut-1l,,2024-08-17T06:01:09.581327-04:00
68-294-DRI,Hennessy VS Cognac 70cl,Hennessy,Drinks,Special offers,,,£37.50,,£31.00,£53.57 / ltr,2342177,Very Special Cognac,,https://assets.sainsburys-groceries.co.uk/gol/2342177/1/640x640.jpg,,,https://www.sainsburys.co.uk/gol-ui/product/hennessy-cognac--vs-70cl,,2024-08-17T06:01:28.213825-04:00
68-295-DRI,Sainsburys Brandy 70cl,Sainsburys,Drinks,Low everyday prices,,,£13.00,,,£18.57 / ltr,6510582,Brandy,,https://assets.sainsburys-groceries.co.uk/gol/6510582/1/640x640.jpg,"Typical Values per 100ml  A serving contains  % based on RI for Average Adult
Energy 824kJ 206kJ -
199kcal 50kcal 3%",,https://www.sainsburys.co.uk/gol-ui/product/sainsburys-brandy--basics-70cl,,2024-08-17T06:01:45.397853-04:00
68-296-DRI,Tanqueray London Dry Gin 70cl,Tanqueray,Drinks,Special offers,,,£21.50,,£18.00,£30.71 / ltr,8031215,CRAFTED USING A TIMELESS RECIPE - Tanqueray London Dry Gin is a premium gin distilled four times for unmatched smoothness and clarity.,,https://assets.sainsburys-groceries.co.uk/gol/8031215/1/640x640.jpg,,,https://www.sainsburys.co.uk/gol-ui/product/tanqueray-london-dry-gin-70cl,,2024-08-17T06:02:02.993301-04:00
68-297-DRI,Tanqueray Flor de Sevilla Distilled Orange Flavoured Gin 70cl,Tanqueray,Drinks,Special offers,,,£27.00,,£20.00,£38.57 / ltr,7928482,"UNLEASH THE CITRUS - Tanqueray Flor de Sevilla Gin, a flavoured premium gin inspired by Seville oranges, offers a refreshingly zesty taste.",,https://assets.sainsburys-groceries.co.uk/gol/7928482/1/640x640.jpg,,"NATURAL FLAVOURINGS, SUGAR(S), COLOURS: E129, E102, E133, GIN",https://www.sainsburys.co.uk/gol-ui/product/tanqueray-flor-de-sevilla-70cl-gin,,2024-08-17T06:02:16.103931-04:00
68-298-DRI,Martini Rosso Vermouth Aperitivo 75cl,Martini,Drinks,Special offers,,,£12.50,,£10.00,£12.50 / 75cl,7974548,Vermouth,,https://assets.sainsburys-groceries.co.uk/gol/7974548/1/640x640.jpg,"Per 100ml
Energy (kJ) 605 kJ
Energy (kcal) 145 kcal
Fat 0 g
Saturated Fat 0 g
Carbohydrates 15 g
Sugar 15 g
Protein 0 g
Salt 0 g",,https://www.sainsburys.co.uk/gol-ui/product/martini-rosso-750ml,,2024-08-17T06:02:28.345408-04:00
68-299-DRI,Unrooted Good Energy Mighty Ginger & Chilli Shot 60ml,Unrooted,Drinks,Fruit juice & drinks,All fruit juice & smoothies,60ML,£2.00,,£1.50,£3.33 / 100ml,8121901,"Ginger, Turmeric, Chilli & Baobab Shot.",,https://assets.sainsburys-groceries.co.uk/gol/8121901/1/640x640.jpg,"Per 100ml:
Energy 145 kJ /
35 kcal
Fat <0.1g
(Saturates <0.1g)
Carbohydrate 7g
(of which sugars 3.2g)
Fibre 1.4g
Protein 0.7g
Salt <0.1g","Water, Ginger Juice (25%), Pineapple Juice, Lemon Juice, Baobab Powder (2%), Scotch Bonnet Chilli Extract (1.2%), Turmeric Extract, Ascorbic Acid (Antioxidant), Black Pepper Extract",https://www.sainsburys.co.uk/gol-ui/product/unrooted-mighty-ginger-60ml,,2024-08-17T06:02:35.221098-04:00
68-300-DRI,Unrooted Good Gut Apple Cider Vinegar & Ginger Shot 60ml,Unrooted,Drinks,Fruit juice & drinks,All fruit juice & smoothies,60ML,£2.00,,£4.25,£3.33 / 100ml,8121903,"Apple Cider Vinegar, Spirulina, Ginger & Baobab Shot.",,https://assets.sainsburys-groceries.co.uk/gol/8121903/1/640x640.jpg,"Per 100ml:
Energy 213 kJ /
51 kcal
Fat <0.1
(Saturates 0.0g)
Carbohydrate 7g
(of which natural sugars 3.9)
Fibre 1.5g
Protein 0.6g
Salt 0.1g","Coconut Water, Apple Juice, Ginger Juice (13%), Lemon Juice, White Guava Puree, Apple Cider Vinegar (8%), Baobab Powder (2%), Spirulina Powder, Ascorbic Acid (Antioxidant)",https://www.sainsburys.co.uk/gol-ui/product/unrooted-apple-cider-vinegar-60ml,,2024-08-17T06:02:42.493553-04:00
68-301-DRI,MOJU Ginger Vitality Dosing Bottle Shots x7 420ml,MOJU,Drinks,Fruit juice & drinks,All fruit juice & smoothies,420ML,£5.95,,£1.60,£1.42 / 100ml,8071101,"Juice from cold-pressed fruit and ginger root, with acerola cherry powder",,https://assets.sainsburys-groceries.co.uk/gol/8071101/1/640x640.jpg,"(per 100ml):
Energy 201kJ/
47kcal
Fat 0.5g
(of which saturates 0.1g)
Carbohydrate 9.9g
(of which sugars 8.6g)
Protein 0.8g
Salt 0.01g
RI = Reference Intake","Apple, Ginger Root (20%), Lemon, Acerola Cherry Powder, Antioxidant: Ascorbic Acid",https://www.sainsburys.co.uk/gol-ui/product/moju-ginger-shots-dosing-bottle-420ml,,2024-08-17T06:02:49.987612-04:00
68-302-DRI,The Turmeric Co. Raw Turmeric & Ginger Self Shot 420ml,The,Drinks,Fruit juice & drinks,All fruit juice & smoothies,420ML,£5.95,,£1.50,£1.42 / 100ml,8173227,Recovery support,,https://assets.sainsburys-groceries.co.uk/gol/8173227/1/640x640.jpg,"per 100mL per 60mL
Energy (kJ) 116kJ 70kJ
Energy (kcal) 27kcal 16kcal
Fat 0.5g 0.3g
saturates 0.1g 0.06g
Carbohydrates 5.6g 3.4g
sugars 4.4g 2.6g
Protein 0.8g 0.5g
Salt 0.04g <0.02g","Watermelon, Organic Turmeric Root (30%), Organic Ginger Root (10%), Pineapple, Pomegranate, Lemon, Vitamin C, BioMax Uptake Blend® (Black Pepper Mix)",https://www.sainsburys.co.uk/gol-ui/product/the-turmeric-co-raw-turmeric-ginger-family-size-420ml,,2024-08-17T06:02:57.573583-04:00
68-303-DRI,MOJU Turmeric Vitality Dosing Bottle 7x Shots 420ml,MOJU,Drinks,Fruit juice & drinks,Juice shots,420ML,£5.95,7 for £5.95,£1.60,£1.42 / 100ml,8071071,"Juice from cold-pressed fruit and turmeric root, with black pepper & acerola cherry powder",,https://assets.sainsburys-groceries.co.uk/gol/8071071/1/640x640.jpg,"(per 100ml):
Energy 169kJ/
40kcal
Fat 1.6g
(of which saturates 0.6g)
Carbohydrate 8.7g
(of which sugars 8.6g)
Protein 1.7g
Salt 0.02g
RI = Reference Intake","Apple, Turmeric Root (18%), Lemon, Black Pepper Powder, Acerola Cherry Powder, Antioxidant: Ascorbic Acid",https://www.sainsburys.co.uk/gol-ui/product/moju-turmeric-shots-dosing-bottle-420ml,,2024-08-17T06:03:04.929922-04:00
68-304-DRI,The Turmeric Co. Raw Turmeric Vitamin C & D3 Self Shot 420ml,The,Drinks,Fruit juice & drinks,All fruit juice & smoothies,420ML,£5.95,,£1.50,£1.42 / 100ml,8173219,7x Self shot bottle,,https://assets.sainsburys-groceries.co.uk/gol/8173219/1/640x640.jpg,"per 100mL per 60mL
Energy (kJ) 219kJ 131kJ
Energy (kcal) 52kcal 31kcal
Fat 0.66g 0.4g
of which saturates 0.14g 0.08g
Carbohydrates 10.67g 6.4g
Sugars 8.3g 4.98g
Protein 0.8g 0.48g
Salt 0.06g <0.04g
%RI = Reference intake","Watermelon, Pineapple, Organic Turmeric Root (15%), Organic Ginger Root, Pomegranate, Lemon, (Lipoturm© Proprietary Blend Vitamin C (1000mg), Vitamin D3 (75ug), Vitamin E (7mg), Sunflower Lecithin), BioMax Uptake Blend® (Black Pepper & Cinnamon Mix), Coconut Nectar",https://www.sainsburys.co.uk/gol-ui/product/the-turmeric-co-raw-turmeric-vitamin-c-d3-family-size-420ml,,2024-08-17T06:03:13.673525-04:00
68-305-DRI,The Turmeric Co. Raw Turmeric & Ginger 60ml,The,Drinks,Fruit juice & drinks,All fruit juice & smoothies,60ML,£1.95,,£1.50,£3.25 / 100ml,8173231,Cold Pressed,,https://assets.sainsburys-groceries.co.uk/gol/8173231/1/640x640.jpg,"per 100ml per 60ml
Energy (kJ) 163kJ 98kJ
Energy (kca) 38kcal 23kcal
Fat 0.4g 0.24g
Saturates 0.06g 0.04g
Carbohydrates 8.0g 4.8g
Sugars 7.4g 4.5g
Protein 0.68g 0.4g
Salt <0.01g <0.01g","Watermelon, Turmeric Root (30%), Ginger Root (10%), Pineapple, Pomegranate, Lemon, Flax Oil, Black Pepper",https://www.sainsburys.co.uk/gol-ui/product/the-turmeric-co-raw-turmeric-ginger-60ml,,2024-08-17T06:03:20.508923-04:00
68-306-DRI,Plenish Organic Ginger Immunity 60ml,Plenish,Drinks,Fruit juice & drinks,All fruit juice & smoothies,60ML,£2.00,,£4.25,£3.33 / 100ml,8000300,Cold Pressed Ginger and Apple Shot.,,https://assets.sainsburys-groceries.co.uk/gol/8000300/1/640x640.jpg,"Per 100ml
Energy 144kJ /
34kcal
Fat 0g
of which Saturates 0g
Carbohydrate 8.2g
of which Sugars 8g
Fibre <0.5g
Protein 0.3g
Salt 0g
†RI=Reference Intake","Apple* 58%, Ginger* 24%, Lemon Juice, Apple Cider Vinegar, Acerola Cherry Powder, *Cold-Pressed",https://www.sainsburys.co.uk/gol-ui/product/plenish-organic-ginger-ninja-ginger-apple-cider-vinegar-60ml,,2024-08-17T06:03:29.018229-04:00
68-307-DRI,MOJU Raspberry Gut Health Dosing Bottle Shots x7 420ml,MOJU,Drinks,Fruit juice & drinks,All fruit juice & smoothies,420ML,£5.95,,£4.25,£1.42 / 100ml,8173170,"Juice from cold-pressed fruit and ginger root, with apple cider vinegar, moju prebiotic blend and acerola cherry powder",,https://assets.sainsburys-groceries.co.uk/gol/8173170/1/640x640.jpg,"(per 100ml):
Energy 307kJ/
73kcal
Fat 0g
(of which saturates 0g)
Carbohydrate 18g
(of which sugars 7.3g)
Fibre 6.9g
Protein 0g
Salt 0.01g","Apple, Moju Prebiotic* Blend (Chicory Root Inulin* 4%, Green Banana Powder, Baobab Fruit Pulp Powder & Acacia Fibre 2%, Jerusalem Artichoke Powder), Lemon (8%), Raspberry (5%), Ginger Root, Apple Cider Vinegar, Acerola Cherry Powder, Antioxidant: Ascorbic Acid, *Each Shot Contains 2.4g of Your 12g Per Day Chicory Inulin, which Promotes Normal Digestive Function by Increasing Stool Frequency",https://www.sainsburys.co.uk/gol-ui/product/moju-raspberry-gut-health-dosing-bottle-shots-x7-420ml,,2024-08-17T06:03:37.671183-04:00
68-308-DRI,Lo Bros Kombucha Raspberry & Blackcurrant 330ml,Lo,Drinks,Fruit juice & drinks,All fruit juice & smoothies,330ML,£2.00,,£1.50,61p / 100ml,8173129,"Sparkling Fermented Tea Drink with Natural Flavours, Sweetener & Cultures.",100 mL,https://assets.sainsburys-groceries.co.uk/gol/8173129/1/640x640.jpg,"Per 100 mL Per serving
Energy kJ 12 kJ 39 kJ
Energy kcal 3 kcal 9 kcal
Fat, total <0.5 g <0.5 g
-of which saturates <0.1 g <0.1 g
Carbohydrate <0.5 g <0.5 g
-of which sugars <0.5 g <0.5 g
Protein <0.5 g <0.5 g
Salt <0.01 g <0.01 g
Serves per pack: 1, Serving size: 330 mL","Kombucha (Filtered Water, Kombucha Culture, Black Tea, Green Tea, Raw Sugar), Flavour Enhancer (Naturally Fermented Glucose [Erythritol]), Apple Cider Vinegar, Acacia Fibre, Natural Flavour (Raspberry, Blackcurrant), Natural Sweetener (Steviol Glycosides *), Black Carrot Concentrate, Living Cultures, *Stevia is a Natural Sweetener derived from the plant Stevia Rebaudiana",https://www.sainsburys.co.uk/gol-ui/product/lo-bros-kombucha-raspberry-blackcurrant-330ml,,2024-08-17T06:03:47.313264-04:00
68-309-DRI,"One Living Blueberry, Elderberry & Acai Kombucha Shot 60ml",One,Drinks,Fruit juice & drinks,All fruit juice & smoothies,60ML,£2.00,,£1.60,£3.33 / 100ml,8034667,"Kombucha Based Shot with Added Chicory Inulin, Fruit Juices, Vitamin B12, Iodine, with Added Natural Flavours and Lactic Acid Bacillus.",,https://assets.sainsburys-groceries.co.uk/gol/8034667/1/640x640.jpg,"Per 100ML %RI
Energy (KJ/KCAL) 206/
48 -
Fat <0.5g -
of which saturates >0.1g -
Carbohydrate 12.1g -
of which sugars 7.8g -
Fibre 6.5g -
Protein <0.1g -
Salt <0.025g -
RI = Recommended (daily) intake","Kombucha (Filtered Water, Sencha Green Tea, Golden Cane Sugar, Kombucha Cultures), Chicory Inulin (13%), Fruit Juices From Concentrate (Elderberry, Blueberry, Acai) (6%), Natural Flavours, Iodine, Vitamin B12, Live Cultures (Lactic Acid Bacillus)",https://www.sainsburys.co.uk/gol-ui/product/no1-living-gut-brain-health-shot-60ml,,2024-08-17T06:03:54.467023-04:00
68-310-DRI,"One Living Gut & Immune Ginger, Grapefruit & Lime Kombucha Shot 300ml",One,Drinks,Fruit juice & drinks,All fruit juice & smoothies,300ML,£5.95,,£4.25,£1.98 / 100ml,8172642,"Kombucha Based Shot with Added Chicory Inulin, Fruit Juices, Containing Naturally Sourced Vitamin C and Vitamin D3, with Added Natural Flavours and Lactic Acid Bacillus",,https://assets.sainsburys-groceries.co.uk/gol/8172642/1/640x640.jpg,"Per 100ml Per 60ml
Energy (KJ/KCAL) 231/
54 138/
32
Fat <0.5g 0.0g
Of which Saturates <0.1g 0.0g
Carbohydrate 13.6g 8.0g
Of which Sugars 2.2g 1.3g
Fibre 6.5g 3.9g
Protein <0.1g 0.0g
Salt <0.025g <0.0g
RI = Recommended (daily) intake","Kombucha (Filtered Water, Sencha Green Tea, Golden Cane Sugar, Kombucha Cultures), Acerola Juice, Chicory Inulin (13%), Lime from Concentrate (2%), Natural Flavours, Ginger Root Extract, Live Cultures (Lactic Acid Bacillus), Vitamin D3 (from Algae)",https://www.sainsburys.co.uk/gol-ui/product/no-1-living-gut-immune-ginger-grapefruit-lime-kombucha-health-shots-300ml,,2024-08-17T06:04:01.758624-04:00
68-311-DRI,"Lo Bros Kombucha Fruit Crush, Limited Edition 330ml",Lo,Drinks,Fruit juice & drinks,All fruit juice & smoothies,330ML,£2.00,,£1.50,61p / 100ml,8173123,"Sparkling Fermented Tea Drink with Natural Flavours, Sweetener & Cultures.",100 ml,https://assets.sainsburys-groceries.co.uk/gol/8173123/1/640x640.jpg,"Per 100 ml Per serving
Energy kJ 12 kJ 39 kJ
Energy kcal 3 kcal 9 kcal
Fat, total <0.5 g <0.5 g
-of which saturates <0.1 g <0.1 g
Carbohydrate <0.5 g <0.5 g
-of which sugars <0.5 g <0.5 g
Protein <0.5 g <0.5 g
Salt <0.01 g <0.01 g
Serves per pack: 1, Serving size: 330 mL","Kombucha (Filtered Water, Kombucha Culture, Black Tea, Green Tea, Raw Sugar), Flavour Enhancer (Naturally Fermented Glucose [Erythritol]), Apple Cider Vinegar, Acacia Fibre, Natural Flavour (Blood Orange, Pineapple, Passion Fruit, Apple), Natural Sweetener (Steviol Glycosides*), Living Cultures, *Stevia is a Natural Sweetener Derived from the Plant Stevia Rebaudiana",https://www.sainsburys.co.uk/gol-ui/product/lo-bros-kombucha-fruit-crush-limited-edition-330ml,,2024-08-17T06:04:10.595841-04:00
68-312-DRI,The Turmeric Co. Vitamin C + D3 60ml,The,Drinks,Fruit juice & drinks,All fruit juice & smoothies,60ML,£1.95,,£1.50,£3.25 / 100ml,8173229,Cold Pressed,,https://assets.sainsburys-groceries.co.uk/gol/8173229/1/640x640.jpg,"per 100ml / 60ml
Energy (kJ) 216kJ /
130kJ
Energy (kcal) 51kcal /
31kcal
Fat 1.7g / 1.0g
of which saturates 0.39g / 0.23g
Carbohydrates 8.5g / 5.1g
Sugars 6.6g / 4.0g
Protein 0.82g / 0.49g
Salt <0.01g / <0.01g
%RI = Reference intake","Watermelon, Pineapple, Turmeric Root (15%), Ginger Root, Pomegranate, Lemon, Lipoturm© Proprietary Blend Vitamin C (1000mg), Vitamin D3 (75ug), Vitamin E (7mg), Sunflower Lecithin, Black Pepper, Cinnamon Mix, Olive Oil, Coconut Nectar",https://www.sainsburys.co.uk/gol-ui/product/the-turmeric-co-vitamin-c-d3-60ml,,2024-08-17T06:04:17.738822-04:00
68-313-DRI,Plenish Berry Gut Health 60ml,Plenish,Drinks,Fruit juice & drinks,All fruit juice & smoothies,60ML,£2.00,,£4.25,£3.33 / 100ml,8000302,Cold Pressed Apple and Raspberry and Added Live Cultures.,,https://assets.sainsburys-groceries.co.uk/gol/8000302/1/640x640.jpg,"Per 100ml
Energy 220kJ
52kcal
Fat 0g
of which Saturates 0g
Carbohydrate 12.6g
of which Sugars 10.5g
Fibre <0.5g
Protein 0.2g
Salt 0g","Pomegranate 41%, Apple*, Raspberry* 10%, Apple Cider Vinegar 7%, Lime Juice, Bacillus Coagulans GBI-30 6086, *Cold-Pressed",https://www.sainsburys.co.uk/gol-ui/product/plenish-berry-gut-health-shot-60ml,,2024-08-17T06:05:28.094735-04:00
68-314-DRI,Lift Glucose Juice Very Berry Shot 60ml,Lift,Drinks,Special offers,,60ML,£1.55,,£1.25,£2.58 / 100ml,8161935,Very Berry flavour glucose food supplement drink,,https://assets.sainsburys-groceries.co.uk/gol/8161935/1/640x640.jpg,,"Water, Dextrose Monohydrate (25%), Citric Acid (E330), Natural Flavouring, Preservative Sodium Benzoate & Potassium Sorbate",https://www.sainsburys.co.uk/gol-ui/product/lift-glucose-juice-very-berry-shot-60ml,,2024-08-17T06:05:43.623813-04:00
68-315-DRI,Lift Glucose Juice Lemon & Lime Shot 60ml,Lift,Drinks,Special offers,,60ML,£1.55,,£1.25,£2.58 / 100ml,8161939,Zesty Lemon & Lime flavour glucose food supplement drink,,https://assets.sainsburys-groceries.co.uk/gol/8161939/1/640x640.jpg,,"Water, Dextrose Monohydrate (25%), Citric Acid (E330), Natural Flavouring, Preservative Sodium Benzoate & Potassium Sorbate",https://www.sainsburys.co.uk/gol-ui/product/lift-glucose-juice-lemon-lime-shot-60ml,,2024-08-17T06:05:58.602857-04:00
68-316-DRI,MOJU Ginger Extra Strength Dosing Bottle Shots x7 420ml,MOJU,Drinks,Fruit juice & drinks,All fruit juice & smoothies,420ML,£6.95,,£4.25,£1.65 / 100ml,8173168,Juice from cold-pressed fruit and ginger root,,https://assets.sainsburys-groceries.co.uk/gol/8173168/1/640x640.jpg,"Vitamins (per 100ml):
Energy 194kJ/
46kcal
Fat 0.6g
(of which saturates 0.1g)
Carbohydrate 9.2g
(of which sugars 7.0g)
Protein 1.0g
Salt 0g
RI = Reference Intake","Apple, Ginger Root (37%), Lemon, Antioxidant: Ascorbic Acid",https://www.sainsburys.co.uk/gol-ui/product/moju-ginger-extra-strength-dosing-bottle-shots-x7-420ml,,2024-08-17T06:06:07.663492-04:00
68-317-DRI,"One Living Ginger, Grapefruit & Lime Kombucha Shot 60ml",One,Drinks,Fruit juice & drinks,All fruit juice & smoothies,60ML,£2.00,,£1.60,£3.33 / 100ml,8034694,"Kombucha Based Shot with Added Chicory Inulin and Fruit Juice, Containing Naturally Sourced Vitamin C and Vitamin D3, with Added Natural Flavours and Lactic Acid Bacillus.",,https://assets.sainsburys-groceries.co.uk/gol/8034694/1/640x640.jpg,"Per 100ML
Energy (kJ/kcal) 231/
54
Fat <0.5g
Of Which Saturates <0.1g
Carbohydrate 13.6g
Of Which Sugars 2.2g
Fibre 6.5g
Protein 0.1g
Salt <0.025g
RI = Recommended (daily) intake","Kombucha (Filtered Water, Sencha Green Tea, Golden Cane Sugar, Kombucha Cultures), Acerola Juice, Chicory Inulin (13%), Lime from Concentrate (2%), Natural Flavours, Ginger Root Extract, Live Cultures (Lactic Acid Bacillus), Vitamin D3 (from Algae)",https://www.sainsburys.co.uk/gol-ui/product/no1-living-gut-immune-health-shot-60ml,,2024-08-17T06:06:16.450210-04:00
68-318-DRI,Plenish Turmeric Defence 60ml,Plenish,Drinks,Fruit juice & drinks,All fruit juice & smoothies,60ML,£2.00,,£1.50,£3.33 / 100ml,8000294,Cold Pressed Ginger and Turmeric Shot with Orange and Vitamin B12.,,https://assets.sainsburys-groceries.co.uk/gol/8000294/1/640x640.jpg,"Per 100ml
Energy 184kJ /
43kcal
Fat 0g
of which Saturates 0g
Carbohydrate 10.2g
of which Sugars 8.2g
Fibre <0.5g
Protein 0.7g
Salt 0g
†RI = Reference Intake","Orange 55%, Pineapple, Ginger* 12%, Lemon Juice, Turmeric* 5%, Cayenne Pepper, Vitamin B12, *Cold-Pressed",https://www.sainsburys.co.uk/gol-ui/product/plenish-organic-b12-blast-turmeric-cayenne-orange-60ml,,2024-08-17T06:06:25.596617-04:00
68-319-DRI,MOJU Defence Hot Mango Immunity Shots Daily Shots x7 420ml,MOJU,Drinks,Fruit juice & drinks,All fruit juice & smoothies,420ML,£5.95,,£4.25,£1.42 / 100ml,8173166,"Daily Hit of vit C, D & zinc",,https://assets.sainsburys-groceries.co.uk/gol/8173166/1/640x640.jpg,"(per 100ml):
Energy 205kJ/
49kcal
Fat 0.5g
(of which saturates 0.1g)
Carbohydrate 10.5g
(of which sugars 9.9g)
Protein 0.8g
Salt 0.01g
RI = Reference Intake","Apple, Orange, Mango (7.5%), Lemon, Ginger Root (4.5%), Turmeric Root (1.5%), Acerola Cherry Powder, Cayenne Pepper Powder, Zinc Lactate, Vitamin D3 from Seaweed, Antioxidant: Ascorbic Acid",https://www.sainsburys.co.uk/gol-ui/product/moju-hot-mango-immunity-dosing-bottle-shots-x7-420ml,,2024-08-17T06:06:34.003302-04:00
68-320-DRI,Bread & Butter Pinot Noir 75cl,Bread,Drinks,Special offers,,,£13.50,,£15.50,£13.50 / 75cl,8134578,,,https://assets.sainsburys-groceries.co.uk/gol/8134578/1/640x640.jpg,,,https://www.sainsburys.co.uk/gol-ui/product/bread-butter-pinot-noir-75cl,,2024-08-17T06:06:56.730827-04:00
68-321-DRI,Bread & Butter Chardonnay 75cl,Bread,Drinks,Special offers,,,£13.50,,£15.50,£13.50 / 75cl,8134576,,,https://assets.sainsburys-groceries.co.uk/gol/8134576/1/640x640.jpg,,,https://www.sainsburys.co.uk/gol-ui/product/bread-butter-chardonnay-75cl,,2024-08-17T06:07:19.283092-04:00
68-322-DRI,Brancott Estate Sauvignon Blanc White Wine 75cl,Brancott,Drinks,Special offers,,,£8.00,,£10.50,£8.00 / 75cl,2488318,Sauvignon Blanc,,https://assets.sainsburys-groceries.co.uk/gol/2488318/1/640x640.jpg,,,https://www.sainsburys.co.uk/gol-ui/product/brancott-estate-sauvignon-blanc-75cl,,2024-08-17T06:07:36.931680-04:00
68-323-DRI,Villa Maria Private Bin Sauvignon Blanc 75cl,Villa,Drinks,Special offers,,,£9.00,,£10.75,£9.00 / 75cl,2571843,New Zealand Wine,,https://assets.sainsburys-groceries.co.uk/gol/2571843/1/640x640.jpg,,,https://www.sainsburys.co.uk/gol-ui/product/villa-maria-private-bin-sauvignon-blanc-75cl,,2024-08-17T06:07:54.461245-04:00
68-324-DRI,"Sainsbury's Primitivo, Taste the Difference 75cl",Sainsbury's,Drinks,Special offers,,,£8.50,,£8.75,£8.50 / 75cl,6684982,Primitivo,,https://assets.sainsburys-groceries.co.uk/gol/6684982/1/640x640.jpg,"Typical Values Per 100ml  Per 125ml glass  % based on RI for Average Adult
Energy 328kJ 411kJ -
79kcal 98kcal 5%",,https://www.sainsburys.co.uk/gol-ui/product/sainsburys-primitivo--taste-the-difference-75cl,,2024-08-17T06:08:06.638050-04:00
68-325-DRI,Pol Guyot Selection Champagne Brut 750ml,Pol,Drinks,Champagne & sparkling wine,All champagne & sparkling wine,750ML,£19.00,,£13.00,£19.00 / 75cl,8134956,,,https://assets.sainsburys-groceries.co.uk/gol/8134956/1/640x640.jpg,,,https://www.sainsburys.co.uk/gol-ui/product/pol-guyot-selection-champagne-brut-750ml,,2024-08-17T06:08:29.305227-04:00
68-326-DRI,La Vieille Ferme Rosé 75cl,La,Drinks,Special offers,,,£7.00,,£8.50,£7.00 / 75cl,8060408,Rosé Wine,,https://assets.sainsburys-groceries.co.uk/gol/8060408/1/640x640.jpg,,,https://www.sainsburys.co.uk/gol-ui/product/la-vieille-ferme-750ml,,2024-08-17T06:08:48.355380-04:00
68-327-DRI,Campo Viejo Rioja Reserva Red Wine 75cl,Campo,Drinks,Special offers,,,£9.50,,£10.50,£9.50 / 75cl,6262220,Red Wine,,https://assets.sainsburys-groceries.co.uk/gol/6262220/1/640x640.jpg,,,https://www.sainsburys.co.uk/gol-ui/product/campo-viejo-rioja-reserva-75cl,,2024-08-17T06:09:06.686164-04:00
68-328-DRI,Trivento Malbec Reserve 75cl,Trivento,Drinks,Special offers,,,£7.25,,£8.50,£7.25 / 75cl,7953670,Mendoza,,https://assets.sainsburys-groceries.co.uk/gol/7953670/1/640x640.jpg,,,https://www.sainsburys.co.uk/gol-ui/product/trivento-malbec-reserve-75cl-7953670-p,,2024-08-17T06:09:24.216289-04:00
68-329-DRI,The Ned Pinot Grigio 75cl,The,Drinks,Special offers,,,£9.00,,£10.50,£9.00 / 75cl,7472405,,,https://assets.sainsburys-groceries.co.uk/gol/7472405/1/640x640.jpg,,,https://www.sainsburys.co.uk/gol-ui/product/the-ned-pinot-grigio-75cl,,2024-08-17T06:09:47.023975-04:00
68-330-DRI,"Sainsbury's Bordeaux Sauvignon Blanc, Taste the Difference 75cl",Sainsbury's,Drinks,Special offers,,,£7.00,,£8.00,£7.00 / 75cl,7545638,Bordeaux Sauvignon Blanc AOP,,https://assets.sainsburys-groceries.co.uk/gol/7545638/1/640x640.jpg,"Typical Values Per 100ml  per 125ml glass  % based on RI for Average Adult
Energy 69kcal 87kcal 4%
290kJ 362kJ -",,https://www.sainsburys.co.uk/gol-ui/product/sainsburys-bordeaux-sauvignon-blanc--taste-the-difference-75cl,,2024-08-17T06:10:00.948564-04:00
68-331-DRI,"Sainsbury's Cremant d’Alsace, Taste the Difference 75cl",Sainsbury's,Drinks,Champagne & sparkling wine,All champagne & sparkling wine,,£10.00,,£11.50,£10.00 / 75cl,8121557,Brut,,https://assets.sainsburys-groceries.co.uk/gol/8121557/1/640x640.jpg,"per 100ml: Per 125ml glass:
Energy 300kJ/
72kcal 376kJ/
90kcal",,https://www.sainsburys.co.uk/gol-ui/product/sainsburys-cremant-d%E2%80%99alsace-taste-the-difference-75cl,,2024-08-17T06:10:14.273989-04:00
68-332-DRI,"Bollinger Special Cuvee, Non Vintage Champagne 75cl",Bollinger,Drinks,Champagne & sparkling wine,All champagne & sparkling wine,,£58.00,,£39.00,£58.00 / 75cl,2466552,White French Wine,,https://assets.sainsburys-groceries.co.uk/gol/2466552/1/640x640.jpg,,,https://www.sainsburys.co.uk/gol-ui/product/bollinger-special-cuvee-non-vintage-champagne-75cl,,2024-08-17T06:10:31.656089-04:00
68-333-DRI,"Sainsbury's Conegliano Prosecco, Taste the Difference 75cl",Sainsbury's,Drinks,Special offers,,,£9.75,,£8.00,£9.75 / 75cl,6573987,Conegliano,,https://assets.sainsburys-groceries.co.uk/gol/6573987/1/640x640.jpg,"Typical Values Per 100ml  per 125ml glass  % based on RI for Average Adult
Energy 67kcal 84kcal 4%
279kJ 349kJ -",,https://www.sainsburys.co.uk/gol-ui/product/sainsburys-conegliano-prosecco--taste-the-difference-75cl,,2024-08-17T06:10:44.534429-04:00
68-334-DRI,Veuve Clicquot Yellow Label Brut Non Vintage Champagne 75cl,Veuve,Drinks,Champagne & sparkling wine,All champagne & sparkling wine,,£48.00,,£39.00,£48.00 / 75cl,2284071,Champagne - Brut,,https://assets.sainsburys-groceries.co.uk/gol/2284071/1/640x640.jpg,,,https://www.sainsburys.co.uk/gol-ui/product/veuve-clicquot-yellow-label-nv-75cl,,2024-08-17T06:11:01.765452-04:00
68-335-DRI,Edizione 789 Di Mondelli Prosecco 75cl,Edizione,Drinks,Champagne & sparkling wine,All champagne & sparkling wine,,£6.25,,£10.50,£6.25 / 75cl,7800128,Prosecco Denominazione Di Origine Controllata Vino Spumante Extra-dy,,https://assets.sainsburys-groceries.co.uk/gol/7800128/1/640x640.jpg,"Typical Values Per 100ml  A serving contains  % based on RI for Average Adult
Energy 299kJ 374kJ -
72kcal 89kcal 4%",,https://www.sainsburys.co.uk/gol-ui/product/edizione-789-di-mondelli-prosecco-75cl-7800128-p-44,,2024-08-17T06:11:13.875671-04:00
68-336-DRI,Oyster Bay Sauvignon Blanc 75cl,Oyster,Drinks,Special offers,,,£10.75,,£10.75,£10.75 / 75cl,3475751,,,https://assets.sainsburys-groceries.co.uk/gol/3475751/1/640x640.jpg,,,https://www.sainsburys.co.uk/gol-ui/product/oyster-bay-sauvignon-blanc-75cl,,2024-08-17T06:11:36.495173-04:00
68-337-DRI,Champagne Lanson Le Black Création 75cl,Champagne,Drinks,Champagne & sparkling wine,All champagne & sparkling wine,,£43.00,,£39.00,£43.00 / 75cl,2193663,Black Label Champagne,,https://assets.sainsburys-groceries.co.uk/gol/2193663/1/640x640.jpg,,,https://www.sainsburys.co.uk/gol-ui/product/lanson-black-label-brut--non-vintage-75cl,,2024-08-17T06:11:54.142392-04:00
68-338-DRI,Phantom River Sauvignon Blanc 75cl,Phantom,Drinks,Low everyday prices,,,£6.00,,£6.25,£6.00 / 75cl,7628489,Sauvignon Blanc - White Chilean Wine,,https://assets.sainsburys-groceries.co.uk/gol/7628489/1/640x640.jpg,,,https://www.sainsburys.co.uk/gol-ui/product/phantom-river-sauvignon-blanc-75cl,,2024-08-17T06:12:11.457349-04:00
68-339-DRI,"Sainsbury's Pinot Grigio, Taste the Difference 75cl",Sainsbury's,Drinks,Special offers,,,£8.25,,£7.75,£8.25 / 75cl,6377156,Pinot Grigio Trentino,,https://assets.sainsburys-groceries.co.uk/gol/6377156/1/640x640.jpg,"Typical Values Per 100ml  per 125ml glass  % based on RI for Average Adult
Energy 72kcal 91kcal -
304kJ 380kJ -",,https://www.sainsburys.co.uk/gol-ui/product/sainsburys-pinot-grigio--taste-the-difference-75cl,,2024-08-17T06:12:23.849428-04:00
68-340-DRI,"Sainsbury's Sauvignon Blanc, Taste the Difference 75cl",Sainsbury's,Drinks,Discover,Taste the Difference Dine in for £12 (valid for deliveries from 10th April),,£7.50,,£6.50,£7.50 / 75cl,8184559,Sauvignon Blanc,,https://assets.sainsburys-groceries.co.uk/gol/8184559/1/640x640.jpg,"Typical Values per 100ml  per 125ml glass  % based on RI for Average Adult
Energy 64kcal 80kcal 4%
266kJ 333kJ -",,https://www.sainsburys.co.uk/gol-ui/product/sainsburys-sauvignon-blanc-taste-the-difference-75cl-8184559-p-44,,2024-08-17T06:12:36.459575-04:00
68-341-DRI,Clearsprings Sauvignon Blanc 75cl,Clearsprings,Drinks,Low everyday prices,,,£6.00,,£6.50,£6.00 / 75cl,7600175,Sauvignon Blanc,,https://assets.sainsburys-groceries.co.uk/gol/7600175/1/640x640.jpg,,,https://www.sainsburys.co.uk/gol-ui/product/clearsprings-sauvignon-blanc-75cl,,2024-08-17T06:12:54.023989-04:00
68-342-DRI,Barefoot Merlot Red Wine 75cl,Barefoot,Drinks,Special offers,,,£7.00,,£8.00,£7.00 / 75cl,7315652,"Merlot, Red Wine, California",,https://assets.sainsburys-groceries.co.uk/gol/7315652/1/640x640.jpg,,,https://www.sainsburys.co.uk/gol-ui/product/barefoot-merlot-75cl,,2024-08-17T06:13:11.237919-04:00
68-343-DRI,Yellow Tail Shiraz 75cl,Yellow,Drinks,Discover,Curry night,,£7.00,,£7.75,£7.00 / 75cl,6026754,Shiraz,,https://assets.sainsburys-groceries.co.uk/gol/6026754/1/640x640.jpg,,,https://www.sainsburys.co.uk/gol-ui/product/yellow-tail-shiraz-75cl,,2024-08-17T06:13:28.588675-04:00
68-344-DRI,McGuigan Estate Merlot 75cl,McGuigan,Drinks,Wine,Red wine,,£5.50,,£12.00,£5.50 / 75cl,7674396,,,https://assets.sainsburys-groceries.co.uk/gol/7674396/1/640x640.jpg,,,https://www.sainsburys.co.uk/gol-ui/product/mcguigan-estate-merlot-75cl,,2024-08-17T06:13:52.222866-04:00
68-345-DRI,Barefoot Pinot Grigio White Wine 75cl,Barefoot,Drinks,Special offers,,,£7.00,,£8.00,£7.00 / 75cl,7315657,"Pinot Grigio, White Wine, California",,https://assets.sainsburys-groceries.co.uk/gol/7315657/1/640x640.jpg,,,https://www.sainsburys.co.uk/gol-ui/product/barefoot-pinot-grigio-75cl,,2024-08-17T06:14:10.502496-04:00
68-346-DRI,Sainsbury's House Pinot Grigio 75cl,Sainsbury's,Drinks,Vegan,Vegan drinks,,£5.35,,£3.75,£5.35 / 75cl,7253179,Pinot Grigio,,https://assets.sainsburys-groceries.co.uk/gol/7253179/1/640x640.jpg,"Typical Values per 100ml  Per 125ml glass  % based on RI for Average Adult
Energy 285kJ 356kJ -
68kcal 85kcal 4%",,https://www.sainsburys.co.uk/gol-ui/product/sainsburys-house-pinot-grigio-75cl,,2024-08-17T06:14:22.749881-04:00
68-347-DRI,Sainsbury's House Sauvignon Blanc 2.25L,Sainsbury's,Drinks,Wine,All wine,2.25L,£15.00,,£3.75,£5.00 / 75cl,7470429,Sauvignon Blanc,,https://assets.sainsburys-groceries.co.uk/gol/7470429/1/640x640.jpg,"Typical Values per 100ml  per 125ml glass  % based on RI for Average Adult
Energy 265kJ 331kJ -
63kcal 79kcal 4%",,https://www.sainsburys.co.uk/gol-ui/product/sainsburys-house-sauvignon-blanc-225l,,2024-08-17T06:14:35.096114-04:00
68-348-DRI,Lanson Le Rosé 75cl,Lanson,Drinks,Champagne & sparkling wine,All champagne & sparkling wine,,£38.00,,£48.00,£38.00 / 75cl,6015367,Champagne Brut Rosé,,https://assets.sainsburys-groceries.co.uk/gol/6015367/1/640x640.jpg,,,https://www.sainsburys.co.uk/gol-ui/product/lanson-le-ros%C3%A9-75cl,,2024-08-17T06:14:52.570321-04:00
68-349-DRI,Sainsbury's House Pinot Grigio 2.25L,Sainsbury's,Drinks,Wine,All wine,2.25L,£15.50,,£3.75,£5.17 / 75cl,7470270,Pinot Grigio,,https://assets.sainsburys-groceries.co.uk/gol/7470270/1/640x640.jpg,"Typical Values per 100ml  per 125ml glass  % based on RI for Average Adult
Energy 68kcal 85kcal 4%
285kJ 356kJ -",,https://www.sainsburys.co.uk/gol-ui/product/sainsburys-house-pinot-grigio-225l,,2024-08-17T06:15:05.190178-04:00
68-350-DRI,Mondelli Pinot Grigio 75cl,Mondelli,Drinks,Low everyday prices,,,£4.50,,£1.85,£4.50 / 75cl,7795070,Trebbiano Pinot Grigio Rubicone IGT 750 mL,,https://assets.sainsburys-groceries.co.uk/gol/7795070/1/640x640.jpg,"Typical Values per 100 mL  per 125 mL glass  % based on RI for Average Adult
Energy 261kJ 327kJ -
63kcal 78kcal 4%",,https://www.sainsburys.co.uk/gol-ui/product/mondelli-pinot-grigio-75cl-7795070-p-44,,2024-08-17T06:15:17.674573-04:00
68-351-DRI,Sainsbury's Cava Brut 75cl,Sainsbury's,Drinks,Special offers,,,£6.50,,£13.00,£6.50 / 75cl,127523,Cava Brut,,https://assets.sainsburys-groceries.co.uk/gol/127523/1/640x640.jpg,"Typical Values Per 100ml  per 125ml glass  % based on RI for Average Adult
Energy 287kJ 359kJ -
69kcal 86kcal 4%",,https://www.sainsburys.co.uk/gol-ui/product/sainsburys-cava-brut-75cl-127523-p-44,,2024-08-17T06:15:30.085048-04:00
68-352-DRI,McGuigan Black Label Red 75cl,McGuigan,Drinks,Special offers,,,£6.25,,£7.25,£6.25 / 75cl,7885488,,,https://assets.sainsburys-groceries.co.uk/gol/7885488/1/640x640.jpg,,,https://www.sainsburys.co.uk/gol-ui/product/mcguigan-black-label-red-75cl,,2024-08-17T06:15:54.863991-04:00
68-353-DRI,Yellow Tail Chardonnay 75cl,Yellow,Drinks,Special offers,,,£7.75,,£7.75,£7.75 / 75cl,7841467,,,https://assets.sainsburys-groceries.co.uk/gol/7841467/1/640x640.jpg,,,https://www.sainsburys.co.uk/gol-ui/product/yellow-tail-chardonnay-75cl,,2024-08-17T06:16:17.760950-04:00
68-354-DRI,Sainsbury's House Merlot 2.25L,Sainsbury's,Drinks,Wine,All wine,2.25L,£15.00,,£12.00,£5.00 / 75cl,7470233,Merlot,,https://assets.sainsburys-groceries.co.uk/gol/7470233/1/640x640.jpg,"Typical Values per 100ml  per 125ml glass  % based on RI for Average Adult
Energy 269kJ 336kJ -
64kcal 80kcal 4%",,https://www.sainsburys.co.uk/gol-ui/product/sainsburys-house-merlot-225l,,2024-08-17T06:16:30.775988-04:00
68-355-DRI,Sainsbury's House Malbec 75cl,Sainsbury's,Drinks,Vegan,All vegan,,£4.59,,£12.00,£4.59 / 75cl,7791739,Malbec,,https://assets.sainsburys-groceries.co.uk/gol/7791739/1/640x640.jpg,"Typical Values per 100ml  Per 125ml glass  % based on RI for Average Adult
Energy 274kJ 343kJ -
66kcal 82kcal 4%",,https://www.sainsburys.co.uk/gol-ui/product/sainsburys-house-malbec-75cl,,2024-08-17T06:16:42.999409-04:00
68-356-DRI,Hardys VR Sauvignon Blanc White Wine 75cl,Hardys,Drinks,Wine,All wine,,£5.75,,£7.00,£5.75 / 75cl,8093408,Sauvignon Blanc White Wine,,https://assets.sainsburys-groceries.co.uk/gol/8093408/1/640x640.jpg,"per 100ml: per 125ml glass:
Energy 295kJ/
71kcal 368kJ/
89kcal
Bottle contains 6 glasses",,https://www.sainsburys.co.uk/gol-ui/product/hardys-vr-sauvignon-blanc-750ml,,2024-08-17T06:16:56.286921-04:00
68-357-DRI,Campo Viejo Rioja Tempranillo Red Wine 75cl,Campo,Drinks,Special offers,,,£8.75,,£8.75,£8.75 / 75cl,3495896,Red wine,,https://assets.sainsburys-groceries.co.uk/gol/3495896/1/640x640.jpg,,,https://www.sainsburys.co.uk/gol-ui/product/campo-viejo-rioja-tempranillo-75cl,,2024-08-17T06:17:13.603104-04:00
68-358-DRI,Bouchard Aine Et Fils Pinot Noir 75cl,Bouchard,Drinks,Special offers,,,£7.25,,£8.50,£7.25 / 75cl,6498832,,,https://assets.sainsburys-groceries.co.uk/gol/6498832/1/640x640.jpg,,,https://www.sainsburys.co.uk/gol-ui/product/bouchard-aine-et-fils-pinot-noir-75cl,,2024-08-17T06:17:36.203423-04:00
68-359-DRI,Porta 6 Vinho Regional Lisboa 750ml,Porta,Drinks,Special offers,,750ML,£7.00,,£8.25,£7.00 / 75cl,7983939,Red Wine,,https://assets.sainsburys-groceries.co.uk/gol/7983939/1/640x640.jpg,,,https://www.sainsburys.co.uk/gol-ui/product/porta-6-vinho-regional-lisboa-750ml,,2024-08-17T06:17:53.754003-04:00
68-360-DRI,Freixenet Prosecco 75cl,Freixenet,Drinks,Champagne & sparkling wine,All champagne & sparkling wine,,£9.00,,£12.00,£9.00 / 75cl,7874512,Prosecco - White Sparkling Italian Wine,,https://assets.sainsburys-groceries.co.uk/gol/7874512/1/640x640.jpg,,,https://www.sainsburys.co.uk/gol-ui/product/freixenet-prosecco-75cl,,2024-08-17T06:18:11.166934-04:00
68-361-DRI,"Sainsbury's Grenache Rosé, Taste the Difference 75cl",Sainsbury's,Drinks,Discover,Taste the Difference Dine in for £12 (valid for deliveries from 10th April),,£7.50,,,£7.50 / 75cl,8185174,,,https://assets.sainsburys-groceries.co.uk/gol/8185174/1/640x640.jpg,"per 100ml: Per 125ml glass:
Energy 271kJ/
65kcal 338kJ/
81kcal",,https://www.sainsburys.co.uk/gol-ui/product/sainsburys-grenache-ros%C3%A9-taste-the-difference-75cl,,2024-08-17T06:18:33.654648-04:00
68-362-DRI,Casillero Del Diablo Cabernet Sauvignon 75cl,Casillero,Drinks,Special offers,,,£7.00,,£8.00,£7.00 / 75cl,2905129,,,https://assets.sainsburys-groceries.co.uk/gol/2905129/1/640x640.jpg,,,https://www.sainsburys.co.uk/gol-ui/product/casillero-del-diablo-cabernet-sauvignon-75cl,,2024-08-17T06:18:56.117639-04:00
68-363-DRI,Mud House New Zealand Marlborough Sauvignon Blanc White Wine 75cl,Mud,Drinks,Special offers,,,£10.00,,£10.50,£10.00 / 75cl,8132408,New Zealand Marlborough Sauvignon Blanc White Wine,,https://assets.sainsburys-groceries.co.uk/gol/8132408/1/640x640.jpg,,,https://www.sainsburys.co.uk/gol-ui/product/mud-house-marlborough-sauvignon-blanc-750ml,,2024-08-17T06:19:15.517602-04:00
68-364-DRI,Valdo Prosecco Marca Oro 75cl,Valdo,Drinks,Champagne & sparkling wine,All champagne & sparkling wine,,£7.50,,£8.75,£7.50 / 75cl,6002133,Prosecco - Extra Dry Sparkling Italian Wine,,https://assets.sainsburys-groceries.co.uk/gol/6002133/1/640x640.jpg,,,https://www.sainsburys.co.uk/gol-ui/product/valdo-prosecco-marca-oro-75cl,,2024-08-17T06:19:32.699179-04:00
68-365-DRI,19 Crimes Red Wine 75cl,19,Drinks,Special offers,,,£8.00,,£9.50,£8.00 / 75cl,8008354,,,https://assets.sainsburys-groceries.co.uk/gol/8008354/1/640x640.jpg,"per 100mL
Energy 346 kJ /
83 kcal",,https://www.sainsburys.co.uk/gol-ui/product/19-crimes-red-wine-75cl,,2024-08-17T06:19:50.614142-04:00
68-366-DRI,"Croft Original Sherry, Original 1L",Croft,Drinks,Special offers,,1L,£14.75,,£12.50,£11.06 / 75cl,2155876,,,https://assets.sainsburys-groceries.co.uk/gol/2155876/1/640x640.jpg,,,https://www.sainsburys.co.uk/gol-ui/product/croft-original-sherry--original-1l,,2024-08-17T06:20:13.866257-04:00
68-367-DRI,Yellow Tail Pinot Grigio 75cl,Yellow,Drinks,Special offers,,,£7.00,,£7.75,£7.00 / 75cl,7880644,,,https://assets.sainsburys-groceries.co.uk/gol/7880644/1/640x640.jpg,,,https://www.sainsburys.co.uk/gol-ui/product/yellow-tail-pinot-grigio-75cl-7880644-p-44,,2024-08-17T06:20:36.467762-04:00
68-368-DRI,Sainsbury's House Pinot Grigio Blush 2.25L,Sainsbury's,Drinks,Wine,All wine,2.25L,£16.00,,£3.75,£5.33 / 75cl,7470304,Pinot Grigio Rose,,https://assets.sainsburys-groceries.co.uk/gol/7470304/1/640x640.jpg,"Typical Values Per 100ml  per 125ml glass  % based on RI for Average Adult
Energy 66kcal 83kcal -
276kJ 345kJ -",,https://www.sainsburys.co.uk/gol-ui/product/sainsburys-house-pinot-grigio-blush-225l,,2024-08-17T06:20:48.836286-04:00
68-369-DRI,Hardys VR Pinot Grigio White Wine 75cl,Hardys,Drinks,Wine,All wine,,£5.75,,£7.25,£5.75 / 75cl,8093406,Pinot Grigio White Wine,,https://assets.sainsburys-groceries.co.uk/gol/8093406/1/640x640.jpg,"per 100ml: per 125ml glass:
Energy 288kJ/
69kcal 360kJ/
87kcal
Bottle contains 6 glasses",,https://www.sainsburys.co.uk/gol-ui/product/hardys-vr-pinot-grigio-750ml,,2024-08-17T06:21:00.953166-04:00
68-370-DRI,Moët & Chandon Brut Imperial Champagne 75cl,Moët,Drinks,Champagne & sparkling wine,All champagne & sparkling wine,,£37.00,,£44.00,£37.00 / 75cl,2038391,Champagne - Brut,,https://assets.sainsburys-groceries.co.uk/gol/2038391/1/640x640.jpg,,,https://www.sainsburys.co.uk/gol-ui/product/mo%C3%ABt-chandon-imp%C3%A9rial-brut-non-vintage-champagne-75cl,,2024-08-17T06:21:18.601963-04:00
68-371-DRI,Mondelli 789 Pinot Grigio 75cl,Mondelli,Drinks,Special offers,,,£6.00,,£1.85,£6.00 / 75cl,7795126,Catarratto Pinot Grigio Terre Siciliane,,https://assets.sainsburys-groceries.co.uk/gol/7795126/1/640x640.jpg,"Typical Values Per 100ml  Per 125ml glass  % based on RI for Average Adult
Energy 272kJ 340kJ -
65kcal 81kcal 4%",,https://www.sainsburys.co.uk/gol-ui/product/mondelli-789-pinot-grigio-75cl,,2024-08-17T06:21:31.112401-04:00
68-372-DRI,"Sainsbury's Pinot Grigio Dolomiti Blush, Taste the Difference 75cl",Sainsbury's,Drinks,Special offers,,,£7.00,,£8.00,£7.00 / 75cl,7831277,,,https://assets.sainsburys-groceries.co.uk/gol/7831277/1/640x640.jpg,,,https://www.sainsburys.co.uk/gol-ui/product/sainsburys-pg-igt-dolomiti-blush--taste-the-difference-75cl,,2024-08-17T06:21:53.847412-04:00
68-373-DRI,McGuigan Black Label Pinot Grigio 75cl,McGuigan,Drinks,Special offers,,,£6.25,,£7.25,£6.25 / 75cl,7994783,Pinot Grigio,,https://assets.sainsburys-groceries.co.uk/gol/7994783/1/640x640.jpg,,,https://www.sainsburys.co.uk/gol-ui/product/mcguigan-black-label-pinot-grigio-75cl,,2024-08-17T06:22:11.944194-04:00
68-374-DRI,Barefoot Malbec Red Wine 75cl,Barefoot,Drinks,Special offers,,,£8.00,,£8.00,£8.00 / 75cl,7798865,"Malbec, Red Wine, California",,https://assets.sainsburys-groceries.co.uk/gol/7798865/1/640x640.jpg,,,https://www.sainsburys.co.uk/gol-ui/product/barefoot-malbec-75cl,,2024-08-17T06:22:29.660338-04:00
68-375-DRI,Sainsbury's House Chardonnay 225cl,Sainsbury's,Drinks,Wine,All wine,,£15.00,,£3.75,£5.00 / 75cl,7470167,Chardonnay,,https://assets.sainsburys-groceries.co.uk/gol/7470167/1/640x640.jpg,"Typical Values per 100ml  per 125ml glass  % based on RI for Average Adult
Energy 265kJ 331kJ -
63kcal 79kcal 4%",,https://www.sainsburys.co.uk/gol-ui/product/sainsburys-house-chardonnay-225l,,2024-08-17T06:22:41.842619-04:00
68-376-DRI,Camino Del Angel Merlot 75cl,Camino,Drinks,Discover,Taste the Difference Dine in for £12 (valid for deliveries from 10th April),,£6.25,,£8.00,£6.25 / 75cl,7825577,Merlot,,https://assets.sainsburys-groceries.co.uk/gol/7825577/1/640x640.jpg,"Typical Values per 100ml  per 125ml glass  % based on RI for Average Adult
Energy 64kcal 80kcal 5%
268kJ 335kJ -",,https://www.sainsburys.co.uk/gol-ui/product/camino-del-angel-merlot-75cl,,2024-08-17T06:22:55.047202-04:00
68-377-DRI,Moët & Chandon Brut Imperial Rose Champagne 75cl,Moët,Drinks,Champagne & sparkling wine,All champagne & sparkling wine,,£50.00,,£44.00,£50.00 / 75cl,3892374,Brut,,https://assets.sainsburys-groceries.co.uk/gol/3892374/1/640x640.jpg,,,https://www.sainsburys.co.uk/gol-ui/product/mo%C3%ABt-chandon-imp%C3%A9rial-ros%C3%A9-non-vintage-champagne-75cl,,2024-08-17T06:23:12.327027-04:00
68-379-DRI,McGuigan Estate South Australian Shiraz 75cl,McGuigan,Drinks,Wine,Red wine,,£5.50,,£7.00,£5.50 / 75cl,6320605,Shiraz,,https://assets.sainsburys-groceries.co.uk/gol/6320605/1/640x640.jpg,,,https://www.sainsburys.co.uk/gol-ui/product/mcguigan-estate-south-australian-shiraz-75cl,,2024-08-17T06:23:37.329899-04:00
68-380-DRI,Gordon's Alc Free Prm Pink Dist Gin 70cl,Gordon's,Drinks,Low & no alcohol,All low & no alcohol,,£15.00,,£12.00,£21.43 / ltr,8110755,"ABOUT - Gordon's Premium Pink 0.0% Alcohol Free Gin offers the same delicious taste of Gordon's Premium Pink Gin but without the alcohol. Infused with the sweetness of ripe raspberries and strawberries, this non-alcoholic alternative to gin is perfect for those looking for the taste of gin with none of the alcohol.",,https://assets.sainsburys-groceries.co.uk/gol/8110755/1/640x640.jpg,,,https://www.sainsburys.co.uk/gol-ui/product/gordon%E2%80%99s-premium-pink-00-alcohol-free-spirit,,2024-08-17T06:23:55.481059-04:00
68-381-DRI,Heineken 0.0 Alcohol Free Lager Beer 12x330ml,Heineken,Drinks,Low & no alcohol,All low & no alcohol,330ML,£10.00,12 for £10.00,£4.25,£2.53 / ltr,7985395,Alcohol Free Beer with Natural Flavourings,,https://assets.sainsburys-groceries.co.uk/gol/7985395/1/640x640.jpg,"Per 100 ml:
Energy 89 kJ/
21 kcal
Fat 0 g
- Of which Saturates 0 g
Carbohydrate 4.8 g
-Of which Sugars 1.3 g
Protein 0 g
Salt <0.01 g","Water, Malted Barley, Hop Extract, Natural Flavourings",https://www.sainsburys.co.uk/gol-ui/product/heineken-00-alcohol-free-beer-12x330ml,12 x 12x330ml,2024-08-17T06:24:03.412463-04:00
68-382-DRI,Heineken Alcohol Free Lager 6x330ml,Heineken,Drinks,Low & no alcohol,All low & no alcohol,330ML,£4.75,6 for £4.75,£4.25,£2.40 / ltr,7855530,Alcohol Free Beer with Natural Flavourings,,https://assets.sainsburys-groceries.co.uk/gol/7855530/1/640x640.jpg,"Per 100 ml:
Energy 89 kJ/
21 kcal
Fat 0.0 g
- Of which Saturates 0.0 g
Carbohydrate 4.8 g
- Of which Sugars 1.3 g
Protein 0.0 g
Salt <0.01 g","Water, Malted Barley, Hop Extract, Natural Flavourings",https://www.sainsburys.co.uk/gol-ui/product/heineken-00-alcohol-free-lager-6x330ml,6 x 6x330ml,2024-08-17T06:24:11.267202-04:00
68-383-DRI,Peroni Nastro Azzurro 0.0% Alcohol Free Beer Lager Bottles 4x330ml,Peroni,Drinks,Low & no alcohol,All low & no alcohol,330ML,£5.50,4 for £5.50,£4.25,£4.17 / ltr,7962162,Beer,,https://assets.sainsburys-groceries.co.uk/gol/7962162/1/640x640.jpg,"(per 100ml)
kJ 99
kcal 23
Fat 0g
of which Saturates 0g
Carbohydrates 5.6g
of which Sugars 0.8g
Protein 0.2g
Salt 0g","Water, Barley Malt, Italian Maize, Hops, Natural Flavours",https://www.sainsburys.co.uk/gol-ui/product/peroni-libera-4x330ml,4 x 4x330ml,2024-08-17T06:24:18.370766-04:00
68-384-DRI,Guinness Alcohol Free 0.0% Stout Beer Cans 4x440ml,Guinness,Drinks,Low & no alcohol,All low & no alcohol,440ML,£5.00,4 for £5.00,£1.40,£2.84 / ltr,8044320,"UNIQUE FEATURES/AWARDS - Now without alcohol, Guinness 0.0 is the iconic, best-selling stout beer, with groundbreaking innovation right at its ruby-red heart.""",,https://assets.sainsburys-groceries.co.uk/gol/8044320/1/640x640.jpg,,,https://www.sainsburys.co.uk/gol-ui/product/guinness-00-4x440ml,4 x 4x440ml,2024-08-17T06:24:36.094398-04:00
68-385-DRI,Lucky Saint Alcohol Free Lager 4x330ml,Lucky,Drinks,Low & no alcohol,All low & no alcohol,330ML,£6.00,4 for £6.00,£5.00,£4.55 / ltr,8133312,Calories 53 kcal,,https://assets.sainsburys-groceries.co.uk/gol/8133312/1/640x640.jpg,"Per 100ml:
Energy 16kcal/
70kJ
Fat <0.1g
Of which Saturates <0.1g
Carbohydrates 3.5g
Of which Sugars 0.1g
Protein 0.6g
Salt <0.01g","Water, Barley, Yeast, Hops",https://www.sainsburys.co.uk/gol-ui/product/lucky-saint-alcohol-free-lager-4x330ml,4 x 4x330ml,2024-08-17T06:24:43.474646-04:00
68-386-DRI,Erdinger Alkoholfrei Alcohol Free Wheat Beer 500ml,Erdinger,Drinks,Low & no alcohol,All low & no alcohol,500ML,£1.75,,£1.40,£3.50 / ltr,7455480,Alcohol Free Wheat Beer,,https://assets.sainsburys-groceries.co.uk/gol/7455480/1/640x640.jpg,"(Average content) 100 ml (Average content) 500 ml = 1 Portion
Energy value 107 kJ/
25 kcal 535 kJ/
125 kcal
Carbohydrates 5.3 g 26.5 g
- of which sugars 3.6 g 18.0 g
Polyphenols 30 mg 150 mg
Contains negligible amounts of fat, saturated fatty acids, protein, salt
*Reference intake of an average adult (8400 kJ/2000 kcal)","Water, Wheat Malt, Barley Malt, Hops, Yeast, Carbon Dioxide",https://www.sainsburys.co.uk/gol-ui/product/erdinger-low-alc-500ml,,2024-08-17T06:24:51.891602-04:00
68-387-DRI,Beck's Blue Alcohol Free Beer Bottles x6 275ml,Beck's,Drinks,Beer & cider,All beer,275ML,£4.00,,£5.00,£2.42 / ltr,3765449,Beer,,https://assets.sainsburys-groceries.co.uk/gol/3765449/1/640x640.jpg,"Per 100ml
Energy Value kJ & Kcal 60 kJ /
14 Kcal
Fat 0
Saturates 0
Carbohydrate 3.1G
of which Sugars 0.2G
Protein 0.3G
Salt <0.01 G","Water, Malted Barley, Hops, Yeast",https://www.sainsburys.co.uk/gol-ui/product/becks-blue-alcohol-free-beer-bottles-x6-275ml,,2024-08-17T06:25:00.105048-04:00
68-388-DRI,Guinness Draught 0.0% Non Alcoholic Beer 10x440ml,Guinness,Drinks,Low & no alcohol,All low & no alcohol,440ML,£12.00,10 for £12.00,£4.00,£2.73 / ltr,8160472,"ABOUT - Guinness Draught 0.0% Non-Alcoholic Beer is a non-alcoholic beer with the same beautifully smooth taste, perfectly balanced flavour and unique dark colour of Guinness, just without the alcohol.",,https://assets.sainsburys-groceries.co.uk/gol/8160472/1/640x640.jpg,,"Water, malted barley, barley, roast barley, fructose, natural flavourings, carbon dioxide, nitrogen and hops.",https://www.sainsburys.co.uk/gol-ui/product/guinness-draught-00-non-alcoholic-beer-10x440ml,10 x 10x440ml,2024-08-17T06:25:12.676780-04:00
68-389-DRI,BrewDog Punk AF Alcohol Free IPA 4x330ml,BrewDog,Drinks,Low & no alcohol,All low & no alcohol,330ML,£5.00,4 for £5.00,£5.00,£3.79 / ltr,8001997,Alcohol Free Beer.,,https://assets.sainsburys-groceries.co.uk/gol/8001997/1/640x640.jpg,"Per 100ml
Energy (kJ/kcal) 63/
15
Fat <0.1g
(Of which Saturates) <0.1g
Carbohydrates 3.0g
(Of which Sugars) 1.8g
Protein 0.1g
Salt <0.1g","Water, Lactose (Milk), Malted Barley, Hops, Yeast, Malted Oats, Malted Wheat, Lactic Acid",https://www.sainsburys.co.uk/gol-ui/product/brewdog-punk-af-alcohol-free-ipa-4x330ml-8001997-p-44,4 x 4x330ml,2024-08-17T06:25:20.985142-04:00
68-390-DRI,Nozeco 75cl,Nozeco,Drinks,Low & no alcohol,All low & no alcohol,,£3.00,,£3.50,£3.00 / 75cl,7903703,Aerated Flavoured Drink Based On De-Alcoholised Wine,,https://assets.sainsburys-groceries.co.uk/gol/7903703/1/640x640.jpg,"Per 100ml
Energy 84kJ/
20kcal
Fat <0,5g
Including Saturates <0,1g
Carbohydrates 5,0g
Of which Sugar 5,0g
Fibre 0,0g
Protein <0,5g
Salt <0,01g","De-Alcoholised Wine (EU), Sugar, Carbon Dioxyde, Acidifier: Citric Acid, Natural Flavouring, Preservatives: Potassium Sorbate & Potassium Bisulfite (Sulphites)",https://www.sainsburys.co.uk/gol-ui/product/nosecco-alcohol-free-sparkling-wine-75cl,,2024-08-17T06:25:28.170959-04:00
68-391-DRI,Corona Cero Alcohol Free Beer 12x330ml,Corona,Drinks,Low & no alcohol,All low & no alcohol,330ML,£12.00,12 for £12.00,£4.00,£3.03 / ltr,8159374,Alcohol Free Beer,,https://assets.sainsburys-groceries.co.uk/gol/8159374/1/640x640.jpg,"per 100 ml per 330 ml
Energy 71 kJ /
17 kcal 235 kJ /
56 kcal
Fat 0 g 0 g
of which saturates 0 g 0 g
Carbohydrate 3.9 g 12.8 g
of which sugars 0.7 g 2.1 g
Protein 0.4 g 1.3 g
Salt 0 g 0.02 g","Water, Barley Malt, Maize, Sugar, Hops, Natural Flavours",https://www.sainsburys.co.uk/gol-ui/product/corona-cero-alcohol-free-beer-12x330ml,12 x 12x330ml,2024-08-17T06:25:36.167510-04:00
68-392-DRI,Thatchers Zero 0.0% Alcohol Free Cider 500ml,Thatchers,Drinks,Low & no alcohol,All low & no alcohol,500ML,£2.00,,£1.40,£4.00 / ltr,8022061,Alcohol Free Cider,,https://assets.sainsburys-groceries.co.uk/gol/8022061/1/640x640.jpg,,,https://www.sainsburys.co.uk/gol-ui/product/thatchers-zero-somerset-cider-500ml,,2024-08-17T06:25:53.826426-04:00
68-393-DRI,Peroni Nastro Azzurro 0.0% Alcohol Free Beer 12x330ml,Peroni,Drinks,Low & no alcohol,All low & no alcohol,330ML,£12.00,12 for £12.00,£4.00,£3.03 / ltr,8159379,Beer,,https://assets.sainsburys-groceries.co.uk/gol/8159379/1/640x640.jpg,"(per 100ml)
kJ 99
kcal 23
Fat 0g
of which Saturates 0g
Carbohydrate 5.6g
of which Sugars 0.8g
Protein 0.2g
Salt 0g","Water, Barley Malt, Italian Maize, Hops, Natural Flavours",https://www.sainsburys.co.uk/gol-ui/product/peroni-nastro-azzurro-00-alcohol-free-beer-12x330ml,12 x 12x330ml,2024-08-17T06:26:02.776125-04:00
68-394-DRI,Free Damm Non-Alcoholic Lager Beer 4x330ml,Free,Drinks,Beer & cider,All beer,330ML,£4.00,4 for £4.00,£3.50,£3.03 / ltr,8110753,Non-Alcoholic Beer,,https://assets.sainsburys-groceries.co.uk/gol/8110753/1/640x640.jpg,"For 100ml
Energy Value: 85kJ /
20kcal
Fat: 0,0g
Of which Saturates: 0,0g
Carbohydrate: 4,7g
Of which Sugars: 1,7g
Protein: 0,2g
Salt: <0,01g","Water, Barley Malt (8%), Maize, Glucose-Fructose Syrup, Rice, Hops",https://www.sainsburys.co.uk/gol-ui/product/free-damm-non-alcoholic-lager-beer-4x330ml,4 x 4x330ml,2024-08-17T06:26:09.759848-04:00
68-395-DRI,BrewDog Alcohol Free Mixed Pack 8x330ml,BrewDog,Drinks,Low & no alcohol,All low & no alcohol,330ML,£10.00,8 for £10.00,£7.00,£3.79 / ltr,8113230,United We Stand for Better Beer,,https://assets.sainsburys-groceries.co.uk/gol/8113230/1/640x640.jpg,"Per 100ml
Energy (kJ/kcal) 56/
13
Fat 0.1g
(Of which Saturates) 0.1g
Carbohydrates 2.6g
(Of which Sugars) 2.0g
Protein 0.1g
Salt <0.1g","Water, Lactose (Milk), Mated Barley, Hops, Yeast, Malted Oats, Lactic Acid",https://www.sainsburys.co.uk/gol-ui/product/brewdog-alcohol-free-mixed-pack-8x330ml,8 x 8x330ml,2024-08-17T06:26:17.081347-04:00
68-396-DRI,San Miguel Alcohol Free Lager Beer 4x330ml Bottles,San,Drinks,Low & no alcohol,All low & no alcohol,330ML,£4.25,4 for £4.25,£1.85,£3.22 / ltr,8133299,24 Calories per 100ml,,https://assets.sainsburys-groceries.co.uk/gol/8133299/1/640x640.jpg,"Per 100ml:
Energy 102kJ/
24kcal
Fat 0g
Of Which Saturates 0g
Carbohydrate 5.6g
Of Which Sugars 1.7g
Protein 0.3g
Salt 0.01g","Water, Barley Malt, Carbon Dioxide, Hops, Flavourings",https://www.sainsburys.co.uk/gol-ui/product/san-miguel-alcohol-free-lager-beer-4x330ml-bottles,4 x 4x330ml,2024-08-17T06:26:24.390914-04:00
68-397-DRI,Stella Artois Premium Alcohol Free Lager Beer Bottles 4x330ml,Stella,Drinks,Low & no alcohol,All low & no alcohol,330ML,£3.50,4 for £3.50,£4.25,£2.65 / ltr,8020161,Premium Alcohol Free Lager Beer,,https://assets.sainsburys-groceries.co.uk/gol/8020161/1/640x640.jpg,"per 100 ml per 330 ml
Energy 76 kJ/
18 kcal 251 kJ/
60 kcal
Fat 0 g 0 g
Of which saturates 0 g 0 g
Carbohydrate 4.2 g 13.9 g
Of which sugars 0.8 g 2.6 g
Protein 0.3 g 1.1 g
Salt <0.1 g <0.1 g","Water, Malted Barley, Hops, Sugar, Natural Flavours",https://www.sainsburys.co.uk/gol-ui/product/stella-artois-alcohol-free-lager-4x330ml,4 x 4x330ml,2024-08-17T06:26:32.218726-04:00
68-398-DRI,Kopparberg Mixed Fruit Alcohol Free Cider 500ml,Kopparberg,Drinks,Low & no alcohol,All low & no alcohol,500ML,£1.50,,£1.40,£3.00 / ltr,7638757,Genuine Swedish Apple Cider with A Taste of Raspberry & Blackcurrant,,https://assets.sainsburys-groceries.co.uk/gol/7638757/1/640x640.jpg,,"Carbonated Water, Fermented Apples, Juice (Apple, Blackcurrant, Elderberry, Raspberry), Sugar, Acidifier (Citric Acid), Flavouring, Preservative (Potassium Sorbate)",https://www.sainsburys.co.uk/gol-ui/product/kopparberg-mixed-fruit-alcohol-free-cider-500ml,,2024-08-17T06:26:44.785405-04:00
68-399-DRI,Sainsbury's Alcohol Free White 75cl,Sainsbury's,Drinks,Low & no alcohol,All low & no alcohol,,£3.25,,£3.50,£3.25 / 75cl,346436,Aromatised Alcohol-Free Wine Based Drink,,https://assets.sainsburys-groceries.co.uk/gol/346436/1/640x640.jpg,"Typical Values Per 100ml  Per 125ml glass  % based on RI for Average Adult
Energy 103kJ 128kJ -
25kcal 31kcal 2%",,https://www.sainsburys.co.uk/gol-ui/product/sainsburys-alcohol-free-white-wine-75cl,,2024-08-17T06:26:57.377274-04:00
68-400-DRI,Sainsbury's Medium Dry Low Alcohol Apple Cider 500ml,Sainsbury's,Drinks,Low & no alcohol,All low & no alcohol,500ML,£1.70,,£1.40,£3.40 / ltr,6324875,Low Alcohol Cider 0.9%,,https://assets.sainsburys-groceries.co.uk/gol/6324875/1/640x640.jpg,"Typical Values per 100ml  A serving contains  % based on RI for Average Adult
Energy 128kJ 320kJ -
30kcal 75kcal 4%",,https://www.sainsburys.co.uk/gol-ui/product/sainsburys-medium-dry-low-alcohol-apple-cider-500ml,,2024-08-17T06:27:09.987542-04:00
68-401-DRI,Ghost Ship 0.5% 500ml,Ghost,Drinks,Low & no alcohol,All low & no alcohol,500ML,£1.60,,£1.40,£3.20 / ltr,8044316,Beer,,https://assets.sainsburys-groceries.co.uk/gol/8044316/1/640x640.jpg,"Per 100ml
Energy 47kJ /
12kcal
Fat <0.5g
of which saturates <0.1g
Carbohydrate 2.7g
of which sugars 0.1g
Protein 0.3g
Salt <0.1g",,https://www.sainsburys.co.uk/gol-ui/product/ghost-ship-05-500ml,,2024-08-17T06:27:22.550045-04:00
68-402-DRI,Kopparberg Pear Alcohol Free 500ml,Kopparberg,Drinks,Low & no alcohol,All low & no alcohol,500ML,£1.50,,£1.40,£3.00 / ltr,7452358,Alcohol-Free Pear Cider.,,https://assets.sainsburys-groceries.co.uk/gol/7452358/1/640x640.jpg,"Per 100 ml
Energy: 180 KJ/
42 kcal
Fat: < 0.5 g
Of which Saturates: < 0.5 g
Carbohydrate: 10.2 g
Of which Sugars: 10.2 g
Protein: < 0.5 g
Salt: < 0.01 g","Carbonated Water, Fermented Pears, Pear Juice, Sugar, Acidifier (Citric Acid), Flavouring, Preservative (Potassium Sorbate), Antioxidant (E224/Sulphites), Alc. not more than 0.05% Vol.",https://www.sainsburys.co.uk/gol-ui/product/kopparberg-pear-alcohol-free-cider-500ml,,2024-08-17T06:27:30.513881-04:00
68-403-DRI,Sainsbury's Alcohol Free Rosé 75cl,Sainsbury's,Drinks,Low & no alcohol,All low & no alcohol,,£3.25,,£12.50,£3.25 / 75cl,6571665,Aromatised Alcohol-Free Wine Based Drink,,https://assets.sainsburys-groceries.co.uk/gol/6571665/1/640x640.jpg,"Typical Values Per 100ml  Per 125ml glass  % based on RI for Average Adult
Energy 110kJ 138kJ -
26kcal 33kcal 2%",,https://www.sainsburys.co.uk/gol-ui/product/sainsburys-alcohol-free-ros%C3%A9-75cl,,2024-08-17T06:27:43.665867-04:00
68-405-DRI,Infinite Session Alcohol Free IPA 4x330ml,Infinite,Drinks,Low & no alcohol,All low & no alcohol,330ML,£4.25,4 for £4.25,£3.25,£3.22 / ltr,7962659,35 Cals per can,,https://assets.sainsburys-groceries.co.uk/gol/7962659/1/640x640.jpg,"Per 100mL
Energy 43kJ 10kCal
Protein 0.2g
Fat 0g
Carbohydrate 1.6g
- Sugars 0.4g
Sodium <0.01g","Malted Barley, Wheat, Oats, Hops, Yeast, Hops: Citra, Amarillo, Centennial",https://www.sainsburys.co.uk/gol-ui/product/infinite-session-ipa-4x330ml,4 x 4x330ml,2024-08-17T06:27:58.499203-04:00
68-406-DRI,Kopparberg Alcohol Free Premium Cider with Strawberry & Lime 4x330ml,Kopparberg,Drinks,Beer & cider,All beer,330ML,£3.75,4 for £3.75,£3.00,£2.84 / ltr,8113844,Alcohol-Free Apple Cider with a Taste of Strawberry & Lime.,,https://assets.sainsburys-groceries.co.uk/gol/8113844/1/640x640.jpg,,,https://www.sainsburys.co.uk/gol-ui/product/kopparberg-premium-cider-with-strawberry-lime-4x330ml,4 x 4x330ml,2024-08-17T06:28:16.049675-04:00
68-408-DRI,McGuigan Zero Sauvignon Blanc Alcohol Free 75cl,McGuigan,Drinks,Low & no alcohol,All low & no alcohol,,£4.00,,,£4.00 / 75cl,8019709,Sauvignon Blanc,,https://assets.sainsburys-groceries.co.uk/gol/8019709/1/640x640.jpg,"Per 100ml
Energy 100kJ /
24kcal
Fat <0.2g
- Of which saturates <0.1g
Carbohydrate 6g
- Of which Sugars 4.2g
Protein 0.2g
Salt 13mg","De-Alcoholised Wine (95%), Grape Juice Concentrate, Acid (E330), Preservatives (E220, E224), Antioxidant (E300), Thickener (E414)",https://www.sainsburys.co.uk/gol-ui/product/mcguigan-zero-sauvignon-blanc-alcohol-free-wine-75cl,,2024-08-17T06:28:35.563293-04:00
68-409-DRI,Doom Bar Zero Alcohol Free Amber Ale 500ml,Doom,Drinks,Low & no alcohol,All low & no alcohol,500ML,£2.00,,£1.40,£4.00 / ltr,8021875,A balanced & moreish amber ale.,,https://assets.sainsburys-groceries.co.uk/gol/8021875/1/640x640.jpg,"Per 100ml:
Energy 56kJ
13kcal
Fat 0.1 g
of which saturates 0.1 g
Carbohydrate 3.2 g
of which sugars 1.1 g
Protein 0.1 g
Salt <0.1 g","Water, Malted Barley, Sugar, Oats, Hops and Hop Extracts, Antioxidant: Ascorbic Acid, Natural Flavours",https://www.sainsburys.co.uk/gol-ui/product/doom-bar-zero-alcohol-free-amber-ale-500ml,,2024-08-17T06:28:42.345356-04:00
68-410-DRI,"Nozeco Alcohol Free Rosé Fine Sparkling, Special Edition 75cl",Nozeco,Drinks,Low & no alcohol,All low & no alcohol,,£3.00,,£3.50,£3.00 / 75cl,8019814,Aerated Flavoured Drink Based on De-Alcoholised Wine,,https://assets.sainsburys-groceries.co.uk/gol/8019814/1/640x640.jpg,"Per 100ml
Energy 84kJ/
20kcal
Fat <0,5g
Including Saturates <0,1g
Carbohydrates 5,0g
Of which Sugar 5,0g
Fibre 0,0g
Protein <0,5g
Salt <0,01g","De-Alcoholised Wine (EU), Sugar, Carbon Dioxyde, Natural Flavourings, Acidifier: Citric Acid, Preservatives: Potassium Sorbate & Potassium Bisulfite (Sulphites), Colour: Anthocyanins",https://www.sainsburys.co.uk/gol-ui/product/nosecco-ros%C3%A9-spumante-da-angelo-taurini-75cl,,2024-08-17T06:28:49.635687-04:00
68-411-DRI,Freixenet 0.0% Alcohol Free Sparkling Rosé 75cl,Freixenet,Drinks,Low & no alcohol,All low & no alcohol,,£5.00,,£1.85,£5.00 / 75cl,8002334,Sparkling Drink Based on De-Alcoholised Wine,,https://assets.sainsburys-groceries.co.uk/gol/8002334/1/640x640.jpg,"100 ml contain:
Energy 80 kJ /
19 kcal
Fat 0 g
of which saturate 0 g
Carbohydrate 4,3 g
of which sugars 3,8 g
Protein 0 g
Salt 0,01 g","Alcohol Free Wine from EU (90%), Rectified Concentrated Grape Must, Carbon Dioxide, Antioxidant: Sulphur Dioxide, Preservatives: Potassium Sorbate, Dimethyl Dicarbonate, Stabiliser: Gum Arabic, Colour: Anthocyanins, Flavouring",https://www.sainsburys.co.uk/gol-ui/product/freixenet-00-alcohol-free-sparkling-ros%C3%A9-75cl,,2024-08-17T06:28:56.658459-04:00
68-412-DRI,Tanqueray Alcohol Free Spirit 70cl,Tanqueray,Drinks,Low & no alcohol,All low & no alcohol,,£17.00,,£15.00,£24.29 / ltr,8061370,"TANQUERAY 0.0% - Classic Gin Taste, No Alcohol: Enjoy the refreshing tasting juniper & citrus notes of Tanqueray, now alcohol-free! Perfect for mindful moments.",,https://assets.sainsburys-groceries.co.uk/gol/8061370/1/640x640.jpg,,,https://www.sainsburys.co.uk/gol-ui/product/tanqueray-alcohol-free-spirit-70cl,,2024-08-17T06:29:13.940226-04:00
68-413-DRI,Freixenet 0.0% Alcohol Free Sparkling Wine 75cl,Freixenet,Drinks,Low & no alcohol,No alcohol,,£5.00,,£1.85,£5.00 / 75cl,8002280,Sparkling Drink Based on De-Alcoholised Wine,,https://assets.sainsburys-groceries.co.uk/gol/8002280/1/640x640.jpg,"100 ml contain:
Energy 80kJ /
19 kcal
Fat 0 g
of which saturate 0 g
Carbohydrate 4,3 g
of which sugars 3,8 g
Protein 0 g
Salt 0,01 g","Alcohol Free Wine From EU (90%), Rectified Concentrated Grape Must, Carbon Dioxide, Antioxidant: Sulphur Dioxide, Preservatives: Potassium Sorbate, Dimethyl Dicarbonate, Stabiliser: Gum Arabic, Flavouring",https://www.sainsburys.co.uk/gol-ui/product/freixenet-00-alcohol-free-sparkling-wine-75cl,,2024-08-17T06:29:20.910750-04:00
68-414-DRI,Gordon's Alcohol Free 70cl,Gordon's,Drinks,Low & no alcohol,All low & no alcohol,,£15.00,,£8.00,£21.43 / ltr,8044318,"ABOUT - Gordon's 0.0% Alcohol-Free is the perfect non-alcoholic alternative to your usual gin. Gordon’s is renowned for its crisp, refreshing taste and traditional botanical blend. Get all the flavour with none of the alcohol.",,https://assets.sainsburys-groceries.co.uk/gol/8044318/1/640x640.jpg,,,https://www.sainsburys.co.uk/gol-ui/product/gordons-alcohol-free-70cl,,2024-08-17T06:29:38.360175-04:00
68-415-DRI,Budweiser Zero Alcohol Free Lager 4x330ml,Budweiser,Drinks,Low & no alcohol,All low & no alcohol,330ML,£3.75,4 for £3.75,£1.85,£2.84 / ltr,8022081,Alcohol free beer,,https://assets.sainsburys-groceries.co.uk/gol/8022081/1/640x640.jpg,"per 100 ml per 330 ml
Energy 58 kJ /
14 kcal 191 kJ /
46 kcal
Fat 0 g 0 g
of which saturates 0 g 0 g
Carbohydrates 3.3 g 11.0 g
of which sugars 0.1 g 0.3 g
Protein 0.1 g 0.3 g
Salt <0.1 g <0.1 g","Water, Barley Malt, Rice, Hops, Natural Flavours",https://www.sainsburys.co.uk/gol-ui/product/budweiser-zero-alcohol-free-lager-4x330ml,4 x 4x330ml,2024-08-17T06:29:45.105188-04:00
68-416-DRI,Leffe Blonde 0.0% Beer Bottles 4x330ml,Leffe,Drinks,Low & no alcohol,All low & no alcohol,330ML,£4.50,4 for £4.50,£4.25,£3.00 / ltr,8045242,Alcohol Free Beer,,https://assets.sainsburys-groceries.co.uk/gol/8045242/1/640x640.jpg,"per 100 ml per 250 ml
Energy 168 kJ/
40 kcal 420 kJ/
100 kcal
Fat 0 g 0 g
of which saturates 0 g 0 g
Carbohydrates 9,8 g 24,6 g
of which sugars 1,1 g 2,8 g
Protein 0,2 g 0,5 g
Salt <0,1 g 0,3 g","Water, Barley Malt, Maize, Barley, Sugar, Hops, Natural Aromas",https://www.sainsburys.co.uk/gol-ui/product/leffe-blonde-0-0-6x250ml,4 x 4x330ml,2024-08-17T06:29:52.593444-04:00
68-417-DRI,Sainsbury's Alcohol Free Sparkling 75cl,Sainsbury's,Drinks,Low & no alcohol,All low & no alcohol,,£3.25,,£3.50,£3.25 / 75cl,365123,Sparkling Aromatised Alcohol-Free Wine Based Drink,,https://assets.sainsburys-groceries.co.uk/gol/365123/1/640x640.jpg,"Typical Values Per 100ml  Per 125ml glass  % based on RI for Average Adult
Energy 106kJ 132kJ -
25kcal 32kcal 2%",,https://www.sainsburys.co.uk/gol-ui/product/sainsburys-alcohol-free-sparkling-wine-75cl,,2024-08-17T06:30:05.180681-04:00
68-418-DRI,Sainsbury's Alcohol Free Red 75cl,Sainsbury's,Drinks,Low & no alcohol,All low & no alcohol,,£3.25,,£12.00,£3.25 / 75cl,7055479,Aromatised Alcohol-Free Wine Based Drink,,https://assets.sainsburys-groceries.co.uk/gol/7055479/1/640x640.jpg,"Typical Values Per 100ml  Per 125ml glass  % based on RI for Average Adult
Energy 91kJ 114kJ -
22kcal 27kcal 1%",,https://www.sainsburys.co.uk/gol-ui/product/sainsburys-alcohol-free-red-wine-75cl,,2024-08-17T06:30:17.157089-04:00
68-419-DRI,Brooklyn Special Effects Alcohol Free Beer Bottles 4x330ml,Brooklyn,Drinks,Low & no alcohol,All low & no alcohol,330ML,£4.50,4 for £4.50,£4.00,£3.41 / ltr,8157452,"Brooklyn Special Effects is a low alcohol hoppy lager with an unexpected piney aroma and pleasantly bitter finish. All the same satisfaction, with no alcohol! In movies, special effects make you think you’re seeing the unbelievable. With Brooklyn Special Effects, we’re making you taste something incredible: a delicious, low alcohol beer. A ‘Great Taste 2023’ award winning one, too!",,https://assets.sainsburys-groceries.co.uk/gol/8157452/1/640x640.jpg,"per 100 ml
Energy 121 kJ /
29 kcal
Fat 0 g
of which saturates 0 g
Carbohydrate 6,3 g
of which sugars 2,9 g
Protein <0,5 g
Salt 0 g","Water, Malted Barley, Hops",https://www.sainsburys.co.uk/gol-ui/product/brooklyn-special-effects-alcohol-free-beer-bottles-4x330ml,4 x 4x330ml,2024-08-17T06:30:23.986531-04:00
68-420-DRI,McGuigan Zero Shiraz Alcohol Free 75cl,McGuigan,Drinks,Low & no alcohol,All low & no alcohol,,£4.00,,£1.85,£4.00 / 75cl,8019601,Shiraz,,https://assets.sainsburys-groceries.co.uk/gol/8019601/1/640x640.jpg,"Per 100ml
Energy 120kJ /
29kcal
Fat <0.2g
- Of which saturates <0.1g
Carbohydrate 7g
- Of which Sugars 4.5g
Protein 0.3g
Salt 28mg","De-Alcoholised Wine (95%), Grape Juice Concentrate, Preservatives (E220, E224), Thickener (E414)",https://www.sainsburys.co.uk/gol-ui/product/mcguigan-zero-shiraz-alcohol-free-wine-75cl,,2024-08-17T06:30:30.629920-04:00
68-421-DRI,Beavertown Lazer Crush Alcohol Free IPA 4x330ml,Beavertown,Drinks,Low & no alcohol,All low & no alcohol,330ML,£6.50,4 for £6.50,£5.00,£4.92 / ltr,8133317,,,https://assets.sainsburys-groceries.co.uk/gol/8133317/1/640x640.jpg,,,https://www.sainsburys.co.uk/gol-ui/product/beavertown-lazer-crush-alcohol-free-ipa-4x330ml,4 x 4x330ml,2024-08-17T06:30:53.973974-04:00
68-422-DRI,Kopparberg Alcohol Free Premium Cider with Mixed Fruit 4x330ml,Kopparberg,Drinks,Beer & cider,All beer,330ML,£3.75,4 for £3.75,£3.00,£2.84 / ltr,8113842,Alcohol-Free Apple Cider with a Taste of Raspberry & Blackcurrant.,,https://assets.sainsburys-groceries.co.uk/gol/8113842/1/640x640.jpg,,,https://www.sainsburys.co.uk/gol-ui/product/kopparberg-alcohol-free-premium-cider-with-mixed-fruit-4x330ml,4 x 4x330ml,2024-08-17T06:31:11.309625-04:00
68-423-DRI,Crodino Non Alcoholic Aperitivo 3x175ml,Crodino,Drinks,Low & no alcohol,All low & no alcohol,175ML,£6.00,3 for £6.00,£4.50,£11.43 / ltr,8120700,Alcohol free aperitif,,https://assets.sainsburys-groceries.co.uk/gol/8120700/1/640x640.jpg,"per 100ml
Energy 255 kj/
61 kcal
Fat 0 g
of which saturated 0 g
Total carbohydrates 15 g
of which sugar 15 g
Proteins 0 g
Salt 0,01 g","Water, Sugar, Flavours, Carbon Dioxide, Acidificat: Citric Acid, Sodium Chloride, Colorants: E150b, E110",https://www.sainsburys.co.uk/gol-ui/product/crodino-non-alcoholic-aperitivo-3x175ml,3 x 3x175ml,2024-08-17T06:31:18.160516-04:00
68-424-DRI,J2O Mocktails Strawberry & Orange Blossom Mojito 250ml,J2O,Drinks,Low & no alcohol,All low & no alcohol,250ML,£1.30,,£1.60,52p / 100ml,8173052,"Carbonated Apple, Strawberry and Lime Soft Drink Flavoured with Orange Blossom and Mint with Sugar and Sweetener.",,https://assets.sainsburys-groceries.co.uk/gol/8173052/1/640x640.jpg,"Per 100ml:
Energy 67kJ/
16kcal
Carbohydrate 3.3g
of which sugars 3.3g
Salt 0.05g
Contains negligible amounts of fat, saturates and protein","Carbonated Water, Fruit Juices from Concentrate (Apple 13%, Strawberry 6%, Lime 1%), Sugar, Acid (Citric Acid), Natural Strawberry, Orange Blossom and Mint Flavourings with other Natural Flavourings, Acidity Regulator (Sodium Citrate), Preservative (Potassium Sorbate), Carrot and Blackcurrant Concentrate, Sweetener (Sucralose)",https://www.sainsburys.co.uk/gol-ui/product/j2o-mocktails-strawberry-orange-blossom-mojito-250ml,,2024-08-17T06:31:26.069044-04:00
68-425-DRI,"Sainsbury's Aromatised Low Alcohol Sparkling Chardonnay, Taste the Difference 75cl",Sainsbury's,Drinks,Low & no alcohol,All low & no alcohol,,£3.50,,,£3.50 / 75cl,7885083,"Aromatised De-alcoholised Blanc de Blanc Sparkling Chardonnay - Alcohol <0,5% vol",,https://assets.sainsburys-groceries.co.uk/gol/7885083/1/640x640.jpg,"Typical Values Typical values per 100ml  A serving contains  % based on RI for Average Adult
Energy 102kJ 128kJ -
24kcal 30kcal 2%",,https://www.sainsburys.co.uk/gol-ui/product/sainsburys-alcohol-free-blanc-de-blancs--taste-the-difference-75cl,,2024-08-17T06:31:43.648248-04:00
68-426-DRI,J2O Mocktails White Peach & Mango Daiquiri 250ml,J2O,Drinks,Low & no alcohol,All low & no alcohol,250ML,£1.30,,£1.60,52p / 100ml,8173038,"Apple, White Peach, Mango and Lime Soft Drink with Sugar and Sweetener.",,https://assets.sainsburys-groceries.co.uk/gol/8173038/1/640x640.jpg,"Per 100ml:
Energy 76kJ/
18kcal
Carbohydrate 3.8g
of which sugars 3.6g
Salt 0.06g
Contains negligible amounts of fat, saturates and protein","Water, Fruit Juices from Concentrate (Apple 10%, White Peach 6%, Mango 3%, Lime 1%), Sugar, Natural Peach, Mango, Plant and Spice Flavourings with other Natural Flavourings, Acid (Citric Acid), Stabiliser (Pectin), Acidity Regulator (Sodium Citrate), Preservative (Potassium Sorbate), Sweetener (Sucralose), Emulsifier (Glycerol Esters of Wood Rosins)",https://www.sainsburys.co.uk/gol-ui/product/j2o-mocktails-white-peach-mango-daiquiri-250ml,,2024-08-17T06:31:51.573469-04:00
68-427-DRI,J2O Mocktails Blackberry & Blueberry Martini 250ml,J2O,Drinks,Low & no alcohol,All low & no alcohol,250ML,£1.30,,£1.60,52p / 100ml,8173042,"Apple, Blackberry and Blueberry Soft Drink with Sugar and Sweetener.",,https://assets.sainsburys-groceries.co.uk/gol/8173042/1/640x640.jpg,"Per 100ml:
Energy 69kJ/
17kcal
Carbohydrate 3.5g
of which sugars 3.5g
Salt 0.06g
Contains negligible amounts of fat, saturates and protein","Water, Fruit Juices from Concentrate (Apple 12%, Blackberry 4%, Blueberry 4%), Sugar, Acid (Citric Acid), Natural Blackberry Flavouring with other Natural Flavourings, Stabiliser (Pectin), Acidity Regulator (Sodium Citrate), Carrot and Blueberry Concentrate, Preservative (Potassium Sorbate), Emulsifier (Glycerol Esters of Wood Rosins), Sweetener (Sucralose)",https://www.sainsburys.co.uk/gol-ui/product/j2o-mocktails-blackberry-blueberry-martini-250ml,,2024-08-17T06:31:59.879781-04:00
68-428-DRI,Gordon's 0.0% Alcohol Free Spirit & Tonic with a Hint of Lime Can 250ml,Gordon's,Drinks,Low & no alcohol,All low & no alcohol,250ML,£1.75,,£12.00,£7.00 / ltr,8067287,"ABOUT - New Gordon's 0.0% alcohol free spirit and tonic provides the bold, juniper-led taste you know and expect with a zesty, fresh lime aroma. The perfectly mixed, ready to drink alcohol free alternative to your usual choice of Gordon's and tonic.",,https://assets.sainsburys-groceries.co.uk/gol/8067287/1/640x640.jpg,,,https://www.sainsburys.co.uk/gol-ui/product/gordons-00-alcohol-free-spirit-tonic-with-a-hint-of-lime-can-250ml,,2024-08-17T06:32:17.623699-04:00
68-429-DRI,Lucky Saint 0.5% Unfiltered Lager 330ml,Lucky,Drinks,,,330ML,£1.80,,£1.40,£5.45 / ltr,7964168,Calories - 53 Kcal,,https://assets.sainsburys-groceries.co.uk/gol/7964168/1/640x640.jpg,"per 100ml:
Energy 16Kcal
70KJ
Fat <0.1g
of which saturates <0.1g
Carbohydrates 3.5g
of which sugars 0.1g
Protein 0.6g
Salt <0.01g","Water, Barley, Yeast, Hops",https://www.sainsburys.co.uk/gol-ui/product/lucky-saint-unfiltered-low-alcohol-lager-330ml,,2024-08-17T06:32:30.866848-04:00
68-430-DRI,AW Root Beer 330ml,AW,Drinks,Special offers,,330ML,£1.50,,£4.00,45p / 100ml,8038152,Carbonated Vanilla and Root Beer Flavour Soft Drink with Sugar and Sweeteners,,https://assets.sainsburys-groceries.co.uk/gol/8038152/1/640x640.jpg,"per 100ml *RI% per 330ml *RI%
Energy 115kJ 1,4% 380kJ 4,6%
27kcal 1,4% 89kcal 4,6%
Total Fat 0g 0,0% 0g 0,0%
of which Saturates 0g 0,0% 0g 0,0%
Carbohydrates 7.9g 3,0% 26g 9,9%
of which Sugar 4.9g 5,4% 16g 17,8%
Protein 0g 0,0% 0g 0,0%
Salt 0.01g 0,2% 0.03g 0,7%
*RI% : Reference intake of an average adult (8400kJ/2000kcal)","Water, Sugar, Humectant (Glycerine), Colour (Caramel E150d, Sulphur Dioxide), Pectin (E440), Foaming Agent (Quillaia Extract), Flavourings, Sweeteners (Acesulfame K, Sucralose), Acid (Phosphoric Acid), Vanilla Extract, Preservative (Sodium Benzoate)",https://www.sainsburys.co.uk/gol-ui/product/a-w-caffeine-free-root-beer-355ml,,2024-08-17T06:32:39.028216-04:00
68-431-DRI,Beavertown Lazer Crush Alcohol Free IPA 330ml,Beavertown,Drinks,Low & no alcohol,All low & no alcohol,330ML,£1.65,,£3.25,£5.00 / ltr,8045177,Alcohol Free IPA,,https://assets.sainsburys-groceries.co.uk/gol/8045177/1/640x640.jpg,"Per 100ml
Energy (kJ/kcal) 107 /
25
Fat (g) <0.5
Of which Saturates (g) <0.5
Carbohydrate (g) 5.9
Of which Sugars (g) 3.0
Protein (g) 0.5
Salt (g) 0.1","Water, Malted Barley, Hops, Yeast",https://www.sainsburys.co.uk/gol-ui/product/beavertown-lazer-crush-03-ipa-330ml,,2024-08-17T06:32:47.450433-04:00
68-432-DRI,Galipette Non Alcoholic Cider,Galipette,Drinks,Free From,Gluten free,,£1.80,,£1.85,£5.45 / ltr,8178795,Alcohol-free Apple Cider.,,https://assets.sainsburys-groceries.co.uk/gol/8178795/1/640x640.jpg,"per 100ml:
Energy 197kJ/
46kcal
Fat <0,5g
of which Saturates <0,5g
Carbohydrate 11,5g
of which Sugars 10g
Protein <0,5g
Salt 0,004g","Apple Juice (99,5%), CO2 (0,5%)",https://www.sainsburys.co.uk/gol-ui/product/galipette-non-alcoholic-cider,,2024-08-17T06:32:54.704250-04:00
68-433-DRI,Martini Vibrante Non Alcoholic Aperitivo 75cl,Martini,Drinks,Low & no alcohol,All low & no alcohol,,£10.00,,£8.00,£13.33 / ltr,8021833,Non-Alcoholic Aperitif,,https://assets.sainsburys-groceries.co.uk/gol/8021833/1/640x640.jpg,"Per 100ml
Energy (kJ) 250 kJ
Energy (kcal) 60 kcal
Fat 0 g
Saturated Fat 0 g
Carbohydrates 14.3 g
Sugar 14.3 g
Protein 0 g
Salt 0.07 g",,https://www.sainsburys.co.uk/gol-ui/product/martini-vibrante-75cl,,2024-08-17T06:33:07.062925-04:00
68-434-DRI,Tanqueray Flor de Sevilla Alcohol Free 0% Spirit 70cl,Tanqueray,Drinks,Low & no alcohol,All low & no alcohol,,£17.00,,£15.00,£24.29 / ltr,8150422,"SAME FLAVOUR, ZERO ALCOHOL - Enjoy the taste of Tanqueray Flor de Sevilla, minus the alcohol! Zesty & crisp, perfect for any occasion.",,https://assets.sainsburys-groceries.co.uk/gol/8150422/1/640x640.jpg,,,https://www.sainsburys.co.uk/gol-ui/product/tanqueray-flor-de-sevilla-alcohol-free-0-spirit-70cl,,2024-08-17T06:33:25.061669-04:00
68-435-DRI,"Captain Morgan Spiced Gold 0.0% Alcohol Free Spirit, 70cl",Captain,Drinks,Low & no alcohol,All low & no alcohol,,£16.00,,£12.00,£22.86 / ltr,8162552,"Introducing Captain Morgan Spiced Gold 0.0% - All the fun and flavour of Captain Morgan Original Spiced Gold, without the alcohol.",,https://assets.sainsburys-groceries.co.uk/gol/8162552/1/640x640.jpg,,,https://www.sainsburys.co.uk/gol-ui/product/captain-morgan-spiced-gold-alc-free-70cl,,2024-08-17T06:33:42.874476-04:00
68-436-DRI,Asahi Super Dry 0.0% Alcohol Free Cans 4x330ml,Asahi,Drinks,Low & no alcohol,All low & no alcohol,330ML,£5.00,4 for £5.00,£4.25,£3.79 / ltr,8159382,Beer,,https://assets.sainsburys-groceries.co.uk/gol/8159382/1/640x640.jpg,"(per 100ml)
Energy kJ 107
Energy kcal 25
Fat 0g
of which saturates 0g
Carbohydrate 6.1g
of which sugars 0.9g
Protein 0.2g
Salt 0g","Water, Barley Malt, Corn Grits, Hops, Corn Starch, Natural Flavours",https://www.sainsburys.co.uk/gol-ui/product/asahi-super-dry-00-alcohol-free-cans-4x330ml,4 x 4x330ml,2024-08-17T06:33:50.269256-04:00
68-437-DRI,BrewDog Alcohol Free Hazy Jane New England IPA 4×330ml,BrewDog,Drinks,Low & no alcohol,All low & no alcohol,330ML,£5.00,,£4.25,£3.79 / ltr,8113206,Alcohol Free Beer.,,https://assets.sainsburys-groceries.co.uk/gol/8113206/1/640x640.jpg,"Per 100ml
Energy (kJ/kcal) 57/
14
Fat <0.1g
(Of Which Saturates) <0.1g
Carbohydrates 2.6g
(Of Which Sugars) 1.8g
Protein 0.1g
Salt <0.1g","Water, Lactose (Milk), Hops, Malted Barley, Yeast, Malted Wheat, Malted Oats, Lactic Acid",https://www.sainsburys.co.uk/gol-ui/product/brewdog-alcohol-free-hazy-jane-new-england-ipa-4%C3%97330ml,,2024-08-17T06:33:57.589781-04:00
68-438-DRI,Lucky Saint Hazy IPA Alcohol Free Can 4x330ml,Lucky,Drinks,Low & no alcohol,All low & no alcohol,330ML,£6.00,4 for £6.00,£4.00,£4.55 / ltr,8177992,Alcohol Free,,https://assets.sainsburys-groceries.co.uk/gol/8177992/1/640x640.jpg,"Per 100ml:
Energy 18kcal/
78kJ
Fat <0.1g
Of which Saturates <0.1g
Carbohydrate 3.7g
Of which Sugars 0.1g
Protein 0.3g
Salt <0.01g","Water, Malted Barley, Malted Wheat, Oats, Hops, Yeast",https://www.sainsburys.co.uk/gol-ui/product/lucky-saint-05-hazy-ipa-4x330ml-can,4 x 4x330ml,2024-08-17T06:34:06.342500-04:00
68-439-DRI,Brewdog Elvis AF Grapefruit Infused IPA 4x330ml,Brewdog,Drinks,Low & no alcohol,All low & no alcohol,330ML,£5.00,4 for £5.00,£4.00,£3.79 / ltr,8180787,Alcohol Free Beer.,,https://assets.sainsburys-groceries.co.uk/gol/8180787/1/640x640.jpg,"Per 100ml
Energy (kJ/kcal) 35/
8
Fat <0.1g
(Of which Saturates) <0.1g
Carbohydrates 2.0g
(Of which Sugars) 1.6g
Protein 0.1g
Salt <0.1g","Water, Lactose (Milk), Malted Barley, Malted Wheat, Yeast, Hops, Grapefruit and Orange Flavouring, Malted Oats, Lactic Acid",https://www.sainsburys.co.uk/gol-ui/product/brewdog-elvis-af-grapefruit-infused-ipa-4x330ml,4 x 4x330ml,2024-08-17T06:34:14.256251-04:00
68-440-DRI,Cravendale Filtered Fresh Semi Skimmed Milk 2L Fresher for Longer,Cravendale,Drinks,Dairy & chilled essentials,,2L,£2.30,,£2.75,£1.15 / ltr,3216620,"Pasteurised, homogenised, semi-skimmed, fresh filtered milk",,https://assets.sainsburys-groceries.co.uk/gol/3216620/1/640x640.jpg,"per 100ml
Energy 206kJ/
49kcal
Fat 1.7g
of which saturates 1.0g
Carbohydrate 4.8g
of which sugars 4.8g
Protein 3.6g
Salt 0.1g
Phosphorous 97mg (14% RI†)
†RI: Reference intakes of an average adult",,https://www.sainsburys.co.uk/gol-ui/product/cravendale-purefilter-semi-skimmed-milk-2l,,2024-08-17T06:34:26.997147-04:00
68-441-DRI,Cravendale Filtered Fresh Whole Milk 2L Fresher for Longer,Cravendale,Drinks,Dairy & eggs,Milk,2L,£2.30,,£2.75,£1.15 / ltr,3216613,"Pasteurised, homogenised, standardised, whole, fresh filtered milk",,https://assets.sainsburys-groceries.co.uk/gol/3216613/1/640x640.jpg,"per 100ml
Energy 271kJ/
65kcal
Fat 3.6g
of which saturates 2.3g
Carbohydrate 4.7g
of which sugars 4.7g
Protein 3.4g
Salt 0.1g
Phosphorous 99mg (14% RI†)
†RI: Reference intakes of an average adult",,https://www.sainsburys.co.uk/gol-ui/product/cravendale-purefilter-whole-milk-2l,,2024-08-17T06:34:39.191975-04:00
68-442-DRI,Nesquik Strawberry Milkshake Powder Tub 500g,Nesquik,Drinks,Dairy & eggs,Milk,,£5.25,,£2.00,£10.50 / kg,4032106,Strawberry Flavour Milkshake Mix with Added Vitamins C & D for Milk.,,https://assets.sainsburys-groceries.co.uk/gol/4032106/1/640x640.jpg,"Per 100ml** Per Glass** % RI*
Energy 274kJ 567kJ -
65kcal 134kcal 7%
Fat 1.7g 3.5g 5%
of which: saturates 1.1g 2.2g 11%
Carbohydrate 8.9g 18.3g 7%
of which: sugars 8.2g 17.0g 19%
Fibre 0.0g 0.0g -
Protein 3.6g 7.4g 15%
Salt 0.11g 0.23g 4%
*Reference Intake of an average adult (8400kJ/2000kcal)
**9g + 200ml semi-skimmed milk; used as basis for per 100ml
Makes 55 glasses","Sugar, Rice Flour, Natural Colour (Beetroot Red), Natural Flavouring, Vitamins (C, D)",https://www.sainsburys.co.uk/gol-ui/product/nesquick-strawberry-500g,,2024-08-17T06:34:48.341511-04:00
68-443-DRI,Sainsbury's British Semi Skimmed Milk 2.27L (4 pint),Sainsbury's,Drinks,Dairy & chilled essentials,,2.27L,£1.45,,£2.25,64p / ltr,357937,Pasteurised homogenised semi skimmed milk,,https://assets.sainsburys-groceries.co.uk/gol/357937/1/640x640.jpg,"Typical Values Per 100ml  Per 200ml  % based on RI for Average Adult
Energy 209kJ 419kJ -
50kcal 100kcal 5%
Fat 1.8g 3.6g 5%
Saturates 1.1g 2.2g 11%
Carbohydrate 4.8g 9.6g 4%
Sugars 4.8g 9.6g 11%
Fibre <0.5g <0.5g -
Protein 3.6g 7.2g 14%
Salt 0.11g 0.22g 4%",,https://www.sainsburys.co.uk/gol-ui/product/sainsburys-british-semi-skimmed-milk-227l-4-pint-,,2024-08-17T06:35:01.071898-04:00
68-444-DRI,Sainsbury's British Semi Skimmed Milk 1.13L (2 pint),Sainsbury's,Drinks,Dairy & chilled essentials,,1.13L,£1.20,,£2.25,£1.06 / ltr,1137637,Pasteurised homogenised semi skimmed milk,,https://assets.sainsburys-groceries.co.uk/gol/1137637/1/640x640.jpg,"Typical Values Per 100ml  Per 200ml  % based on RI for Average Adult
Energy 209kJ 419kJ -
50kcal 100kcal 5%
Fat 1.8g 3.6g 5%
Saturates 1.1g 2.2g 11%
Carbohydrate 4.8g 9.6g 4%
Sugars 4.8g 9.6g 11%
Fibre <0.5g <0.5g -
Protein 3.6g 7.2g 14%
Salt 0.11g 0.22g 4%",,https://www.sainsburys.co.uk/gol-ui/product/sainsburys-british-semi-skimmed-milk-113l-2-pint-,,2024-08-17T06:35:13.799040-04:00
68-445-DRI,Sainsbury's British Whole Milk 2.27L (4 pint),Sainsbury's,Drinks,Dairy & chilled essentials,,2.27L,£1.45,,£2.25,64p / ltr,181402,Pasteurised homogenised standardised whole milk,,https://assets.sainsburys-groceries.co.uk/gol/181402/1/640x640.jpg,"Typical Values Per 100ml  Per 200ml  % based on RI for Average Adult
Energy 276kJ 553kJ -
66kcal 132kcal 7%
Fat 3.7g 7.4g 11%
Saturates 2.4g 4.8g 24%
Carbohydrate 4.7g 9.4g 4%
Sugars 4.7g 9.4g 10%
Fibre <0.5g <0.5g -
Protein 3.5g 7.0g 14%
Salt 0.11g 0.22g 4%",,https://www.sainsburys.co.uk/gol-ui/product/sainsburys-british-whole-milk-227l-4-pint-,,2024-08-17T06:35:27.009280-04:00
68-446-DRI,Sainsbury's British Skimmed Milk 2.27L (4 pint),Sainsbury's,Drinks,Dairy & chilled essentials,,2.27L,£1.45,,£2.25,64p / ltr,357500,Pasteurised skimmed milk,,https://assets.sainsburys-groceries.co.uk/gol/357500/1/640x640.jpg,"Typical Values Per 100ml  Per 200ml  % based on RI for Average Adult
Energy 157kJ 315kJ -
37kcal 74kcal 4%
Fat <0.5g 0.6g 1%
Saturates <0.1g 0.2g 1%
Carbohydrate 5.0g 10.0g 4%
Sugars 5.0g 10.0g 11%
Fibre <0.5g <0.5g -
Protein 3.6g 7.2g 14%
Salt 0.12g 0.23g 4%",,https://www.sainsburys.co.uk/gol-ui/product/sainsburys-british-skimmed-milk-227l-4-pint-,,2024-08-17T06:35:39.487349-04:00
68-447-DRI,Sainsbury's British Skimmed Milk 1.13L (2 pint),Sainsbury's,Drinks,Dairy & chilled essentials,,1.13L,£1.20,,£2.25,£1.06 / ltr,1137729,Pasteurised skimmed milk,,https://assets.sainsburys-groceries.co.uk/gol/1137729/1/640x640.jpg,"Typical Values Per 100ml  Per 200ml  % based on RI for Average Adult
Energy 157kJ 315kJ -
37kcal 74kcal 4%
Fat <0.5g 0.6g 1%
Saturates <0.1g 0.2g 1%
Carbohydrate 5.0g 10.0g 4%
Sugars 5.0g 10.0g 11%
Fibre <0.5g <0.5g -
Protein 3.6g 7.2g 14%
Salt 0.12g 0.23g 4%",,https://www.sainsburys.co.uk/gol-ui/product/sainsburys-british-skimmed-milk-113l-2-pint-,,2024-08-17T06:35:51.612633-04:00
68-448-DRI,Sainsbury's British Semi Skimmed Milk 3.4L (6 pint),Sainsbury's,Drinks,Dairy & chilled essentials,,3.4L,£2.15,,£2.25,63p / ltr,464390,Pasteurised homogenised semi skimmed milk,,https://assets.sainsburys-groceries.co.uk/gol/464390/1/640x640.jpg,"Typical Values Per 100ml  Per 200ml  % based on RI for Average Adult
Energy 209kJ 419kJ -
50kcal 100kcal 5%
Fat 1.8g 3.6g 5%
Saturates 1.1g 2.2g 11%
Carbohydrate 4.8g 9.6g 4%
Sugars 4.8g 9.6g 11%
Fibre <0.5g <0.5g -
Protein 3.6g 7.2g 14%
Salt 0.10g 0.20g 3%",,https://www.sainsburys.co.uk/gol-ui/product/sainsburys-british-semi-skimmed-milk-34l-6-pint-,,2024-08-17T06:36:04.340374-04:00
68-449-DRI,Sainsbury's British Whole Milk 1.13L (2 pint),Sainsbury's,Drinks,Dairy & chilled essentials,,1.13L,£1.20,,£2.25,£1.06 / ltr,1137613,Pasteurised homogenised standardised whole milk,,https://assets.sainsburys-groceries.co.uk/gol/1137613/1/640x640.jpg,"Typical Values Per 100ml  Per 200ml  % based on RI for Average Adult
Energy 276kJ 553kJ -
66kcal 132kcal 7%
Fat 3.7g 7.4g 11%
Saturates 2.4g 4.8g 24%
Carbohydrate 4.7g 9.4g 4%
Sugars 4.7g 9.4g 10%
Fibre <0.5g <0.5g -
Protein 3.5g 7.0g 14%
Salt 0.11g 0.22g 4%",,https://www.sainsburys.co.uk/gol-ui/product/sainsburys-british-whole-milk-113l-2-pint-,,2024-08-17T06:36:16.833704-04:00
68-450-DRI,Sainsbury's British Filtered Semi Skimmed Milk 2L,Sainsbury's,Drinks,Dairy & chilled essentials,,2L,£1.90,,£2.25,95p / ltr,7657802,Pasteurised homogenised filtered semi-skimmed milk,,https://assets.sainsburys-groceries.co.uk/gol/7657802/1/640x640.jpg,"Typical Values Per 100ml  Per 200ml  % based on RI for Average Adult
Energy 194kJ 388kJ -
46kcal 92kcal 5%
Fat 1.6g 3.1g 4%
Saturates 1.1g 2.1g 11%
Mono-unsaturates 0.4g 0.7g -
Polyunsaturates <0.1g <0.1g -
Carbohydrate 5.0g 9.9g 4%
Sugars 4.9g 9.8g 11%
Fibre <0.5g <0.5g -
Protein 3.1g 6.2g 12%
Salt 0.09g 0.18g 3%",,https://www.sainsburys.co.uk/gol-ui/product/sainsburys-filtered-semi-skimmed-milk-2l,,2024-08-17T06:36:29.460344-04:00
68-451-DRI,"Sainsbury's British Semi Skimmed Milk, SO Organic 2.27L (4 pint)",Sainsbury's,Drinks,Dairy & chilled essentials,,2.27L,£2.00,,£2.25,88p / ltr,1208450,Organic pasteurised homogenised semi skimmed milk,,https://assets.sainsburys-groceries.co.uk/gol/1208450/1/640x640.jpg,"Typical Values Per 100ml  Per 200ml  % based on RI for Average Adult
Energy 209kJ 419kJ -
50kcal 100kcal 5%
Fat 1.8g 3.6g 5%
Saturates 1.1g 2.2g 11%
Carbohydrate 4.8g 9.6g 4%
Sugars 4.8g 9.6g 11%
Protein 3.6g 7.2g 14%
Salt 0.11g 0.22g 4%",,https://www.sainsburys.co.uk/gol-ui/product/sainsburys-british-semi-skimmed-milk-so-organic-227l-4-pint-,,2024-08-17T06:36:42.523363-04:00
68-452-DRI,Sainsbury's British Semi Skimmed Milk 1 Pint,Sainsbury's,Drinks,Dairy & eggs,Milk,,90p,,£2.25,£1.58 / ltr,173759,Pasteurised homogenised semi skimmed milk,,https://assets.sainsburys-groceries.co.uk/gol/173759/1/640x640.jpg,"Typical Values Per 100ml  Per 200ml  % based on RI for Average Adult
Energy 209kJ 419kJ -
50kcal 100kcal 5%
Fat 1.8g 3.6g 5%
Saturates 1.1g 2.2g 11%
Carbohydrate 4.8g 9.6g 4%
Sugars 4.8g 9.6g 11%
Fibre <0.5g <0.5g -
Protein 3.6g 7.2g 14%
Salt 0.11g 0.22g 4%",,https://www.sainsburys.co.uk/gol-ui/product/sainsburys-british-semi-skimmed-milk-1-pint,,2024-08-17T06:36:55.313154-04:00
68-453-DRI,Cravendale Filtered Fresh Semi Skimmed Milk Fresher for Longer 1L,Cravendale,Drinks,Dairy & chilled essentials,,1L,£1.50,,£2.75,£1.50 / ltr,3216590,"Pasteurised, homogenised, semi-skimmed, fresh filtered milk",,https://assets.sainsburys-groceries.co.uk/gol/3216590/1/640x640.jpg,"per 100ml
Energy 206kJ/
49kcal
Fat 1.7g
of which saturates 1.0g
Carbohydrate 4.8g
of which sugars 4.8g
Protein 3.6g
Salt 0.1g
Phosphorous 97mg (14% RI†)
†RI: Reference intakes of an average adult",,https://www.sainsburys.co.uk/gol-ui/product/cravendale-purefilter-semi-skimmed-1l,,2024-08-17T06:37:07.895892-04:00
68-454-DRI,Sainsbury's Everyday Lactose Free Semi Skimmed Dairy Drink 1L,Sainsbury's,Drinks,Dairy & chilled essentials,,1L,£1.35,,£2.25,£1.35 / ltr,7943123,High temperature pasteurised lactose free semi skimmed dairy drink,,https://assets.sainsburys-groceries.co.uk/gol/7943123/1/640x640.jpg,"100g contains  A serving contains  % based on RI for Average Adult
Energy 172kJ 344kJ -
41kcal 82kcal 4%
Fat 1.7g 3.3g 5%
Saturates 1.0g 2.0g 10%
Mono-unsaturates 0.5g 0.9g -
Polyunsaturates <0.1g 0.2g -
Carbohydrate 3.3g 6.6g 3%
Sugars 3.3g 6.6g 7%
Starch <0.5g <0.5g -
Fibre <0.5g <0.5g -
Protein 3.2g 6.5g 13%
Salt 0.11g 0.22g 4%",,https://www.sainsburys.co.uk/gol-ui/product/sainsburys-everyday-lactose-free-semi-skimmed-dairy-drink-1l,,2024-08-17T06:37:20.738925-04:00
68-455-DRI,Sainsbury's British Whole Milk 3.4L (6 pint),Sainsbury's,Drinks,Dairy & eggs,Milk,3.4L,£2.15,,£2.25,63p / ltr,425605,Pasteurised homogenised standardised whole milk,,https://assets.sainsburys-groceries.co.uk/gol/425605/1/640x640.jpg,"Typical Values Per 100ml  Per 200ml  % based on RI for Average Adult
Energy 276kJ 553kJ -
66kcal 132kcal 7%
Fat 3.7g 7.4g 11%
Saturates 2.4g 4.8g 24%
Carbohydrate 4.7g 9.4g 4%
Sugars 4.7g 9.4g 10%
Fibre <0.5g <0.5g -
Protein 3.5g 7.0g 14%
Salt 0.11g 0.22g 4%",,https://www.sainsburys.co.uk/gol-ui/product/sainsburys-british-whole-milk-34l-6-pint-,,2024-08-17T06:37:33.449539-04:00
68-456-DRI,Arla Bob Skimmed Milk Tastes like Semi Skimmed 2L,Arla,Drinks,Dairy & chilled essentials,,2L,£2.30,,£2.25,£1.15 / ltr,7787579,"Fresh skimmed milk, enriched with protein. Filtered, standardised, homogenised and pasteurised.",,https://assets.sainsburys-groceries.co.uk/gol/7787579/1/640x640.jpg,"Per 100ml Per 200ml
Energy 176kJ/
41kcal 351kJ/
83kcal
Fat 0.4g 0.8g
of which saturates 0.1g 0.2g
Carbohydrate 4.9g 9.8g
of which sugars 4.9g 9.8g
Protein 4.6g 9.1g
Salt 0.11g 0.23g
†RI = Reference Intake of an average adult
Contains 10 servings",,https://www.sainsburys.co.uk/gol-ui/product/arla-best-of-both-milk-2l,,2024-08-17T06:37:46.146912-04:00
68-457-DRI,Sainsbury's Unsweetened Soya Drink 1L,Sainsbury's,Drinks,Dairy & eggs,Dairy free,1L,85p,,£2.25,85p / ltr,6710016,"UHT unsweetened soya alternative to dairy milk with calcium and vitamins B2, B12 and D2",,https://assets.sainsburys-groceries.co.uk/gol/6710016/1/640x640.jpg,"Typical Values 100ml contains  A serving contains  % based on RI for Average Adult
Energy 136kJ 341kJ -
33kcal 82kcal 4%
Fat 1.9g 4.8g 7%
Saturates 0.3g 0.8g 4%
Mono-unsaturates 0.4g 1.0g -
Polyunsaturates 1.2g 3.0g -
Carbohydrate <0.5g <0.5g -
Sugars <0.5g <0.5g -
Starch <0.5g <0.5g -
Fibre 0.6g 1.5g -
Protein 3.4g 8.5g 17%
Salt 0.09g 0.21g 4%",,https://www.sainsburys.co.uk/gol-ui/product/sainsburys-long-life-soya-milk--unsweetened-1l,,2024-08-17T06:37:59.523115-04:00
68-458-DRI,"Sainsbury's British Semi Skimmed Milk, SO Organic 1.13L (2 pint)",Sainsbury's,Drinks,Dairy & chilled essentials,,1.13L,£1.55,,£2.25,£1.36 / ltr,6336297,Organic pasteurised homogenised semi skimmed milk,,https://assets.sainsburys-groceries.co.uk/gol/6336297/1/640x640.jpg,"Typical Values Per 100ml  Per 200ml  % based on RI for Average Adult
Energy 209kJ 419kJ -
50kcal 100kcal 5%
Fat 1.8g 3.6g 5%
Saturates 1.1g 2.2g 11%
Carbohydrate 4.8g 9.6g 4%
Sugars 4.8g 9.6g 11%
Protein 3.6g 7.2g 14%
Salt 0.11g 0.22g 4%",,https://www.sainsburys.co.uk/gol-ui/product/sainsburys-british-semi-skimmed-milk-so-organic-113l-2-pint-,,2024-08-17T06:38:12.349469-04:00
68-459-DRI,Sainsbury's Oat Drink 1L,Sainsbury's,Drinks,Dairy & chilled essentials,,1L,£1.45,,£1.25,£1.45 / ltr,7996542,"Oat drink with added calcium and vitamins B2, B12 and D2",,https://assets.sainsburys-groceries.co.uk/gol/7996542/1/640x640.jpg,"Typical Values 100g contains  A serving contains  % based on RI for Average Adult
Energy 186kJ 466kJ -
44kcal 111kcal 6%
Fat 1.6g 4.0g 6%
Saturates 0.2g 0.5g 3%
Mono-unsaturates 0.5g 1.3g -
Polyunsaturates 0.9g 2.3g -
Carbohydrate 6.9g 17.3g 7%
Sugars 3.8g 9.5g 11%
Starch <0.5g 1.3g -
Fibre 0.8g 2.0g -
Protein <0.5g <0.5g 1%
Salt 0.12g 0.30g 5%",,https://www.sainsburys.co.uk/gol-ui/product/sainsburys-oat-drink-1l,,2024-08-17T06:38:24.876409-04:00
68-460-DRI,Alpro Almond Milk No Sugars Long Life Dairy Alternative 1L,Alpro,Drinks,Dairy & eggs,Dairy free,1L,£2.10,,£1.50,£2.10 / ltr,7595669,Almond drink with added calcium and vitamins.,,https://assets.sainsburys-groceries.co.uk/gol/7595669/1/640x640.jpg,"per 100 ml
Energy 56 kJ /
13 kcal
Fat 1.1 g
of which Saturates 0.1 g
Carbohydrate 0 g
of which Sugars 0 g
Fibre 0.3 g
Protein 0.4 g
Salt 0.14 g
D2 0.75 µg*
E 1.8 mg*
B12 0.38 µg*
Minerals:
* = 15% of the nutrient reference values","Water, Almond (2.3%), Calcium (Tri-Calcium Phosphate), Sea Salt, Stabilisers (Locust Bean Gum, Gellan Gum), Emulsifier (Lecithins), Vitamins B2, B12, E, D2",https://www.sainsburys.co.uk/gol-ui/product/alpro-almond-milk--unsweetened-uht-1l,,2024-08-17T06:38:32.265379-04:00
68-461-DRI,Cravendale Filtered Fresh Skimmed Milk Fresher for Longer 2L,Cravendale,Drinks,Dairy & chilled essentials,,2L,£2.30,,£2.25,£1.15 / ltr,3419625,"Pasteurised, skimmed, fresh filtered milk",,https://assets.sainsburys-groceries.co.uk/gol/3419625/1/640x640.jpg,"per 100ml
Energy 156kJ/
37kcal
Fat 0.3g
of which saturates 0.1g
Carbohydrate 4.9g
of which sugars 4.9g
Protein 3.6g
Salt 0.1g
Phosphorous 99mg (14% RI†)
†RI: Reference intakes of an average adult",,https://www.sainsburys.co.uk/gol-ui/product/cravendale-skimmed-milk-2l,,2024-08-17T06:38:45.094496-04:00
68-462-DRI,Yeo Valley Organic Fresh Whole Milk 2L,Yeo,Drinks,Dairy & eggs,Milk,2L,£2.50,,£2.25,£1.25 / ltr,6483740,"Standardised, Homogenised, Pasteurised, Organic Whole Milk",,https://assets.sainsburys-groceries.co.uk/gol/6483740/1/640x640.jpg,"Per 100ml
Energy 273kJ/
65kcal
Fat 3.7g
of which saturates 2.4g
Carbohydrate 4.7g
of which sugars 4.7g
Protein 3.5g
Salt 0.11g
RI† = Reference Intake",,https://www.sainsburys.co.uk/gol-ui/product/yeo-valley-organic-whole-milk-2l,,2024-08-17T06:38:57.872163-04:00
68-463-DRI,Arla Lactofree Semi Skimmed Milk Drink 1L,Arla,Drinks,Dairy & chilled essentials,,1L,£1.85,,£1.50,£1.85 / ltr,6372891,Lactose Free Pasteurised Homogenised Semi Skimmed Filtered Milk Drink,,https://assets.sainsburys-groceries.co.uk/gol/6372891/1/640x640.jpg,"Per 100ml Per 200ml
Energy 160kJ /
38kcal 320kJ /
76kcal
Fat 1.5g 3.1g
of which saturates 1.0g 1.9g
Carbohydrate 2.6g 5.3g
of which sugars 2.6g 5.2g
Protein 3.4g 6.9g
Salt 0.07g 0.14g
+Reference intake
Contains 5 servings","Semi Skimmed Milk, Lactase Enzym",https://www.sainsburys.co.uk/gol-ui/product/arla-lactofree-fresh-semi-skimmed-dairy-drink-1l,,2024-08-17T06:39:05.472841-04:00
68-464-DRI,Sainsbury's British Whole Milk 568ml (1 pint),Sainsbury's,Drinks,Dairy & eggs,Milk,568ML,90p,,£2.25,£1.58 / ltr,181358,Pasteurised homogenised standardised whole milk,,https://assets.sainsburys-groceries.co.uk/gol/181358/1/640x640.jpg,"Typical Values Per 100ml  Per 200ml  % based on RI for Average Adult
Energy 276kJ 553kJ -
66kcal 132kcal 7%
Fat 3.7g 7.4g 11%
Saturates 2.4g 4.8g 24%
Carbohydrate 4.7g 9.4g 4%
Sugars 4.7g 9.4g 10%
Fibre <0.5g <0.5g -
Protein 3.5g 7.0g 14%
Salt 0.11g 0.22g 4%",,https://www.sainsburys.co.uk/gol-ui/product/sainsburys-british-whole-milk-568ml-1-pint-,,2024-08-17T06:39:18.355195-04:00
68-465-DRI,Sainsbury's British Filtered Whole Milk 2L,Sainsbury's,Drinks,Dairy & eggs,Milk,2L,£1.90,,£2.25,95p / ltr,7657808,Pasteurised standardised homogenised filtered whole milk,,https://assets.sainsburys-groceries.co.uk/gol/7657808/1/640x640.jpg,"Typical Values Per 100ml  Per 200ml  % based on RI for Average Adult
Energy 266kJ 533kJ -
64kcal 127kcal 6%
Fat 3.5g 7.1g 10%
Saturates 2.4g 4.7g 24%
Mono-unsaturates 0.9g 1.7g -
Polyunsaturates <0.1g <0.1g -
Carbohydrate 4.9g 9.7g 4%
Sugars 4.7g 9.4g 10%
Starch <0.5g <0.5g -
Fibre <0.5g <0.5g -
Protein 3.1g 6.2g 12%
Salt 0.08g 0.16g 3%",,https://www.sainsburys.co.uk/gol-ui/product/sainsburys-british-filtered-whole-milk-2l,,2024-08-17T06:39:31.112507-04:00
68-466-DRI,"Sainsbury's British Whole Milk, SO Organic 1.13L (2 pint)",Sainsbury's,Drinks,Dairy & eggs,Milk,1.13L,£1.55,,£2.25,£1.36 / ltr,6336293,Organic pasteurised homogenised whole milk,,https://assets.sainsburys-groceries.co.uk/gol/6336293/1/640x640.jpg,"Typical Values Per 100ml  Per 200ml  % based on RI for Average Adult
Energy 284kJ 567kJ -
68kcal 136kcal 7%
Fat 3.9g 7.8g 11%
Saturates 2.4g 4.8g 24%
Carbohydrate 4.7g 9.4g 4%
Sugars 4.7g 9.4g 10%
Fibre <0.5g <0.5g -
Protein 3.5g 7.0g 14%
Salt 0.11g 0.22g 4%",,https://www.sainsburys.co.uk/gol-ui/product/sainsburys-british-whole-milk-so-organic-113l-2-pint-,,2024-08-17T06:39:43.539899-04:00
68-467-DRI,Califia Farms Oat Drink Barista Blend 1L,Califia,Drinks,Dairy & eggs,Dairy free,1L,£2.10,,£1.50,£2.10 / ltr,8005278,UHT Oat Drink with Added Calcium,240 ml,https://assets.sainsburys-groceries.co.uk/gol/8005278/1/640x640.jpg,"Per 100 ml Per portion 240 ml
Energy (kJ) 226 543
Energy (kcal) 54 130
Fat 2,9 g 7,0 g
of which saturates 0,2 g 0,5 g
Carbohydrate 5,8 g 13,9 g
** of which sugars 2,8 g 6,7 g
Fibre 0,8 g 1,9 g
Protein 0,8 g 1,9 g
Salt 0,12 g 0,29 g
Reference Intake (RI) of an average adult (8400kJ/2000kcal)
Contains approximately 4 portions
Servings per package: 4, Serving size: 240 ml
** Naturally Occurring Sugars","Oat Drink (Water, Oats (10%)), Rapeseed Oil, Acidity Regulator (Dipotassium Phosphate), Calcium Carbonate, Tricalcium Phosphate, Sea Salt",https://www.sainsburys.co.uk/gol-ui/product/califia-farms-oat-barista-blend-1l,,2024-08-17T06:39:50.662612-04:00
68-468-DRI,Sainsbury's Unsweetened Almond Drink 1L,Sainsbury's,Drinks,Dairy & eggs,Dairy free,1L,99p,,£1.50,99p / ltr,7825041,"UHT unsweetened almond drink with added calcium and vitamins B2, B12 and D2",,https://assets.sainsburys-groceries.co.uk/gol/7825041/1/640x640.jpg,"Typical Values 100g contains  A serving contains  % based on RI for Average Adult
Energy 74kJ 184kJ -
18kcal 44kcal 2%
Fat 1.3g 3.3g 5%
Saturates 0.1g 0.3g 2%
Mono-unsaturates 0.8g 2.0g -
Polyunsaturates 0.3g 0.8g -
Carbohydrate 1.1g 2.8g 1%
Sugars <0.5g <0.5g -
Starch <0.5g <0.5g -
Fibre <0.5g <0.5g -
Protein <0.5g 1.0g 2%
Salt 0.22g 0.55g 9%",,https://www.sainsburys.co.uk/gol-ui/product/sainsburys-almond-unsweetened-uht-milk-1l,,2024-08-17T06:40:03.142794-04:00
68-469-DRI,Sainsbury's Semi Skimmed Long Life Milk 6x1L,Sainsbury's,Drinks,Dairy & eggs,Milk,1L,£5.34,6 for £5.34,£2.25,89p / ltr,6646953,Ultra heat treated homogenised semi skimmed milk,,https://assets.sainsburys-groceries.co.uk/gol/6646953/1/640x640.jpg,"Typical Values 100ml contains  A serving contains  % based on RI for Average Adult
Energy 197kJ 394kJ -
47kcal 94kcal 5%
Fat 1.6g 3.2g 5%
Saturates 1.0g 2.0g 10%
Carbohydrate 4.6g 9.2g 4%
Sugars 4.6g 9.2g 10%
Fibre <0.5g <0.5g -
Protein 3.5g 7.0g 14%
Salt 0.11g 0.23g 4%",,https://www.sainsburys.co.uk/gol-ui/product/sainsburys-semi-skimmed-long-life-milk-6x1l,6 x 6x1L,2024-08-17T06:40:16.044473-04:00
68-470-DRI,Sainsbury's Semi Skimmed British Milk 1L,Sainsbury's,Drinks,Dairy & eggs,Milk,1L,89p,,£2.25,89p / ltr,8019434,Ultra heat treated homogenised semi skimmed Milk,200 ml,https://assets.sainsburys-groceries.co.uk/gol/8019434/1/640x640.jpg,"Typical Values per 100ml  per 200ml serving  % based on RI for Average Adult
Energy 197kJ 394kJ -
47kcal 94kcal 5%
Fat 1.6g 3.2g 5%
Saturates 1.0g 2.0g 10%
Carbohydrate 4.6g 9.2g 4%
Sugars 4.6g 9.2g 10%
Fibre <0.5g <0.5g -
Protein 3.5g 7.0g 14%
Salt 0.11g 0.23g 4%",,https://www.sainsburys.co.uk/gol-ui/product/sainsburys-semi-skimmed-british-milk-1l,,2024-08-17T06:40:28.810503-04:00
68-471-DRI,Dairy Pride Semi-Skimmed Longer Lasting UHT Milk 1 Litre,Dairy,Drinks,Dairy & eggs,Milk,1L,69p,,£2.25,69p / ltr,7980717,Ultra Heat Treated Homogenised Semi Skimmed Milk,200 ml,https://assets.sainsburys-groceries.co.uk/gol/7980717/1/640x640.jpg,"per 100ml per 200ml % adult RI* per 200ml serving
Energy 194kJ/
46kcal 388kJ/
92kcal 5%
Fat 1.6g 3.2g 5%
of which saturates 1g 2g 10%
Carbohydrate 4.6g 9.2g 4%
of which sugars 4.6g 9.2g 10%
Protein 3.5g 7g 14%
Salt 0.11g 0.22g 4%
Minerals
*RI=Reference Intake of an average adult (8400kJ/2000kcal)
A 1 litre carton contains 5 glasses of a 200ml serving",Semi Skimmed Milk,https://www.sainsburys.co.uk/gol-ui/product/dairy-pride-semi-skimmed-longer-lasting-uht-milk-1-litre,,2024-08-17T06:40:37.489292-04:00
68-472-DRI,Dairy Pride UHT Skimmed Milk 1L,Dairy,Drinks,Dairy & eggs,Milk,1L,69p,,£2.25,69p / ltr,7889884,Ultra Heat Treated Skimmed Milk,200 ml,https://assets.sainsburys-groceries.co.uk/gol/7889884/1/640x640.jpg,"per 100ml per 200ml serving % adult RI* per 200ml serving
Energy 140kJ/
33kcal 280kJ/
66kcal 3%
Fat 0.1g 0.2g 0%
of which saturates 0g 0g 0%
Carbohydrate 4.5g 9g 3%
of which sugars 4.5g 9g 10%
Protein 3.5g 7g 14%
Salt 0.11g 0.22g 4%
Minerals
*RI=Reference Intake of an average adult (8400kJ/2000kcal)
A 1 litre carton contains 5 glasses of a 200ml serving",Skimmed Milk,https://www.sainsburys.co.uk/gol-ui/product/dairy-pride-uht-skimmed-milk-1l,,2024-08-17T06:40:46.179902-04:00
68-473-DRI,Sainsbury's British Skimmed Milk 568ml (1 pint),Sainsbury's,Drinks,Dairy & eggs,Milk,568ML,90p,,£2.25,£1.58 / ltr,181655,Pasteurised skimmed milk,,https://assets.sainsburys-groceries.co.uk/gol/181655/1/640x640.jpg,"Typical Values Per 100ml  Per 200ml  % based on RI for Average Adult
Energy 157kJ 315kJ -
37kcal 74kcal 4%
Fat <0.5g 0.6g 1%
Saturates <0.1g 0.2g 1%
Carbohydrate 5.0g 10.0g 4%
Sugars 5.0g 10.0g 11%
Fibre <0.5g <0.5g -
Protein 3.6g 7.2g 14%
Salt 0.12g 0.23g 4%",,https://www.sainsburys.co.uk/gol-ui/product/sainsburys-british-skimmed-milk-568ml-1-pint-,,2024-08-17T06:40:58.402475-04:00
68-475-DRI,Sainsbury's Skimmed Long Life Milk 6x1L,Sainsbury's,Drinks,Dairy & eggs,Milk,1L,£5.34,6 for £5.34,£2.25,89p / ltr,6647081,,,https://assets.sainsburys-groceries.co.uk/gol/6647081/1/640x640.jpg,"Typical Values 100ml contains  A serving contains  % based on RI for Average Adult
Energy 140kJ 279kJ -
33kcal 66kcal 3%
Fat <0.5g <0.5g -
Saturates <0.1g <0.1g -
Carbohydrate 4.5g 9.0g 3%
Sugars 4.5g 9.0g 10%
Fibre <0.5g <0.5g -
Protein 3.5g 7.0g 14%
Salt 0.11g 0.23g 4%",,https://www.sainsburys.co.uk/gol-ui/product/sainsburys-skimmed-long-life-milk-6x1l,6 x 6x1L,2024-08-17T06:41:22.883342-04:00
68-476-DRI,Cravendale Filtered Fresh Whole Milk Fresher for Longer 1L,Cravendale,Drinks,Dairy & eggs,Milk,1L,£1.50,,£2.75,£1.50 / ltr,7078903,"Pasteurised, homogenised, standardised, whole, fresh filtered milk",,https://assets.sainsburys-groceries.co.uk/gol/7078903/1/640x640.jpg,"per 100ml
Energy 271kJ/
65kcal
Fat 3.6g
of which saturates 2.3g
Carbohydrate 4.7g
of which sugars 4.7g
Protein 3.4g
Salt 0.1g
Phosphorous 99mg (14% RI†)
†RI: Reference intakes of an average adult",,https://www.sainsburys.co.uk/gol-ui/product/cravendale-purefilter-whole-milk-1l,,2024-08-17T06:41:35.519198-04:00
68-477-DRI,Arla Lactofree Semi Skimmed Milk Drink 2L,Arla,Drinks,Dairy & eggs,Dairy free,2L,£2.75,,£2.25,£1.38 / ltr,8085808,Lactose Free Pasteurised Homogenised Semi Skimmed Filtered Milk Drink,,https://assets.sainsburys-groceries.co.uk/gol/8085808/1/640x640.jpg,"Per 100ml Per 200ml
Energy 160kJ /
38kcal 320kJ /
76kcal
Fat 1.5g 3.1g
of which saturates 1.0g 1.9g
Carbohydrate 2.6g 5.3g
of which sugars 2.6g 5.2g
Protein 3.4g 6.9g
Salt 0.07g 0.14g
+Reference intake
Contains 10 servings","Semi Skimmed Milk, Lactase Enzyme",https://www.sainsburys.co.uk/gol-ui/product/arla-lacto-free-semi-skimmed-milk-drink-2l,,2024-08-17T06:41:43.025559-04:00
68-478-DRI,Sainsbury's Chocolate Milkshake 1L,Sainsbury's,Drinks,Dairy & eggs,Milk,1L,89p,,£1.00,9p / 100ml,6290865,High temperature pasteurised chocolate flavoured British 1% fat milk drink,,https://assets.sainsburys-groceries.co.uk/gol/6290865/1/640x640.jpg,"100ml contains  A serving contains  % based on RI for Average Adult
Energy 280kJ 560kJ -
66kcal 132kcal 7%
Fat 1.2g 2.4g 3%
Saturates 0.7g 1.5g 8%
Mono-unsaturates 0.4g 0.7g -
Polyunsaturates <0.1g <0.1g -
Carbohydrate 10.2g 20.5g 8%
Sugars 8.9g 17.9g 20%
Starch <0.5g 1.0g -
Fibre <0.5g <0.5g -
Protein 3.6g 7.3g 15%
Salt 0.11g 0.22g 4%",,https://www.sainsburys.co.uk/gol-ui/product/sainsburys-fresh-chocolate-flavoured-milk-1l,,2024-08-17T06:41:55.233098-04:00
68-479-DRI,Alpro Oat Milk Long Life Dairy Alternative 1L,Alpro,Drinks,Dairy & eggs,Dairy free,1L,£2.10,,£1.50,£2.10 / ltr,7679541,Oat drink with added calcium and vitamins.,,https://assets.sainsburys-groceries.co.uk/gol/7679541/1/640x640.jpg,"per 100ml
Energy 185 kJ /
44 kcal
Fat 1.4 g
of which Saturates 0.2 g
Carbohydrate 6.5 g
of which Sugars 2.6 g
Fibre 1.9 g
Protein 0.4 g
Salt 0.10 g
- D2 0.75 µg*
Minerals:
* = 15% of the nutrient reference values","Oat Base [96.6%] [Water, Oat [9.8%]], Soluble Corn Fibre, Sunflower Oil, Calcium [Tri-Calcium Phosphate), Sea Salt, Stabi- Liser (Gellan Gum), Vitamins B2, B12, D2",https://www.sainsburys.co.uk/gol-ui/product/alpro-long-life-soya-milk-alternative--oat-1l,,2024-08-17T06:42:02.871523-04:00
68-480-DRI,Oatly Organic Oat Drink Long Life 1L,Oatly,Drinks,Dairy & eggs,Dairy free,1L,£2.15,,£1.50,£2.15 / ltr,6338528,Organic oat drink.,,https://assets.sainsburys-groceries.co.uk/gol/6338528/1/640x640.jpg,"per 100 ml:
Energy 166 kJ/
39 kcal
Fat 0.5 g
of which
saturates 0.1 g
Carbohydrate 7.2 g
of which
sugars 3.4 g*
Fibre 0.8 g
Protein 1.1 g
Salt 0.10 g
*Natural sugars from oats","Water, Oats* 10%, Sea Salt, *Organic Ingredient",https://www.sainsburys.co.uk/gol-ui/product/oatly-long-life-oat-milk-altermative-1l,,2024-08-17T06:42:10.679230-04:00
68-481-DRI,Graham's Gold Jersey Full Cream Milk 1L,Graham's,Drinks,Dairy & eggs,Milk,1L,£1.60,,£2.75,£1.60 / ltr,7275651,Pasteurised Homogenised Jersey Full Cream Milk,,https://assets.sainsburys-groceries.co.uk/gol/7275651/1/640x640.jpg,"Per 100ml
Energy 337kJ/
81kcal
Fat 5g
(of which saturates 3.4g)
Carbohydrate 4.7g
(of which sugars 4.7g)
Protein 3.7g
Salt 0.2g",,https://www.sainsburys.co.uk/gol-ui/product/grahams-gold-jersey-full-cream-milk-1l,,2024-08-17T06:42:23.054916-04:00
68-482-DRI,Oatly Oat Drink Barista Edition Chilled 1L,Oatly,Drinks,Dairy & eggs,Dairy free,1L,£2.20,,£1.70,£2.20 / ltr,8117458,Foamable oat drink with added vitamins and minerals.,,https://assets.sainsburys-groceries.co.uk/gol/8117458/1/640x640.jpg,"per 100ml:
Energy 257 kJ/
61 kcal
Fat 3.0g
of which saturates 0.3g
Carbohydrate 7.1g
of which sugars 3.4g*
Fibre 0.8g
Protein 1.1g
Salt 0.10g
*Natural sugars from oats","Water, Oats 10%, Rapeseed Oil, Acidity Regulator (Dipotassium Phosphate), Minerals (Calcium Carbonate, Potassium Iodide), Salt, Vitamins (D2, Riboflavin, B12)",https://www.sainsburys.co.uk/gol-ui/product/oatly-barista-edition-original-oat-drink-1l,,2024-08-17T06:42:30.161056-04:00
68-483-DRI,Alpro Soya Milk No Sugars Chilled Dairy Alternative 1L,Alpro,Drinks,Dairy & eggs,Dairy free,1L,£2.00,,£1.50,£2.00 / ltr,7223524,"Soya drink with added calcium and vitamins, flash pasteurised.",,https://assets.sainsburys-groceries.co.uk/gol/7223524/1/640x640.jpg,"per 100 ml
Energy 138 kJ /
33 kcal
Fat 1.8 g
of which Saturates 0.3 g
Carbohydrate 0 g
of which Sugars 0 g
Fibre 0.6 g
Protein 3.3 g
Salt 0.09 g
D2 0.75 µg*
B12 0.38 µg*
Minerals:
* = 15% of the nutrient reference values","Soya Base (98.9%) (Water, Hulled Soya Beans (8.7%)), Acidity Regulators (Potassium Phosphates), Calcium (Calcium Carbonate), Flavourings, Sea Salt, Stabiliser (Gellan Gum), Vitamins B2, B12, D2",https://www.sainsburys.co.uk/gol-ui/product/alpro-unsweetened-chilled-milk-alternative-1l,,2024-08-17T06:42:37.551908-04:00
68-484-DRI,Sainsbury's Everyday Lactose Free Skimmed Dairy Drink 1L,Sainsbury's,Drinks,Dairy & eggs,Dairy free,1L,£1.35,,£2.25,£1.35 / ltr,7945515,High temperature pasteurised lactose free skimmed dairy drink,,https://assets.sainsburys-groceries.co.uk/gol/7945515/1/640x640.jpg,"100g contains  A serving contains  % based on RI for Average Adult
Energy 122kJ 244kJ -
29kcal 57kcal 3%
Fat <0.5g <0.5g -
Saturates <0.1g 0.2g 1%
Mono-unsaturates <0.1g <0.1g -
Polyunsaturates <0.1g <0.1g -
Carbohydrate 3.4g 6.9g 3%
Sugars 3.4g 6.9g 8%
Starch <0.5g <0.5g -
Fibre <0.5g <0.5g -
Protein 3.4g 6.9g 14%
Salt 0.11g 0.23g 4%",,https://www.sainsburys.co.uk/gol-ui/product/sainsburys-everyday-lactose-free-skimmed-dairy-drink-1l,,2024-08-17T06:42:50.661899-04:00
68-485-DRI,Sainsbury's Skimmed Milk 1L,Sainsbury's,Drinks,Milk & milk drinks,Longer life milk,1L,89p,,£1.50,89p / ltr,8019436,Ultra heat treated skimmed milk,,https://assets.sainsburys-groceries.co.uk/gol/8019436/1/640x640.jpg,"Typical Values 100ml contains  A serving contains  % based on RI for Average Adult
Energy 140kJ 279kJ -
33kcal 66kcal 3%
Fat <0.5g <0.5g -
Saturates <0.1g <0.1g -
Carbohydrate 4.5g 9.0g 3%
Sugars 4.5g 9.0g 10%
Fibre <0.5g <0.5g -
Protein 3.5g 7.0g 14%
Salt 0.11g 0.23g 4%",,https://www.sainsburys.co.uk/gol-ui/product/sainsburys-skimmed-milk-1l,,2024-08-17T06:43:03.155705-04:00
68-486-DRI,Oatly Semi Oat Drink Long Life 1L,Oatly,Drinks,Free From,Milk free,1L,£1.90,,£1.50,£1.90 / ltr,8160485,"Oat drink, with added vitamins and minerals. 1.5% fat.",,https://assets.sainsburys-groceries.co.uk/gol/8160485/1/640x640.jpg,"per 100 ml:
Energy 200 kJ /
48 kcal
Fat 1.5 g
of which saturates 0.2 g
Carbohydrate 7.0 g
of which sugars 3.4 g
Fibre 0.8 g
Protein 1.1 g
Salt 0.10 g
*Natural sugars from oats","Water, Oats 10%, Rapeseed Oil, Acidity Regulator (Dipotassium Phosphate), Minerals (Calcium Carbonate, Potassium Iodide), Salt, Vitamins (D2, Riboflavin, B12)",https://www.sainsburys.co.uk/gol-ui/product/oatly-the-original-semi-oat-drink-1l,,2024-08-17T06:43:10.578534-04:00
68-487-DRI,Alpro Soya Milk Chilled Dairy Alternative 1L,Alpro,Drinks,Dairy & chilled essentials,,1L,£2.00,,£1.50,£2.00 / ltr,3979624,"Soya drink with added calcium, iodine and vitamins, flash pasteurised.",,https://assets.sainsburys-groceries.co.uk/gol/3979624/1/640x640.jpg,"per 100 ml
Energy 161 kJ /
39 kcal
Fat 1.8 g
of which Saturates 0.3 g
Carbohydrate 2.5 g
of which Sugars 2.5 g
Fibre 0.5 g
Protein 3.0 g
Salt 0.08 g
D2 0.75 µg*
B12 0.38 µg*
Minerals:
* = 15% of the nutrient reference values","Soya Base (97%) (Water, Hulled Soya Beans (8%)), Sugar, Acidity Regulators (Potassium Phosphates), Calcium (Calcium Carbonate), Flavouring, Sea Salt, Stabiliser (Gellan Gum), Potassium Iodide, Vitamins B2, B12, D2",https://www.sainsburys.co.uk/gol-ui/product/alpro-original-chilled-milk-alternative-1l,,2024-08-17T06:43:18.217432-04:00
68-488-DRI,Sainsbury's Whole British Milk 1L,Sainsbury's,Drinks,Dairy & eggs,Milk,1L,89p,,£2.25,89p / ltr,8019429,Ultra heat treated standardised homogenised whole milk,200 ml,https://assets.sainsburys-groceries.co.uk/gol/8019429/1/640x640.jpg,"Typical Values per 100ml  per 200ml serving  % based on RI for Average Adult
Energy 269kJ 538kJ -
64kcal 129kcal 6%
Fat 3.6g 7.2g 10%
Saturates 2.3g 4.6g 23%
Carbohydrate 4.6g 9.2g 4%
Sugars 4.6g 9.2g 10%
Fibre <0.5g <0.5g -
Protein 3.4g 6.8g 14%
Salt 0.11g 0.22g 4%",,https://www.sainsburys.co.uk/gol-ui/product/sainsburys-whole-british-milk-1l,,2024-08-17T06:43:30.612365-04:00
68-490-DRI,Sainsbury's Sweetened Soya Drink 1L,Sainsbury's,Drinks,Dairy & eggs,Dairy free,1L,99p,,£2.25,99p / ltr,6710040,"UHT sweetened soya alternative to dairy milk with added calcium and vitamins B2, B12 and D2",,https://assets.sainsburys-groceries.co.uk/gol/6710040/1/640x640.jpg,"Typical Values 100g contains  A serving contains  % based on RI for Average Adult
Energy 177kJ 443kJ -
42kcal 106kcal 5%
Fat 1.9g 4.8g 7%
Saturates 0.3g 0.8g 4%
Mono-unsaturates 0.4g 1.0g -
Polyunsaturates 1.2g 3.0g -
Carbohydrate 2.6g 6.5g 3%
Sugars 2.5g 6.3g 7%
Starch <0.5g <0.5g -
Fibre 0.6g 1.5g -
Protein 3.4g 8.5g 17%
Salt 0.13g 0.31g 5%",,https://www.sainsburys.co.uk/gol-ui/product/sainsburys-long-life-sweetened-soya-milk--alternative-to-dairy-milk-1l,,2024-08-17T06:43:49.713308-04:00
68-491-DRI,Sainsbury's Everyday Lactose Free Whole Dairy Drink 1l,Sainsbury's,Drinks,Dairy & eggs,Dairy free,1L,£1.35,,£2.25,£1.35 / ltr,8034208,High temperature pasteurised lactose free whole dairy drink,,https://assets.sainsburys-groceries.co.uk/gol/8034208/1/640x640.jpg,"100g contains  A serving contains  % based on RI for Average Adult
Energy 252kJ 504kJ -
60kcal 121kcal 6%
Fat 3.8g 7.6g 11%
Saturates 2.5g 5.1g 26%
Mono-unsaturates 0.9g 1.7g -
Polyunsaturates <0.1g <0.1g -
Carbohydrate 3.4g 6.7g 3%
Sugars 3.4g 6.7g 7%
Starch <0.5g <0.5g -
Fibre <0.5g <0.5g -
Protein 3.2g 6.4g 13%
Salt 0.09g 0.18g 3%",,https://www.sainsburys.co.uk/gol-ui/product/sainsburys-whole-lactose-free-milk-1l,,2024-08-17T06:44:01.987870-04:00
68-493-DRI,Yeo Valley Organic Free Range Semi Skimmed Milk 1L,Yeo,Drinks,Dairy & eggs,Milk,1L,£1.60,,£2.25,£1.60 / ltr,6770710,"Pasteurised, Homogenised, Organic Semi-Skimmed Milk",,https://assets.sainsburys-groceries.co.uk/gol/6770710/1/640x640.jpg,"Per 100ml
Energy 202kJ /
48kcal
Fat 1.6g
of which saturates 1.0g
Carbohydrate 5.0g
of which sugars 5.0g
Protein 3.4g
Salt 0.15g
RI† = Reference Intake",,https://www.sainsburys.co.uk/gol-ui/product/yeo-valley-organic-semi-skimmed-milk-1l,,2024-08-17T06:44:26.541272-04:00
68-494-DRI,Yeo Valley Organic Free Range Whole Milk 1L,Yeo,Drinks,Dairy & eggs,Milk,1L,£1.60,,£2.25,£1.60 / ltr,6770697,"Pasteurised, Homogenised, Organic Whole Milk",,https://assets.sainsburys-groceries.co.uk/gol/6770697/1/640x640.jpg,"Per 100ml
Energy 283kJ/
66kcal
Fat 3.5g
of which saturates 2.6g
Carbohydrate 4.7g
of which sugars 4.7g
Protein 3.3g
Salt 0.10g
RI† = Reference Intake",,https://www.sainsburys.co.uk/gol-ui/product/yeo-valley-organic-whole-milk-1l,,2024-08-17T06:44:39.551298-04:00
68-495-DRI,Arla Big Filtered Milk Vitamin Enriched Whole Milk for Kids 1+ 2L,Arla,Drinks,Baby milk & drinks,All baby milk & drinks,2L,£2.50,,£2.75,£1.25 / ltr,7752346,"Fresh whole milk enriched with Iron, Vitamin A and Vitamin D, Homogenised, pasteurised, standardised and filtered.",,https://assets.sainsburys-groceries.co.uk/gol/7752346/1/640x640.jpg,"Per 100ml
Energy 273kJ/
65kcal
Fat 3.6g
of which saturates 2.3g
Carbohydrate 4.7g
of which sugars 4.7g
Protein 3.4g
Salt 0.1g
*Daily Reference Intake of an average adult","Whole Milk, Iron, Vitamin A, Vitamin D",https://www.sainsburys.co.uk/gol-ui/product/arla-big-milk-2l,,2024-08-17T06:44:47.461566-04:00
68-496-DRI,St Helen's Farm Semi Skimmed Goats Milk 1L,St,Drinks,Dairy & chilled essentials,,1L,£2.15,,£2.25,£2.15 / ltr,4150862,Fresh pasteurised semi-skimmed goat's milk,200 ml,https://assets.sainsburys-groceries.co.uk/gol/4150862/1/640x640.jpg,"per 100ml % NRV per 200ml serving % NRV
Energy - kJ 183kJ - 366kJ -
- kcal (Calories) 44kcal - 88kcal -
Fat 1.6g - 3.2g -
- of which saturates 1.1g - 2.2g -
Carbohydrate 4.3g - 8.6g -
- of which sugars 4.3g - 8.6g -
Protein 3.0g - 6.0g -
Salt 0.1g - 0.2g -
One carton contains 5 servings
The sugars (lactose) and salt levels are naturally occurring",,https://www.sainsburys.co.uk/gol-ui/product/st-helens-semi-skimmed-goats-milk-1l,,2024-08-17T06:44:59.535040-04:00
68-497-DRI,Alpro Soya Milk Long Life Dairy Alternative 1L,Alpro,Drinks,Dairy & eggs,Dairy free,1L,£2.10,,£2.25,£2.10 / ltr,2654737,"Soya drink with added calcium, iodine and vitamins.",,https://assets.sainsburys-groceries.co.uk/gol/2654737/1/640x640.jpg,"per 100 ml
Energy 175 kJ /
42 kcal
Fat 1.9 g
of which Saturates 0.3 g
Carbohydrate 2.6 g
of which Sugars 2.5 g
Fibre 0.6 g
Protein 3.3 g
Salt 0.09 g
- D2 0.75 µg*
- B12 0.38 µg*
Minerals:
* = 15% of the nutrient reference values","Soya Base (97%) (Water, Hulled Soya Beans (8.7%)), Sugar, Acidity Regulators (Potassium Phosphates), Calcium (Calcium Carbonate), Sea Salt, Stabiliser (Gellan Gum), Natural Flavouring, Potassium Iodide, Vitamins B2, B12, D2",https://www.sainsburys.co.uk/gol-ui/product/alpro-long-life-soya-milk-alternative--original-1l,,2024-08-17T06:45:07.325642-04:00
68-498-DRI,St Helen's Farm Whole Goats Milk 1L,St,Drinks,Dairy & eggs,Milk,1L,£2.15,,£2.25,£2.15 / ltr,4150886,Fresh Pasteurised Whole Goat's Milk,200 ml,https://assets.sainsburys-groceries.co.uk/gol/4150886/1/640x640.jpg,"per 100ml % NRV per 200ml serving % NRV
Energy - kJ 254kJ - 508kJ -
- kcal (Calories) 61kcal - 122kcal -
Fat 3.5g - 7.0g -
- of which saturates 2.4g - 4.8g -
Carbohydrate 4.3g - 8.6g -
- of which sugars 4.3g - 8.6g -
Protein 2.8g - 5.6g -
Salt 0.1g - 0.2g -
One carton contains 5 servings
The sugars (lactose) and salt levels are naturally occurring",,https://www.sainsburys.co.uk/gol-ui/product/st-helens-whole-goats-milk-1l,,2024-08-17T06:45:20.068750-04:00
68-499-DRI,Yeo Valley Organic Fresh Semi Skimmed Milk 2L,Yeo,Drinks,Dairy & eggs,Milk,2L,£2.50,,£2.25,£1.25 / ltr,6483776,"Pasteurised, Homogenised, Organic Semi-Skimmed Milk",,https://assets.sainsburys-groceries.co.uk/gol/6483776/1/640x640.jpg,"Per 100ml
Energy 201kJ/
47kcal
Fat 1.8g
of which saturates 1.1g
Carbohydrate 4.8g
of which sugars 4.8g
Protein 3.6g
Salt 0.11g
RI† = Reference Intake",,https://www.sainsburys.co.uk/gol-ui/product/yeo-valley-organic-semi-skimmed-milk-2l,,2024-08-17T06:45:32.446483-04:00
68-500-DRI,Fanta Orange 18x330ml,Fanta,Drinks,Fizzy drinks,Bigger multipacks,330ML,£8.10,18 for £8.10,£7.00,14p / 100ml,8071989,Sparkling Orange Fruit Drink with Sugar and Sweeteners,,https://assets.sainsburys-groceries.co.uk/gol/8071989/1/640x640.jpg,"for 100 ml: for 330 ml (%*):
Energy: 81 kJ, 19 kcal 267 kJ (3%), 63 kcal (3%)
Fat: 0 g 0 g (0%)
of which saturates: 0 g 0 g (0%)
Carbohydrate: 4.5 g 15 g (6%)
of which sugars: 4.5 g 15 g (17%)
Protein: 0 g 0 g (0%)
Salt: 0 g 0 g (0%)
* Reference intake of an average adult (8400 kJ/ 2000 kcal)","Carbonated Water, Sugar, Orange Juice from Concentrate (3.7%), Citrus Fruit from Concentrate (1.3%), Acids (Citric Acid, Malic Acid), Vegetable Extracts (Carrot, Pumpkin), Sweeteners (Acesulfame K, Sucralose), Preservative (Potassium Sorbate), Acidity Regulator (Sodium Citrates), Stabiliser (Guar Gum), Natural Orange Flavourings with other Natural Flavourings, Antioxidant (Ascorbic Acid)",https://www.sainsburys.co.uk/gol-ui/product/fanta-orange-18x330ml,18 x 18x330ml,2024-08-17T06:45:39.369010-04:00
68-501-DRI,Red Bull Energy Drink Sugar Free 250ml x12,Red,Drinks,Mixers & adult soft drinks,Mixers,250ML,£13.50,,£10.25,45p / 100ml,7720095,Energy Drink with sweeteners,,https://assets.sainsburys-groceries.co.uk/gol/7720095/1/640x640.jpg,"per 100 ml
Energy 13 kJ (3 kcal)
Fat 0 g
of which Saturates 0 g
Carbohydrates 0 g
of which Sugars 0 g
Protein 0 g
Salt 0.1 g","Water, Acid (Citric Acid), Carbon Dioxide, Taurine (0.4%), Acidity Regulators (Sodium Carbonates, Magnesium Carbonates), Caffeine (0.03%), Sweeteners (Sucralose, Acesulfame K), Vitamins (Niacin, Pantothenic Acid, B6, B12), Flavourings, Thickener (Xanthan Gum), Colours (Plain Caramel, Riboflavins)",https://www.sainsburys.co.uk/gol-ui/product/red-bull-sugarfree--energy-drink-12x250ml--7720095-p,,2024-08-17T06:45:46.378614-04:00
68-505-DRI,Sainsbury's Soda Water 1L,Sainsbury's,Drinks,Mixers & adult soft drinks,Mixers,1L,85p,,£4.00,9p / 100ml,176828,Carbonated soda water,250 ml,https://assets.sainsburys-groceries.co.uk/gol/176828/1/640x640.jpg,"Typical Values per 100ml  per 250ml serving  % based on RI for Average Adult
Energy <4.2kJkJ <4.2kJkJ -
<1kcalkcal <1kcalkcal -
Fat <0.5g <0.5g -
Saturates <0.1g <0.1g -
Carbohydrate <0.5g <0.5g -
Sugars <0.5g <0.5g -
Fibre <0.5g <0.5g -
Protein <0.5g <0.5g -
Salt 0.04g 0.11g 2%",,https://www.sainsburys.co.uk/gol-ui/product/sainsburys-soda-water-1l,,2024-08-17T06:46:31.410214-04:00
68-506-DRI,Sainsbury's Diet Indian Tonic Water 1L,Sainsbury's,Drinks,Mixers & adult soft drinks,Mixers,1L,85p,,£4.00,9p / 100ml,114950,Carbonated low calorie Indian tonic water with sweeteners,250 ml,https://assets.sainsburys-groceries.co.uk/gol/114950/1/640x640.jpg,"Typical Values per 100ml  per 250ml serving  % based on RI for Average Adult
Energy 7kJ 17kJ -
2kcal 4kcal -
Fat <0.5g <0.5g -
Saturates <0.1g <0.1g -
Carbohydrate <0.5g <0.5g -
Sugars <0.5g <0.5g -
Fibre <0.5g <0.5g -
Protein <0.5g <0.5g -
Salt 0.03g 0.07g 1%",,https://www.sainsburys.co.uk/gol-ui/product/sainsburys-tonic-water--diet-1l,,2024-08-17T06:46:43.702706-04:00
68-507-DRI,Schweppes Slimline Tonic Water 1L,Schweppes,Drinks,Mixers & adult soft drinks,Mixers,1L,£1.80,,£23.00,18p / 100ml,2161181,Sparkling Low Calorie Soft Drink with Quinine with Sweetener,,https://assets.sainsburys-groceries.co.uk/gol/2161181/1/640x640.jpg,"Per 100ml Per 250ml (%*)
Energy 8kJ 20kJ
2kcal 5kcal (0%)
Fat 0g 0g (0%)
Of which saturates 0g 0g (0%)
Carbohydrate 0g 0g (0%)
Of which sugars 0g 0g (0%)
Protein 0g 0g (0%)
Salt 0.10g 0.25g (4%)
*Reference intake of an average adult (8400kJ/2000kcal)","Carbonated Water, Acid (Citric Acid), Acidity Regulator (Sodium Citrate), Natural Flavourings including Quinine, Sweetener (Aspartame)",https://www.sainsburys.co.uk/gol-ui/product/schweppes-slimline-tonic-water-1l,,2024-08-17T06:46:50.680856-04:00
68-508-DRI,Sainsbury's Indian Tonic Water 1L,Sainsbury's,Drinks,Mixers & adult soft drinks,Mixers,1L,85p,,£4.00,9p / 100ml,114936,Carbonated Indian tonic water with sugar and sweeteners.,250 ml,https://assets.sainsburys-groceries.co.uk/gol/114936/1/640x640.jpg,"Typical Values per 100ml  per 250ml serving  % based on RI for Average Adult
Energy 87kJ 218kJ -
20kcal 51kcal 3%
Fat <0.5g <0.5g -
Saturates <0.1g <0.1g -
Carbohydrate 4.8g 12.0g 5%
Sugars 4.8g 12.0g 13%
Fibre <0.5g <0.5g -
Protein <0.5g <0.5g -
Salt <0.01g 0.03g 1%",,https://www.sainsburys.co.uk/gol-ui/product/sainsburys-indian-tonic-water-1l,,2024-08-17T06:47:03.185561-04:00
68-512-DRI,Fever-Tree Light Tonic Water 8x150ml,Fever-Tree,Drinks,Mixers & adult soft drinks,Mixers,150ML,£5.00,8 for £5.00,£23.00,42p / 100ml,7753561,Flavoured carbonated soft drink.,,https://assets.sainsburys-groceries.co.uk/gol/7753561/1/640x640.jpg,"(per 100ml)
Energy: 64kJ, 15kcal
Total fat: 0g
of which saturates: 0g
Carbohydrate: 3.8g
of which sugars: 3.8g
Protein: 0g
Salt: 0.02g","Carbonated Spring Water, Fructose (Fruit Sugar), Acid (Citric Acid), Natural Flavourings including Quinine",https://www.sainsburys.co.uk/gol-ui/product/fever-tree-light-tonic-water-can-8x150ml,8 x 8x150ml,2024-08-17T06:47:36.976010-04:00
68-513-DRI,Schweppes Tonic Water 1L,Schweppes,Drinks,Mixers & adult soft drinks,Mixers,1L,£1.80,,£23.00,18p / 100ml,2161174,Sparkling Soft Drink with Quinine with Sugar and Sweetener,,https://assets.sainsburys-groceries.co.uk/gol/2161174/1/640x640.jpg,"Per: 100ml Per: 250ml (%*)
Energy: 89kJ/
223kJ/
-
21kcal 53kcal (3%)
Fat: 0g 0g (0%)
of which saturates: 0g 0g (0%)
Carbohydrate: 4.9g 12g (5%)
of which sugars: 4.9g 12g (14%)
Protein: 0g 0g (0%)
Salt: 0g 0g (0%)
*Reference intake of an average adult (8400kJ/2000kcal)
1L = 4 x 250ml glass","Carbonated Water, Sugar, Acid (Citric Acid), Natural Flavourings Including Quinine, Sweetener (Sodium Saccharin)",https://www.sainsburys.co.uk/gol-ui/product/schweppes-tonic-water-1l,,2024-08-17T06:47:43.779001-04:00
68-514-DRI,Sainsbury's Diet Indian Tonic with Lemon 1L,Sainsbury's,Drinks,Mixers & adult soft drinks,Mixers,1L,85p,,£4.00,9p / 100ml,525992,Carbonated low calorie Indian tonic water with lemon juice from concentrate and sweeteners,250 ml,https://assets.sainsburys-groceries.co.uk/gol/525992/1/640x640.jpg,"Typical Values per 100ml  per 250ml serving  % based on RI for Average Adult
Energy 10kJ 24kJ -
2kcal 6kcal -
Fat <0.5g <0.5g -
Saturates <0.1g <0.1g -
Carbohydrate <0.5g <0.5g -
Sugars <0.5g <0.5g -
Fibre <0.5g <0.5g -
Protein <0.5g <0.5g -
Salt 0.04g 0.11g 2%",,https://www.sainsburys.co.uk/gol-ui/product/sainsburys-tonic-water--diet-with-a-dash-of-lemon-1l,,2024-08-17T06:47:55.795123-04:00
68-515-DRI,San Pellegrino Lemon 6x330ml,San,Drinks,Fizzy drinks,Fruit flavoured,330ML,£4.80,6 for £4.80,£4.00,24p / 100ml,8163060,Sparkling Lemon Beverage with 16% Lemon Juice from Concentrate with Sugar and Sweetener,,https://assets.sainsburys-groceries.co.uk/gol/8163060/1/640x640.jpg,"Per 100ml Per can % RI* Per Can
Energy 94kJ 310kJ 4%
22kcal 73kcal -
Fat, of which: 0.0g 0.0g 0%
saturates 0.0g 0.0g 0%
Carbohydrate 4.5g 14.9g 6%
of which: sugars 4.5g 14.9g 17%
Fibre 0.1g 0.3g -
Protein 0.0g 0.2g <1%
Salt 0.01g 0.04g <1%
*Reference intake of an average adult (8400kJ/2000kcal)
Contains 6 servings","Water, Lemon Juice from Concentrate (16%), Sugar, Carbon Dioxide, Natural Lemon Flavourings, Natural Flavourings, Stabiliser: Pectins, Acid: Citric Acid, Sweetener: Steviol Glycosides from Stevia, From natural origin",https://www.sainsburys.co.uk/gol-ui/product/san-pellegrino-lemon-6x330ml-8163060-p-44,6 x 6x330ml,2024-08-17T06:48:04.128527-04:00
68-516-DRI,Appletiser 6x250ml,Appletiser,Drinks,Special offers,,250ML,£4.75,6 for £4.75,£5.00,32p / 100ml,7858378,Sparkling Apple Juice from Concentrate,250 ml,https://assets.sainsburys-groceries.co.uk/gol/7858378/1/640x640.jpg,"Per 100ml Per 250ml Serving
Energy 197kJ 493kJ
47kcal 118kcal
Carbohydrate 11g 28g
Of which sugars 10.5g 26g
Fat, saturates, protein, salt - negligible amount
*Reference intake of an average adult (8400kJ/2000kcal)",Carbonated Apple Juice from Concentrate (100%),https://www.sainsburys.co.uk/gol-ui/product/appletiser-6x250ml,6 x 6x250ml,2024-08-17T06:48:11.584995-04:00
68-518-DRI,Schweppes Slimline Tonic Water 12x150ml,Schweppes,Drinks,Mixers & adult soft drinks,Mixers,150ML,£5.85,12 for £5.85,£23.00,33p / 100ml,2955605,Sparkling Low Calorie Soft Drink with Quinine with Sweetener,,https://assets.sainsburys-groceries.co.uk/gol/2955605/1/640x640.jpg,"Per 100ml Per 150ml (%*)
Energy 8kJ 12kJ
2kcal 3kcal (0%)
Fat 0g 0g (0%)
Of which saturates 0g 0g (0%)
Carbohydrate 0g 0g (0%)
Of which sugars 0g 0g (0%)
Protein 0g 0g (0%)
Salt 0.10g 0.15g (3%)
*Reference intake of an average adult (8400kJ/2000kcal)","Carbonated Water, Acid (Citric Acid), Acidity Regulator (Sodium Citrate), Natural Flavourings including Quinine, Sweetener (Aspartame)",https://www.sainsburys.co.uk/gol-ui/product/schweppes-slimline-tonic-water-x12-150ml,12 x 12x150ml,2024-08-17T06:48:30.884232-04:00
68-519-DRI,Schweppes Slimline Lemonade 2L,Schweppes,Drinks,Fizzy drinks,Diet & sugar free,2L,£1.50,,£1.85,8p / 100ml,3756973,Sparkling Low Calorie Lemon Flavour Soft Drink with Sweeteners,,https://assets.sainsburys-groceries.co.uk/gol/3756973/1/640x640.jpg,"Per 100ml Per 250ml (%*)
Energy 7kJ 18kJ
2kcal 5kcal (0%)
Fat 0g 0g (0%)
Of which saturates 0g 0g (0%)
Carbohydrate 0g 0g (0%)
Of which sugars 0g 0g (0%)
Protein 0g 0g (0%)
Salt 0.03g 0.08g (1%)","Carbonated Water, Lemon Juice from Concentrate (2%), Acid (Citric Acid), Flavourings, Acidity Regulator (Sodium Citrate), Sweeteners (Aspartame, Sodium Saccharin), Preservative (Potassium Sorbate), Antioxidant (Ascorbic Acid)",https://www.sainsburys.co.uk/gol-ui/product/schweppes-lemonade--diet-2l,,2024-08-17T06:48:37.846831-04:00
68-523-DRI,San Pellegrino Orange 6x330ml,San,Drinks,Fizzy drinks,Fruit flavoured,330ML,£4.80,6 for £4.80,£4.00,24p / 100ml,8162866,Sparkling Orange Beverage with 16% Orange Juice from Concentrate with Sugar and Sweetener,,https://assets.sainsburys-groceries.co.uk/gol/8162866/1/640x640.jpg,"Per 100ml Per Can % RI* Per Can
Energy 82kJ 272kJ 3%
19kcal 64kcal -
Fat, of which: 0.0g 0.0g 0%
saturates 0.0g 0.0g 0%
Carbohydrate 4.4g 14.5g 6%
of which: sugars 4.4g 14.5g 16%
Fibre 0.0g 0.1g -
Protein 0.1g 0.3g <1%
Salt 0.01g 0.03g <1%
*Reference intake of an average adult (8400kJ/2000kcal)
Contains 6 servings","Water, Orange Juice from Concentrate (16%), Sugar, Carbon Dioxide, Orange Extract (0,1%), Acid: Citric Acid, Natural Flavourings, Stabiliser: Pectins, Natural Orange Flavouring, Sweetener: Steviol Glycosides from Stevia, Sweetener from natural origin",https://www.sainsburys.co.uk/gol-ui/product/sanpellegrino-orange-330ml,6 x 6x330ml,2024-08-17T06:49:07.362655-04:00
68-526-DRI,Sainsbury's Pineapple Juice 1L,Sainsbury's,Drinks,Juice & smoothies,All juice & smoothies,1L,£1.50,,£2.50,15p / 100ml,100847,Pineapple juice from concentrate,150 ml,https://assets.sainsburys-groceries.co.uk/gol/100847/1/640x640.jpg,"Typical Values Per 100ml  Per 150ml serving  % based on RI for Average Adult
Energy 212kJ 318kJ -
50kcal 75kcal 4%
Fat <0.5g <0.5g -
Saturates <0.1g <0.1g -
Carbohydrate 11.4g 17.1g 7%
Sugars 10.7g 16.0g 18%
Starch 0.7g 1.0g -
Fibre <0.5g <0.5g -
Protein <0.5g <0.5g 1%
Salt 0.07g 0.10g 2%",,https://www.sainsburys.co.uk/gol-ui/product/sainsburys-pineapple-juice-1l,,2024-08-17T06:49:34.379600-04:00
68-527-DRI,San Pellegrino Blood Orange 6x330ml,San,Drinks,Fizzy drinks,Fruit flavoured,330ML,£4.80,6 for £4.80,£4.00,24p / 100ml,8163051,Sparkling Fruit Beverage with 12% Orange Juice and 4% Blood Orange Juice from Concentrates with Sugar and Sweetener,,https://assets.sainsburys-groceries.co.uk/gol/8163051/1/640x640.jpg,"Per 100ml Per Can % RI* Per Can
Energy 88kJ 291kJ 3%
21kcal 69kcal -
Fat, of which: 0.0g 0.0g 0%
saturates 0.0g 0.0g 0%
Carbohydrate 4.5g 14.9g 6%
of which: sugars 4.4g 14.6g 16%
Fibre 0.1g 0.3g -
Protein 0.1g 0.3g 1%
Salt 0.01g 0.02g <1%
*Reference intake of an average adult (8400kJ/2000kcal)
Contains 6 servings","Water, Orange Juice from Concentrate (12%), Blood Orange Juice from Concentrate (4%), Sugar, Carbon Dioxide, Natural Flavourings, Orange Extract (0.1%), Acid: Citric Acid, Black Carrot Concentrate, Stabiliser: Pectins, Sweetener: Steviol Glycosides from Stevia, Sweetener from Natural origin",https://www.sainsburys.co.uk/gol-ui/product/sanpellegrino-blood-orange-330ml,6 x 6x330ml,2024-08-17T06:49:41.776098-04:00
68-528-DRI,Sainsbury's Diet Indian Tonic with Lime 1L,Sainsbury's,Drinks,Mixers & adult soft drinks,Mixers,1L,85p,,£4.00,9p / 100ml,1416947,Carbonated low calorie Indian tonic water with lime juice and sweeteners,250 ml,https://assets.sainsburys-groceries.co.uk/gol/1416947/1/640x640.jpg,"Typical Values per 100ml  per 250ml serving  % based on RI for Average Adult
Energy 7kJ 18kJ -
2kcal 4kcal -
Fat <0.5g <0.5g -
Saturates <0.1g <0.1g -
Carbohydrate <0.5g <0.5g -
Sugars <0.5g <0.5g -
Fibre <0.5g <0.5g -
Protein <0.5g <0.5g -
Salt 0.03g 0.08g 1%",,https://www.sainsburys.co.uk/gol-ui/product/sainsburys-tonic--diet-twist-of-lime-1l,,2024-08-17T06:49:53.975785-04:00
68-529-DRI,Schweppes Tonic Water 12x150ml,Schweppes,Drinks,Mixers & adult soft drinks,Mixers,150ML,£5.85,12 for £5.85,£23.00,33p / 100ml,2955599,Sparkling Soft Drink with Quinine with Sugar and Sweetener,,https://assets.sainsburys-groceries.co.uk/gol/2955599/1/640x640.jpg,"Per 100ml Per 150ml (%*)
Energy 89kJ 134kJ
21kcal 32kcal (2%)
Fat 0g 0g (0%)
Of which saturates 0g 0g (0%)
Carbohydrate 4.9g 7.4g (3%)
Of which sugars 4.9g 7.4g (8%)
Protein 0g 0g (0%)
Salt 0g 0g (0%)
*Reference intake of an average adult (8400kJ/2000kcal)","Carbonated Water, Sugar, Acid (Citric Acid), Natural Flavourings including Quinine, Sweetener (Sodium Saccharin)",https://www.sainsburys.co.uk/gol-ui/product/schweppes-tonic-water-x12-150ml,12 x 12x150ml,2024-08-17T06:50:01.199432-04:00
68-531-DRI,Fever-Tree Light Tonic Water 500ml,Fever-Tree,Drinks,Mixers & adult soft drinks,Mixers,500ML,£2.10,,£4.00,42p / 100ml,7301357,Flavoured carbonated soft drink.,,https://assets.sainsburys-groceries.co.uk/gol/7301357/1/640x640.jpg,"(per 100ml)
Energy: 64kJ,15kcal
Total fat: 0g
of which saturates: 0g
Carbohydrate: 3.8g
of which sugars: 3.8g
Protein: 0g
Salt: 0.02g","Carbonated Spring Water, Fructose (Fruit Sugar), Acid (Citric Acid), Natural Flavourings including Quinine",https://www.sainsburys.co.uk/gol-ui/product/fever-tree-light-tonic-water-500ml,,2024-08-17T06:50:22.453604-04:00
68-532-DRI,Fever-Tree Light Mediterranean Tonic Water 8x150ml,Fever-Tree,Drinks,Mixers & adult soft drinks,Mixers,150ML,£5.00,8 for £5.00,£23.00,42p / 100ml,7913908,Flavoured carbonated soft drink.,,https://assets.sainsburys-groceries.co.uk/gol/7913908/1/640x640.jpg,"(per 100ml)
Energy: 72kJ, 17kcal
Total fat: 0g
of which saturates: 0g
Carbohydrate: 4.2g
of which sugars: 4.2g
Protein: 0g
Salt: 0.02g","Carbonated Spring Water, Fructose (Fruit Sugar), Acid (Citric Acid), Natural Flavourings including Quinine",https://www.sainsburys.co.uk/gol-ui/product/fever-tree-refreshingly-light-mediterranean-tonic-water-8x150ml,8 x 8x150ml,2024-08-17T06:50:29.636482-04:00
68-533-DRI,Sainsbury's Cranberry Juice Drink 1L,Sainsbury's,Drinks,Juice & smoothies,All juice & smoothies,1L,£1.35,,£2.50,14p / 100ml,1160222,cranberry juice drink from concentrate with sugar and sweetener,150 ml,https://assets.sainsburys-groceries.co.uk/gol/1160222/1/640x640.jpg,"Typical Values Per 100ml  Per 150ml serving  % based on RI for Average Adult
Energy 91kJ 137kJ -
21kcal 32kcal 2%
Fat <0.5g <0.5g -
Saturates <0.1g <0.1g -
Mono-unsaturates <0.1g <0.1g -
Polyunsaturates <0.1g <0.1g -
Carbohydrate 4.8g 7.2g 3%
Sugars 4.1g 6.1g 7%
Starch 0.7g 1.1g -
Fibre <0.5g <0.5g -
Protein <0.5g <0.5g -
Salt <0.01g <0.01g -",,https://www.sainsburys.co.uk/gol-ui/product/sainsburys-cranberry-juice-drink-1l,,2024-08-17T06:50:42.320226-04:00
68-534-DRI,"Sainsbury's Cranberry & Raspberry Juice Drink, No Added Sugar 1L",Sainsbury's,Drinks,Juice & smoothies,All juice & smoothies,1L,£1.35,,£2.50,14p / 100ml,1301953,No added sugar cranberry and raspberry juice drink from concentrate with sweeteners,150 ml,https://assets.sainsburys-groceries.co.uk/gol/1301953/1/640x640.jpg,"Typical Values Per 100ml  Per 150ml serving  % based on RI for Average Adult
Energy 16kJ 24kJ -
4kcal 6kcal -
Fat <0.5g <0.5g -
Saturates <0.1g <0.1g -
Mono-unsaturates <0.1g <0.1g -
Polyunsaturates <0.1g <0.1g -
Carbohydrate 0.7g 1.0g -
Sugars 0.7g 1.0g 1%
Starch <0.5g <0.5g -
Fibre <0.5g <0.5g -
Protein <0.5g <0.5g -
Salt <0.01g <0.01g -",,https://www.sainsburys.co.uk/gol-ui/product/sainsburys-cranberry---raspberry-juice-drink--no-added-sugar-1l,,2024-08-17T06:50:54.529499-04:00
68-536-DRI,Coca-Cola Original Taste 12x150ml,Coca-Cola,Drinks,Discover,Coca Cola & Pizza,150ML,£6.55,12 for £6.55,£1.85,36p / 100ml,2461465,Sparkling Soft Drink with Plant Extracts,,https://assets.sainsburys-groceries.co.uk/gol/2461465/1/640x640.jpg,"Per 100ml Per 150ml (%*)
Energy 180kJ 270kJ
42kcal 63kcal (3%)
Fat 0g 0g (0%)
of which saturates 0g 0g (0%)
Carbohydrate 10.6g 16g (6%)
of which sugars 10.6g 16g (18%)
Protein 0g 0g (0%)
Salt 0g 0g (0%)
*Reference intake of an average adult (8400kJ/2000kcal)","Carbonated Water, Sugar, Colour (Caramel E150d), Acid (Phosphoric Acid), Natural Flavourings including Caffeine",https://www.sainsburys.co.uk/gol-ui/product/coca-cola--mini-cans-x12-150ml,12 x 12x150ml,2024-08-17T06:51:11.511193-04:00
68-537-DRI,Ocean Spray Cranberry Classic 1L,Ocean,Drinks,Juice & smoothies,All juice & smoothies,1L,£1.85,,£2.50,19p / 100ml,7315522,Cranberry juice drink with sugar and sweetener.,,https://assets.sainsburys-groceries.co.uk/gol/7315522/1/640x640.jpg,"per 100ml (%RI**)
Energy 86kJ/
20kcal
Carbohydrate 4.3g
Of which sugars 4.3g
**Reference Intake of an average adult (8400kJ/2000kcal)
Contains negligible amounts of Fat, Saturates and Protein and Salt","Water, Cranberry Juice from Concentrate (27%), Sugar, Thickener (Pectin), Vitamin C, Vegetable and Fruit Concentrates (Carrot, Cranberry), Sweetener (Steviol Glycosides from Stevia), Natural Flavouring",https://www.sainsburys.co.uk/gol-ui/product/ocean-spray-cranberry-classic-1l,,2024-08-17T06:51:18.951856-04:00
68-539-DRI,"Sainsbury's Dry Ginger Ale, Diet 1L",Sainsbury's,Drinks,Mixers & adult soft drinks,Adult soft drinks,1L,85p,,£4.00,9p / 100ml,6594580,Carbonated low calorie ginger ale with sweeteners,250 ml,https://assets.sainsburys-groceries.co.uk/gol/6594580/1/640x640.jpg,"Typical Values per 100ml  per 250ml serving  % based on RI for Average Adult
Energy 9kJ 24kJ -
2kcal 6kcal -
Fat <0.5g <0.5g -
Saturates <0.1g <0.1g -
Carbohydrate <0.5g <0.5g -
Sugars <0.5g <0.5g -
Fibre <0.5g <0.5g -
Protein <0.5g <0.5g -
Salt <0.01g <0.01g -",,https://www.sainsburys.co.uk/gol-ui/product/sainsburys-diet-dry-ginger-ale-1l,,2024-08-17T06:51:38.428742-04:00
68-541-DRI,Fever-Tree Premium Indian Tonic Water 8x150ml,Fever-Tree,Drinks,Mixers & adult soft drinks,Mixers,150ML,£5.25,8 for £5.25,£23.00,44p / 100ml,7753558,Premium Indian Tonic Water,,https://assets.sainsburys-groceries.co.uk/gol/7753558/1/640x640.jpg,"(per 100ml):
Energy: 149kJ, 36kcal
Total Fat: 0g
of which saturates: 0g
Carbohydrate: 8.9g
of which sugars: 8.0g
Protein: 0g
Salt: 0g","Carbonated Spring Water, Sugar, Acid: Citric Acid, Natural Flavours including Natural Quinine",https://www.sainsburys.co.uk/gol-ui/product/fever-tree-tonic-water-can-8x150ml,8 x 8x150ml,2024-08-17T06:51:53.725825-04:00
68-542-DRI,"Sainsbury's Bitter Lemon, Diet 1L",Sainsbury's,Drinks,Mixers & adult soft drinks,Mixers,1L,85p,,£4.00,9p / 100ml,154635,Carbonated low calorie bitter lemon flavour drink with sweeteners.,250 ml,https://assets.sainsburys-groceries.co.uk/gol/154635/1/640x640.jpg,"Typical Values per 100ml  per 250ml serving  % based on RI for Average Adult
Energy 12kJ 29kJ -
3kcal 7kcal -
Fat <0.5g <0.5g -
Saturates <0.1g <0.1g -
Carbohydrate <0.5g <0.5g -
Sugars <0.5g <0.5g -
Fibre <0.5g <0.5g -
Protein <0.5g <0.5g -
Salt 0.04g 0.11g 2%",,https://www.sainsburys.co.uk/gol-ui/product/sainsburys-bitter-lemon--diet-1l,,2024-08-17T06:52:05.851903-04:00
68-545-DRI,Schweppes Soda Water 1L,Schweppes,Drinks,Mixers & adult soft drinks,Mixers,1L,£1.80,,£4.00,18p / 100ml,2534053,Sparkling Soda Water Soft Drink,250 ml,https://assets.sainsburys-groceries.co.uk/gol/2534053/1/640x640.jpg,"Per: 100ml Per: 250ml (%*)
Energy: 0kJ/
0kJ/
0kcal 0kcal (0%)
Fat: 0g 0g (0%)
of which saturates: 0g 0g (0%)
Carbohydrate: 0g 0g (0%)
of which sugars: 0g 0g (0%)
Protein: 0g 0g (0%)
Salt: 0.05g 0.13g (2%)
*Reference intake of an average adult (8400kJ/2000kcal)
1L = 4 x 250ml servings","Carbonated Water, Sodium Bicarbonate",https://www.sainsburys.co.uk/gol-ui/product/schweppes-soda-water-1l,,2024-08-17T06:52:33.609419-04:00
68-546-DRI,Fever-Tree Sparkling Ginger Beer 500ml,Fever-Tree,Drinks,Fizzy drinks,Fruit flavoured,500ML,£2.10,,£1.60,42p / 100ml,7548335,Flavoured carbonated soft drink.,,https://assets.sainsburys-groceries.co.uk/gol/7548335/1/640x640.jpg,"per 100ml
Energy: 79kJ,19kcal
Total fat: 0g
of which saturates: 0g
Carbohydrate: 4.6g
of which sugars: 4.4g
Protein: 0g
Salt: 0.02g","Carbonated Spring Water, Fructose (Fruit Sugar), Ginger Root, Natural Ginger Flavouring with other Natural Flavourings, Acid (Tartaric Acid), Antioxidant (Ascorbic Acid), Natural Flavouring",https://www.sainsburys.co.uk/gol-ui/product/fever-tree-premium-lite-ginger-beer-500ml,,2024-08-17T06:52:40.811020-04:00
68-547-DRI,Diet Coke 12x150ml,Diet,Drinks,Discover,Coca Cola & Pizza,150ML,£5.85,12 for £5.85,£1.85,33p / 100ml,2461519,Sparkling Low Calorie Soft Drink with Plant Extracts with Sweeteners,,https://assets.sainsburys-groceries.co.uk/gol/2461519/1/640x640.jpg,"100 ml 150 ml (%*)
Energy 1.6 kJ 2.4 kJ (0%)
0.4 kcal 1 kcal (0%)
Fat 0 g 0 g (0%)
of which saturates 0 g 0 g (0%)
Carbohydrate 0 g 0 g (0%)
of which sugars 0 g 0 g (0%)
Fibre 0 g 0 g (0%)
Protein 0 g 0 g (0%)
Salt 0 g 0 g (0%)
*Reference intake of an average adult (8400 kJ/ 2000 kcal)","Carbonated Water, Colour (Caramel E150d), Sweeteners (Aspartame, Acesulfame K), Natural Flavourings, Caffeine Flavouring, Acids (Phosphoric Acid, Citric Acid)",https://www.sainsburys.co.uk/gol-ui/product/diet-coke-mini-cans-12x150ml,12 x 12x150ml,2024-08-17T06:52:47.920899-04:00
68-549-DRI,Fever-Tree Light Elderflower Tonic Water 8x150ml,Fever-Tree,Drinks,Mixers & adult soft drinks,Mixers,150ML,£5.00,8 for £5.00,£23.00,42p / 100ml,8153414,Flavoured carbonated soft drink.,,https://assets.sainsburys-groceries.co.uk/gol/8153414/1/640x640.jpg,"(per 100ml)
Energy: 75kJ, 18kcal
Total fat: 0g
of which saturates: 0g
Carbohydrate: 4.4g
of which sugars: 4.4g
Protein: 0g
Salt: 0.02g","Carbonated Spring Water, Fructose, Elderflower Extract, Acid (Citric Acid), Natural Flavourings including Quinine",https://www.sainsburys.co.uk/gol-ui/product/fever-tree-refreshingly-light-elderflower-tonic-water-8x150ml-8153414-p-44,8 x 8x150ml,2024-08-17T06:53:01.816223-04:00
68-551-DRI,Ocean Spray Cranberry Classic Light 1L,Ocean,Drinks,Juice & smoothies,All juice & smoothies,1L,£1.85,,£2.50,19p / 100ml,7315593,Cranberry juice drink with sweetener.,,https://assets.sainsburys-groceries.co.uk/gol/7315593/1/640x640.jpg,"per 100ml
Energy 34kJ /
8kcal
Carbohydrate 2.1g
of which Sugars 1.0g
Salt 0.05g
Contains negligible amounts of Fat, Saturates and Protein","Water, Cranberry Juice from Concentrate (27%), Thickener (Pectin), Acidity Regulator (Sodium Citrate), Flavouring, Sweetener (Sucralose)",https://www.sainsburys.co.uk/gol-ui/product/ocean-spray-cranberry-classic-light-1l,,2024-08-17T06:53:16.248800-04:00
68-552-DRI,Schweppes Lemonade 6x330ml,Schweppes,Drinks,Fizzy drinks,Fruit flavoured,330ML,£4.00,6 for £4.00,£1.85,20p / 100ml,6752302,Sparkling Lemon Flavour Soft Drink with Sugar and Sweeteners,,https://assets.sainsburys-groceries.co.uk/gol/6752302/1/640x640.jpg,"Per 100ml Per 330ml (%*)
Energy 78kJ 257kJ
18kcal 59kcal (3%)
Fat 0g 0g (0%)
Of which saturates 0g 0g (0%)
Carbohydrate 4.2g 14g (5%)
Of which sugars 4.2g 14g (15%)
Protein 0g 0g (0%)
Salt 0.04g 0.13g (2%)
*Reference intake of an average adult (8400kJ/2000kcal)","Carbonated Water, Sugar, Lemon Juice from Concentrate (2%), Citric Acid, Flavourings, Acidity Regulator (Sodium Citrate), Sweeteners (Aspartame, Sodium Saccharin), Preservative (Potassium Sorbate), Antioxidant (Ascorbic Acid)",https://www.sainsburys.co.uk/gol-ui/product/schweppes-lemonade-6x330ml,6 x 6x330ml,2024-08-17T06:53:23.545718-04:00
68-553-DRI,Schweppes Slimline Elderflower Tonic Water 1L,Schweppes,Drinks,Mixers & adult soft drinks,Mixers,1L,£1.80,,£23.00,18p / 100ml,7700301,Sparkling low calorie elderflower flavour soft drink with quinine with sweeteners,250 ml,https://assets.sainsburys-groceries.co.uk/gol/7700301/1/640x640.jpg,"Per: 100ml Per: 250ml (%*)
Energy: 8kJ/
20kJ/
2kcal 5kcal (0%)
Fat: 0g 0g (0%)
of which saturates: 0g 0g (0%)
Carbohydrate: 0g 0g (0%)
of which sugars: 0g 0g (0%)
Protein: 0g 0g (0%)
Salt: 0.10g 0.25g (4%)
*Reference intake of an average adult (8400kJ/2000kcal) 1L = 4 x 250ml glass
1L = 4 x 250ml servings","Carbonated Water, Citric Acid, Acidity Regulator (Sodium Citrate), Natural Flavourings including Quinine, Sweeteners (Aspartame, Acesulfame K), Preservative (Potassium Sorbate)",https://www.sainsburys.co.uk/gol-ui/product/schweppes-elderflower-tonic-water-1l,,2024-08-17T06:53:30.931070-04:00
68-554-DRI,Sainsbury's Dry Ginger Ale 1L,Sainsbury's,Drinks,Mixers & adult soft drinks,Mixers,1L,85p,,£4.00,9p / 100ml,177580,Carbonated ginger ale with sugar and sweeteners,250 ml,https://assets.sainsburys-groceries.co.uk/gol/177580/1/640x640.jpg,"Typical Values per 100ml  per 250ml serving  % based on RI for Average Adult
Energy 61kJ 152kJ -
14kcal 36kcal 2%
Fat <0.5g <0.5g -
Saturates <0.1g <0.1g -
Carbohydrate 3.0g 7.5g 3%
Sugars 3.0g 7.5g 8%
Fibre <0.5g <0.5g -
Protein <0.5g <0.5g -
Salt 0.02g 0.06g 1%",,https://www.sainsburys.co.uk/gol-ui/product/sainsburys-ginger-ale--dry-1l,,2024-08-17T06:53:43.115408-04:00
68-555-DRI,Hip Pop CBD Cherry & Blackberry Kombucha 4x330ml,Hip,Drinks,Juice & smoothies,All juice & smoothies,330ML,£6.00,4 for £6.00,£5.00,45p / 100ml,8161469,"A Lightly Sparkling Kombucha with 15mg of CBD, Cherry, Blackberry and Live Cultures.",,https://assets.sainsburys-groceries.co.uk/gol/8161469/1/640x640.jpg,"Per 100ml:
Energy 67kJ /
16kcal
Fat 0.2g
Of which Saturates 0.2g
Carbohydrate 2.9g
Of which Sugars 2.7g
Protein 0.6g
Salt <0.1g","Water, Cane Sugar, Green Tea, Black Tea, Kombucha Culture, Sour Cherry, Sweet Cherry, Blueberry and Blackberry Juices from Concentrate, Natural Flavourings, CBD (15mg), Living Cultures (Bacillus Coagulans)",https://www.sainsburys.co.uk/gol-ui/product/hip-pop-cbd-cherry-blackberry-kombucha-4x330ml,4 x 4x330ml,2024-08-17T06:53:50.126874-04:00
68-556-DRI,Lipton Ice Tea Mango Flavoured Still Soft Drink 1.25L,Lipton,Drinks,Discover,Win with Lipton,1.25L,£2.25,,£1.50,18p / 100ml,7988936,Still Soft Drink with Tea Extract and Mango Juice with Sugars and Sweetener.,,https://assets.sainsburys-groceries.co.uk/gol/7988936/1/640x640.jpg,"Per 100 ml Per 250 ml % per 250 ml*
Energy 82 kJ/
19 kcal 205 kJ/
48 kcal 2%
Fat <0.5 g <0.5 g <1%
- of which saturates <0.1 g <0.1 g <1%
Carbohydrate 4.6 g 12 g 5%
- of which sugars 4.5 g 11 g 12%
Protein <0.5 g <0.5 g <1%
Salt 0.07 g 0.16 g 3%
*Reference intake of an average adult (8400kJ/2000kcal)
1 portion = 250 ml (Pack contains 5 portions)","Water, Sugars (Sucrose, Fructose), Acid (Citric Acid), Black Tea Extract (0.12%), Acidity Regulator (Trisodium Citrate), Mango Juice from Concentrate (0.1%), Flavourings, Antioxidant (Ascorbic Acid), Sweetener (Steviol Glycosides from Stevia)",https://www.sainsburys.co.uk/gol-ui/product/lipton-ice-tea-mango-flavoured-still-soft-drink-125l,,2024-08-17T06:53:56.897350-04:00
68-559-DRI,Bottlegreen Refreshing Lime & Mint Cordial 500ml,Bottlegreen,Drinks,Special offers,,500ML,£4.25,,£3.00,85p / 100ml,8114782,Lime & Mint Cordial.,,https://assets.sainsburys-groceries.co.uk/gol/8114782/1/640x640.jpg,"Per 100ml when diluted 1 part cordial with 14 parts water
Energy 78kj/
18kcal
Fat 0g
of which saturates 0g
Carbohydrate 4.5g
of which sugars 4.4g
Protein 0g
Salt 0g","Sugar, Lime Juice from Concentrate (25%), Cotswold Spring Water, Fructose, Citric Acid, Natural Flavourings",https://www.sainsburys.co.uk/gol-ui/product/bottlegreen-refreshing-lime-mint-cordial-500ml,,2024-08-17T06:54:17.077103-04:00
68-560-DRI,Purdey's Natural Energy Refocus Dark Fruits with Guarana 4x250ml,Purdey's,Drinks,Juice & smoothies,All juice & smoothies,250ML,£4.00,4 for £4.00,£3.25,40p / 100ml,8063951,Carbonated Multivitamin Fruit Drink,,https://assets.sainsburys-groceries.co.uk/gol/8063951/1/640x640.jpg,"Per 100ml:
Energy 80kJ/
19kcal
Fat 0g
of which saturates 0g
Carbohydrate 4.1g
of which sugars 4g
Protein 0g
Salt 0g
*Reference intake of an average adult (8400kJ/2000kcal)","Carbonated Water, Fruit Juices from Concentrate 35% (Grape 25%, Apple 8%, Blackberry 1%, Sloe 1%), Botanical Extracts (Damiana Guarana Extract (0,07%), Oak Bark, Chinese Ginseng), Acid (Citric Acid), Natural Blackberry Flavouring with other Natural Flavourings, Natural Caffeine (0.01%), Natural Colour (Anthocyanins), Vitamins (C, Niacin, Thiamin, B6, Riboflavin, B12)",https://www.sainsburys.co.uk/gol-ui/product/purdeys-natural-energy-refocus-dark-fruits-with-guarana-4x250ml,4 x 4x250ml,2024-08-17T06:54:23.894344-04:00
68-563-DRI,Sainsbury's Pure Apple Juice 1L,Sainsbury's,Drinks,Juice & smoothies,All juice & smoothies,1L,£1.35,,£2.50,14p / 100ml,100861,Apple juice from concentrate,150 ml,https://assets.sainsburys-groceries.co.uk/gol/100861/1/640x640.jpg,"Typical Values Per 100ml  Per 150ml serving  % based on RI for Average Adult
Energy 193kJ 290kJ -
46kcal 68kcal 3%
Fat <0.5g <0.5g -
Saturates <0.1g <0.1g -
Carbohydrate 10.5g 15.7g 6%
Sugars 9.2g 13.8g 15%
Starch 1.3g 2.0g -
Fibre <0.5g <0.5g -
Protein <0.5g <0.5g -
Salt 0.06g 0.09g 2%",,https://www.sainsburys.co.uk/gol-ui/product/sainsburys-pure-apple-juice-1l,,2024-08-17T06:54:50.024263-04:00
68-564-DRI,Sainsbury's Pure Orange Juice 1L,Sainsbury's,Drinks,Juice & smoothies,All juice & smoothies,1L,£1.75,,£2.50,18p / 100ml,332965,Orange juice from concentrate,150 ml,https://assets.sainsburys-groceries.co.uk/gol/332965/1/640x640.jpg,"Typical Values Per 100ml  Per 150ml serving  % based on RI for Average Adult
Energy 176kJ 264kJ -
42kcal 62kcal 3%
Fat <0.5g <0.5g -
Saturates <0.1g <0.1g -
Mono-unsaturates <0.1g <0.1g -
Polyunsaturates <0.1g <0.1g -
Carbohydrate 8.6g 12.8g 5%
Sugars 8.0g 12.0g 13%
Starch 0.6g 0.8g -
Fibre <0.5g <0.5g -
Protein 0.6g 0.9g 2%
Salt 0.08g 0.11g 2%",,https://www.sainsburys.co.uk/gol-ui/product/sainsburys-pure-orange-juice-1l,,2024-08-17T06:55:02.117276-04:00
68-565-DRI,Sainsbury's Smooth Pure Orange Juice 1L,Sainsbury's,Drinks,Fruit juice & drinks,All fruit juice & smoothies,1L,£1.19,,£2.75,12p / 100ml,1192926,orange juice from concentrate,150 ml,https://assets.sainsburys-groceries.co.uk/gol/1192926/1/640x640.jpg,"Typical Values Per 100ml  Per 150ml serving  % based on RI for Average Adult
Energy 176kJ 264kJ -
42kcal 62kcal 3%
Fat <0.5g <0.5g -
Saturates <0.1g <0.1g -
Mono-unsaturates <0.1g <0.1g -
Polyunsaturates <0.1g <0.1g -
Carbohydrate 8.6g 12.8g 5%
Sugars 8.0g 12.0g 13%
Starch 0.6g 0.9g -
Fibre <0.5g <0.5g -
Protein 0.6g 0.9g 2%
Salt 0.08g 0.11g 2%",,https://www.sainsburys.co.uk/gol-ui/product/sainsburys-smooth-style-orange-juice-from-concentrate-1l,,2024-08-17T06:55:14.340650-04:00
68-566-DRI,"Sainsbury's 100% Pure Squeezed Smooth Orange Juice, Not From Concentrate 1L",Sainsbury's,Drinks,Fruit juice & drinks,All fruit juice & smoothies,1L,£2.00,,£2.75,20p / 100ml,1305333,Orange juice not from concentrate,,https://assets.sainsburys-groceries.co.uk/gol/1305333/1/640x640.jpg,"Typical Values 100ml contains  A serving contains  % based on RI for Average Adult
Energy 155kJ 232kJ -
36kcal 55kcal 3%
Fat <0.5g <0.5g 1%
Saturates <0.1g <0.1g -
Mono-unsaturates <0.1g <0.1g -
Polyunsaturates 0.1g 0.2g -
Carbohydrate 7.9g 11.8g 5%
Sugars 7.6g 11.4g 13%
Starch <0.5g <0.5g -
Fibre <0.5g <0.5g -
Protein 0.6g 1.0g 2%
Salt 0.06g 0.09g 2%",,https://www.sainsburys.co.uk/gol-ui/product/sainsburys-orange-juice--squeezed---smooth-1l,,2024-08-17T06:55:28.387500-04:00
68-567-DRI,Sainsbury's Pure Apple Juice 1L,Sainsbury's,Drinks,Fruit juice & drinks,All fruit juice & smoothies,1L,99p,,£2.75,10p / 100ml,488464,Apple juice from concentrate,150 ml,https://assets.sainsburys-groceries.co.uk/gol/488464/1/640x640.jpg,"Typical Values per 100ml  per 150ml serving  % based on RI for Average Adult
Energy 193kJ 290kJ -
46kcal 68kcal 3%
Fat <0.5g <0.5g -
Saturates <0.1g 0.1g 1%
Mono-unsaturates <0.1g 0.1g -
Polyunsaturates <0.1g 0.1g -
Carbohydrate 10.5g 15.7g 6%
Sugars 9.2g 13.8g 15%
Starch 1.3g 2.0g -
Fibre <0.5g <0.5g -
Protein <0.5g <0.5g -
Salt 0.06g 0.09g 2%",,https://www.sainsburys.co.uk/gol-ui/product/sainsburys-apple-juice-from-concentrate-1l,,2024-08-17T06:55:40.796341-04:00
68-568-DRI,"Sainsbury's 100% Pure Squeezed Smooth Orange Juice, Not From Concentrate 1.75L",Sainsbury's,Drinks,Fruit juice & drinks,All fruit juice & smoothies,1.75L,£3.00,,£2.75,17p / 100ml,1420340,Orange Juice not from concentrate,,https://assets.sainsburys-groceries.co.uk/gol/1420340/1/640x640.jpg,"Typical Values 100ml contains  A serving contains  % based on RI for Average Adult
Energy 155kJ 232kJ -
36kcal 55kcal 3%
Fat <0.5g <0.5g 1%
Saturates <0.1g <0.1g -
Mono-unsaturates <0.1g <0.1g -
Polyunsaturates 0.1g 0.2g -
Carbohydrate 7.9g 11.8g 5%
Sugars 7.6g 11.4g 13%
Starch <0.5g <0.5g -
Fibre <0.5g <0.5g -
Protein 0.6g 1.0g 2%
Salt 0.06g 0.09g 2%",,https://www.sainsburys.co.uk/gol-ui/product/sainsburys-fresh-orange-juice-smooth-175l,,2024-08-17T06:55:53.559103-04:00
68-569-DRI,"Sainsbury's 100% Pressed Apple Juice, Not From Concentrate 1L",Sainsbury's,Drinks,Fruit juice & drinks,All fruit juice & smoothies,1L,£2.00,,£2.75,20p / 100ml,283960,Apple juice not from concentrate,,https://assets.sainsburys-groceries.co.uk/gol/283960/1/640x640.jpg,"Typical Values 100ml contains  A serving contains  % based on RI for Average Adult
Energy 172kJ 259kJ -
41kcal 61kcal 3%
Fat <0.5g <0.5g -
Saturates <0.1g 0.1g 1%
Carbohydrate 9.4g 14.1g 5%
Sugars 8.7g 13.0g 14%
Starch 0.7g 1.1g -
Fibre <0.5g <0.5g -
Protein <0.5g <0.5g -
Salt 0.05g 0.08g 1%",,https://www.sainsburys.co.uk/gol-ui/product/sainsburys-100-pressed-apple-juice-not-from-concentrate-1l,,2024-08-17T06:56:06.668958-04:00
68-570-DRI,"Sainsbury's 100% Apple Juice, Not From Concentrate 1.75L",Sainsbury's,Drinks,Fruit juice & drinks,All fruit juice & smoothies,1.75L,£3.00,,£2.75,17p / 100ml,1420357,Apple Juice not from concentrate,,https://assets.sainsburys-groceries.co.uk/gol/1420357/1/640x640.jpg,"Typical Values per 100ml  A serving contains  % based on RI for Average Adult
Energy 172kJ 258kJ -
41kcal 61kcal 3%
Fat <0.5g <0.5g -
Saturates <0.1g <0.1g -
Carbohydrate 9.4g 14.1g 5%
Sugars 8.7g 13.0g 14%
Starch 0.7g 1.1g -
Fibre <0.5g <0.5g -
Protein <0.5g <0.5g -
Salt 0.05g 0.08g 1%",,https://www.sainsburys.co.uk/gol-ui/product/sainsburys-fresh-apple-juice-175l,,2024-08-17T06:56:18.862719-04:00
68-571-DRI,Tropicana Pure Smooth Orange Fruit Juice 900ml,Tropicana,Drinks,Fruit juice & drinks,All fruit juice & smoothies,900ML,£3.00,,£2.75,33p / 100ml,2537443,Smooth Orange Juice,150 ml,https://assets.sainsburys-groceries.co.uk/gol/2537443/1/640x640.jpg,"Per 100ml Per 150ml %*
Energy 172kJ/
40kcal 258kJ/
61kcal 3%
Fat 0g 0g 0%
of which saturates 0g 0g 0%
Carbohydrate 9.3g 14g -
of which sugars† 8.6g 13g 14%
Fibre 0g 0g -
Protein 0.8g 1.2g -
Salt 0g 0g 0%
† Contains naturally occurring sugars
**Reference Intake of an average adult (8400kJ/2000kcal)
1 serving = 150ml. This pack contains 6 servings",Orange Juice,https://www.sainsburys.co.uk/gol-ui/product/tropicana-smooth-orange-juice-1l,,2024-08-17T06:56:26.384824-04:00
68-573-DRI,"Sainsbury's 100% Pure Squeezed Orange Juice with Bits, Not From Concentrate 1L",Sainsbury's,Drinks,Fruit juice & drinks,All fruit juice & smoothies,1L,£2.00,,£2.75,20p / 100ml,1305326,Orange juice not from concentratewith juicy bits,,https://assets.sainsburys-groceries.co.uk/gol/1305326/1/640x640.jpg,"Typical Values 100ml contains  A serving contains  % based on RI for Average Adult
Energy 164kJ 246kJ -
39kcal 58kcal 3%
Fat <0.5g <0.5g -
Saturates <0.1g <0.1g -
Carbohydrate 8.4g 12.6g 5%
Sugars 8.1g 12.2g 14%
Starch <0.5g <0.5g -
Fibre <0.5g <0.5g -
Protein 0.6g 0.9g 2%
Salt 0.05g 0.08g 1%",,https://www.sainsburys.co.uk/gol-ui/product/sainsburys-orange-juice--squeezed-with-juicy-bits-1l,,2024-08-17T06:56:51.273149-04:00
68-575-DRI,"Sainsbury's 100% Pure Squeezed Orange Juice with Bits, Not From Concentrate 1.75L",Sainsbury's,Drinks,Fruit juice & drinks,All fruit juice & smoothies,1.75L,£3.00,,£2.75,17p / 100ml,1420296,Orange juice not from concentratewith juicy bits,,https://assets.sainsburys-groceries.co.uk/gol/1420296/1/640x640.jpg,"Typical Values Per 100ml  A serving contains  % based on RI for Average Adult
Energy 164kJ 246kJ -
39kcal 58kcal 3%
Fat <0.5g <0.5g -
Saturates <0.1g <0.1g -
Mono-unsaturates <0.1g <0.1g -
Polyunsaturates <0.1g 0.2g -
Carbohydrate 8.4g 12.6g 5%
Sugars 8.1g 12.2g 14%
Starch <0.5g <0.5g -
Fibre <0.5g <0.5g -
Protein 0.6g 0.9g 2%
Salt 0.05g 0.08g 1%",,https://www.sainsburys.co.uk/gol-ui/product/sainsburys-100-pure-squeezed-orange-juice-with-bits-not-from-concentrate-175l,,2024-08-17T06:57:11.122722-04:00
68-576-DRI,"Sainsbury's Freshly Squeezed Smooth Orange Juice, Taste the Difference 1L",Sainsbury's,Drinks,Fruit juice & drinks,All fruit juice & smoothies,1L,£3.20,,£1.60,32p / 100ml,1282603,Freshly squeezed pasteurised smooth orange juice,150 ml,https://assets.sainsburys-groceries.co.uk/gol/1282603/1/640x640.jpg,"Typical Values Per 100ml  Per 150ml serving  % based on RI for Average Adult
Energy 226kJ 339kJ -
53kcal 80kcal 4%
Fat <0.5g <0.5g -
Saturates <0.1g <0.1g -
Carbohydrate 11.4g 17.1g 7%
Sugars 9.2g 13.8g 15%
Starch <0.5g <0.5g -
Fibre <0.5g <0.5g -
Protein 0.7g 1.1g 2%
Salt 0.03g 0.04g 1%",,https://www.sainsburys.co.uk/gol-ui/product/sainsburys-orange-juice--freshly-squeezed-smooth--taste-the-difference-1l,,2024-08-17T06:57:24.049102-04:00
68-577-DRI,Innocent Pure Orange Juice Smooth 1.35L,Innocent,Drinks,Dairy & chilled essentials,,1.35L,£4.10,,£2.00,30p / 100ml,7437991,Orange juice smooth,150 ml,https://assets.sainsburys-groceries.co.uk/gol/7437991/1/640x640.jpg,"100ml 150ml
Energy 154kJ (36kcal) 231kJ (55kcal)
Fat 0g 0g
(of which saturates) 0g 0g
Carbohydrate 7.8g 12g
(of which sugars) 7.8g 12g
Protein 0.7g 1.1g
Salt 0g 0g
* % Reference Intake
1 serving = 150ml",17 Juicy Oranges squeezed into every bottle,https://www.sainsburys.co.uk/gol-ui/product/innocent-smooth-orange-juice-135l,,2024-08-17T06:57:32.513816-04:00
68-578-DRI,"Sainsbury's Freshly Squeezed Orange Juice with Bits, Taste the Difference 1L",Sainsbury's,Drinks,Fruit juice & drinks,All fruit juice & smoothies,1L,£3.20,,£1.60,32p / 100ml,350600,Freshly squeezed pasteurised orange juice with bits,150 ml,https://assets.sainsburys-groceries.co.uk/gol/350600/1/640x640.jpg,"Typical Values Per 100ml  Per 150ml serving  % based on RI for Average Adult
Energy 226kJ 339kJ -
53kcal 80kcal 4%
Fat <0.5g <0.5g -
Saturates <0.1g <0.1g -
Carbohydrate 11.4g 17.1g 7%
Sugars 9.2g 13.8g 15%
Starch <0.5g <0.5g -
Fibre <0.5g <0.5g -
Protein 0.7g 1.1g 2%
Salt 0.03g 0.04g 1%",,https://www.sainsburys.co.uk/gol-ui/product/sainsburys-freshly-squeezed-orange-juice-with-bits--taste-the-difference-1l,,2024-08-17T06:57:44.967709-04:00
68-579-DRI,Tropicana Pure Smooth Orange Fruit Juice 1.5L,Tropicana,Drinks,Dairy & chilled essentials,,1.5L,£4.00,,£3.00,27p / 100ml,7553216,Smooth Orange Juice,150 mL,https://assets.sainsburys-groceries.co.uk/gol/7553216/1/640x640.jpg,"Per 100ml Per 150ml %**
Energy 172kJ/
40kcal 258kJ/
61kcal 3%
Fat 0g 0g 0%
of which saturates 0g 0g 0%
Carbohydrate 9.3g 14g -
of which sugars✝ 8.6g 13g 14%
Fibre 0g 0g -
Protein 0.8g 1.2g -
Salt 0g 0g 0%
✝ Contains naturally occurring sugars
**Reference Intake of an average adult (8400kJ/2000kcal)
1 serving = 150mL. This pack contains 10 servings",Orange Juice,https://www.sainsburys.co.uk/gol-ui/product/tropicana-smooth-orange-juice-175l,,2024-08-17T06:57:51.841833-04:00
68-580-DRI,Sainsbury's Smooth Pure Orange Juice 2L,Sainsbury's,Drinks,Fruit juice & drinks,All fruit juice & smoothies,2L,£1.99,,£2.75,10p / 100ml,7833820,orange juice from concentrate,,https://assets.sainsburys-groceries.co.uk/gol/7833820/1/640x640.jpg,"Typical Values 100ml contains  A serving contains  % based on RI for Average Adult
Energy 176kJ 264kJ -
42kcal 62kcal 3%
Fat <0.5g <0.5g -
Saturates <0.1g <0.1g -
Mono-unsaturates <0.1g <0.1g -
Polyunsaturates <0.1g <0.1g -
Carbohydrate 8.6g 12.8g 5%
Sugars 8.0g 12.0g 13%
Starch 0.6g 0.9g -
Fibre <0.5g <0.5g -
Protein 0.6g 0.9g 2%
Salt 0.08g 0.11g 2%",,https://www.sainsburys.co.uk/gol-ui/product/sainsburys-orange-juice-2l,,2024-08-17T06:58:04.231106-04:00
68-581-DRI,"Sainsbury's 100% Pure Squeezed Pineapple Juice, Not From Concentrate 1L",Sainsbury's,Drinks,Fruit juice & drinks,All fruit juice & smoothies,1L,£2.00,,£1.75,20p / 100ml,635981,Pineapple juice not from concentrate,,https://assets.sainsburys-groceries.co.uk/gol/635981/1/640x640.jpg,"Typical Values 100ml contains  A serving contains  % based on RI for Average Adult
Energy 205kJ 308kJ -
48kcal 73kcal 4%
Fat <0.5g <0.5g -
Saturates <0.1g 0.2g 1%
Carbohydrate 11.0g 16.5g 6%
Sugars 10.0g 15.0g 17%
Starch 0.9g 1.3g -
Fibre <0.5g <0.5g -
Protein <0.5g 0.6g 1%
Salt 0.07g 0.10g 2%",,https://www.sainsburys.co.uk/gol-ui/product/sainsburys-100-pure-squeezed-pineapple-juice-not-from-concentrate-1l,,2024-08-17T06:58:16.859419-04:00
68-586-DRI,Copella Cloudy Apple Fruit Juice 1.35L,Copella,Drinks,Dairy & chilled essentials,,1.35L,£3.50,,£2.75,26p / 100ml,7744897,Apple Juice,,https://assets.sainsburys-groceries.co.uk/gol/7744897/1/640x640.jpg,"per 100 ml per 150 ml (%*)
Energy 197kJ 296kJ
46kcal 69kcal (4%)
Fat 0g 0g (0%)
of which saturates 0g 0g (0%)
Carbohydrate 11g 16g
of which sugars¹ 10g 15g (17%)
Fibre 0.7g 1.1g
Protein 0.2g 0.3g
Salt 0g 0g (0%)
* Reference intake of an average adult (8400 kJ / 2000 kcal)
¹Contains naturally occurring sugars from juice
This pack contains 9 servings","Apple Juice, Antioxidant: Ascorbic Acid (Vitamin C)",https://www.sainsburys.co.uk/gol-ui/product/copella-apple-15l,,2024-08-17T06:58:53.975805-04:00
68-587-DRI,"Sainsbury's Cranberry Juice Drink, No Added Sugar 1L",Sainsbury's,Drinks,Juice & smoothies,All juice & smoothies,1L,£1.35,,£2.50,14p / 100ml,1058499,No added sugar cranberry juice drink from concentrate with sweeteners,150 ml,https://assets.sainsburys-groceries.co.uk/gol/1058499/1/640x640.jpg,"Typical Values Per 100ml  Per 150ml serving  % based on RI for Average Adult
Energy 15kJ 23kJ -
4kcal 5kcal -
Fat <0.5g <0.5g -
Saturates <0.1g <0.1g -
Mono-unsaturates <0.1g <0.1g -
Polyunsaturates <0.1g <0.1g -
Carbohydrate 0.5g 0.8g -
Sugars 0.5g 0.8g 1%
Starch <0.5g <0.5g -
Fibre <0.5g <0.5g -
Protein <0.5g <0.5g -
Salt <0.01g <0.01g -",,https://www.sainsburys.co.uk/gol-ui/product/sainsburys-no-added-sugar-cranberry-low-sugar-drink--be-good-to-yourself-1l,,2024-08-17T06:59:05.892655-04:00
68-589-DRI,"Sainsbury's Apple & Mango Juice, Not From Concentrate 1L",Sainsbury's,Drinks,Fruit juice & drinks,All fruit juice & smoothies,1L,£2.00,,£2.75,20p / 100ml,1082388,Apple juice and mango puréenot from concentrate,,https://assets.sainsburys-groceries.co.uk/gol/1082388/1/640x640.jpg,"Typical Values 100ml contains  A serving contains  % based on RI for Average Adult
Energy 219kJ 329kJ -
52kcal 78kcal 4%
Fat <0.5g <0.5g -
Saturates <0.1g <0.1g -
Carbohydrate 12.1g 18.2g 7%
Sugars 11.5g 17.3g 19%
Starch <0.5g 0.7g -
Fibre <0.5g 0.7g -
Protein <0.5g 0.7g 1%
Salt <0.01g <0.01g -",,https://www.sainsburys.co.uk/gol-ui/product/sainsburys-apple---mango-juice-1l,,2024-08-17T06:59:30.887468-04:00
68-593-DRI,Sainsbury's Pure Orange Juice with Juicy Bits 1L,Sainsbury's,Drinks,Fruit juice & drinks,All fruit juice & smoothies,1L,£1.19,,£2.75,12p / 100ml,9966,Orange juice with juicy bits from concentrate,150 ml,https://assets.sainsburys-groceries.co.uk/gol/9966/1/640x640.jpg,"Typical Values Per 100ml  Per 150ml serving  % based on RI for Average Adult
Energy 176kJ 265kJ -
42kcal 62kcal 3%
Fat <0.5g <0.5g 1%
Saturates <0.1g <0.1g -
Mono-unsaturates <0.1g <0.1g -
Polyunsaturates 0.1g 0.2g -
Carbohydrate 8.4g 12.5g 5%
Sugars 8.3g 12.4g 14%
Starch <0.5g <0.5g -
Fibre <0.5g <0.5g -
Protein 0.7g 1.0g 2%
Salt 0.10g 0.14g 2%",,https://www.sainsburys.co.uk/gol-ui/product/sainsburys-orange-juice--pure-with-juicy-bits-from-concentrate-1l,,2024-08-17T07:00:09.617496-04:00
68-594-DRI,Sainsbury's Pure Orange Juice With Bits 1L,Sainsbury's,Drinks,Juice & smoothies,All juice & smoothies,1L,£1.75,,£2.50,18p / 100ml,1323511,Orange juice from concentrate with juicy bits,150 ml,https://assets.sainsburys-groceries.co.uk/gol/1323511/1/640x640.jpg,"Typical Values Per 100ml  Per 150ml serving  % based on RI for Average Adult
Energy 176kJ 265kJ -
42kcal 62kcal 3%
Fat <0.5g <0.5g 1%
Saturates <0.1g <0.1g -
Mono-unsaturates <0.1g <0.1g -
Polyunsaturates 0.1g 0.2g -
Carbohydrate 8.4g 12.5g 5%
Sugars 8.3g 12.4g 14%
Starch <0.5g <0.5g -
Fibre <0.5g <0.5g -
Protein 0.7g 1.0g 2%
Salt 0.10g 0.14g 2%",,https://www.sainsburys.co.uk/gol-ui/product/sainsburys-orange-juice-with-bits-1l,,2024-08-17T07:00:21.881897-04:00
68-599-DRI,"Sainsbury's Tropical Juice, Not From Concentrate 1L",Sainsbury's,Drinks,Fruit juice & drinks,All fruit juice & smoothies,1L,£2.00,,£2.75,20p / 100ml,6028945,"Apple, orange, pineapple and passion fruit juiceswith mango, banana and pineapple puréesnot from concentrate",,https://assets.sainsburys-groceries.co.uk/gol/6028945/1/640x640.jpg,"Typical Values 100ml contains  A serving contains  % based on RI for Average Adult
Energy 217kJ 326kJ -
51kcal 77kcal 4%
Fat <0.5g 0.7g 1%
Saturates <0.1g 0.1g 1%
Carbohydrate 11.0g 16.5g 6%
Sugars 11.0g 16.5g 18%
Starch <0.5g <0.5g -
Fibre <0.5g 0.7g -
Protein <0.5g 0.7g 1%
Salt <0.01g 0.02g -",,https://www.sainsburys.co.uk/gol-ui/product/sainsburys-tropical-juice-1l,,2024-08-17T07:01:06.101460-04:00
68-600-DRI,Biotiful Gut Health Kefir Milk Drink Original 500ml,Biotiful,Drinks,Dairy & eggs,Milk,500ML,£2.60,,£4.25,52p / 100ml,7851183,Fermented milk traditionally known as kefir,,https://assets.sainsburys-groceries.co.uk/gol/7851183/1/640x640.jpg,"Per 100ml 1 serving (250ml)
Energy, kcal (kJ) 59 (245) 148 (612)
Fat (g) 2.9 7.3
of which saturates (g) 2.1 5.3
Carbohydrates (g) 4.6 12
of which sugars*** (g) 2.8 7.0
Protein (g) 3.5 8.8
Salt (g) 0.10 0.25
***Contains naturally occurring sugars","Pasteurised Cow's Milk Fermented with Live Kefir Cultures†, † Includes: Bifidobacterium, Lactobacillus Acidophilus, Lactobacillus Casei, Lactobacillus Rhamnosus",https://www.sainsburys.co.uk/gol-ui/product/bio-tiful-kefir-milk-drink-500ml,,2024-08-17T07:01:13.538531-04:00
68-602-DRI,Innocent Pure Orange Juice Smooth 900ml,Innocent,Drinks,Juice & smoothies,All juice & smoothies,900ML,£3.00,,£2.00,33p / 100ml,7437976,Orange juice smooth,150 ml,https://assets.sainsburys-groceries.co.uk/gol/7437976/1/640x640.jpg,"100ml %
Energy 154kJ (36kcal) 231kJ (55kcal)
Fat 0g 0g
(of which saturates) 0g 0g
Carbohydrate 7.8g 12g
(of which sugars) 7.8g 12g
Protein 0.7g 1.1g
Salt 0g 0g
* % Reference Intake
1 serving = 150ml",11 Juicy Oranges squeezed into every bottle,https://www.sainsburys.co.uk/gol-ui/product/innocent-smooth-orange-juice-900ml,,2024-08-17T07:01:28.720953-04:00
68-603-DRI,"Sainsbury's 100% Pure Squeezed Pink Grapefruit Juice, Not From Concentrate 1L",Sainsbury's,Drinks,Fruit juice & drinks,All fruit juice & smoothies,1L,£2.10,,£2.75,21p / 100ml,635974,Pink grapefruit juice with juicy bitsnot from concentrate,,https://assets.sainsburys-groceries.co.uk/gol/635974/1/640x640.jpg,"Typical Values 100ml contains  A serving contains  % based on RI for Average Adult
Energy 146kJ 220kJ -
35kcal 52kcal 3%
Fat <0.5g <0.5g -
Saturates <0.1g 0.1g 1%
Carbohydrate 7.6g 11.4g 4%
Sugars 7.2g 10.9g 12%
Starch <0.5g <0.5g -
Fibre <0.5g 0.6g -
Protein <0.5g 0.5g 1%
Salt 0.08g 0.11g 2%",,https://www.sainsburys.co.uk/gol-ui/product/sainsburys-100-pure-squeezed-pink-grapefruit-juice-not-from-concentrate-1l,,2024-08-17T07:01:41.413171-04:00
68-604-DRI,Sainsbury's Pure Tomato Juice 1L,Sainsbury's,Drinks,Juice & smoothies,All juice & smoothies,1L,£1.35,,£4.00,14p / 100ml,6365350,Tomato juice from concentrate,150 ml,https://assets.sainsburys-groceries.co.uk/gol/6365350/1/640x640.jpg,"Typical Values Per 100ml  Per 150ml serving  % based on RI for Average Adult
Energy 76kJ 114kJ -
18kcal 27kcal 1%
Fat <0.5g <0.5g -
Saturates <0.1g <0.1g -
Carbohydrate 2.7g 4.0g 2%
Sugars 2.6g 3.9g 4%
Fibre 0.8g 1.2g -
Protein 0.6g 0.8g 2%
Salt 0.43g 0.65g 11%",,https://www.sainsburys.co.uk/gol-ui/product/sainsburys-pure-tomato-juice-1l,,2024-08-17T07:01:54.197167-04:00
68-605-DRI,Tropicana Original Orange Fruit Juice with Bits 900ml,Tropicana,Drinks,Dairy & chilled essentials,,900ML,£3.00,,£2.75,33p / 100ml,2405247,Orange Juice with Bits,150 ml,https://assets.sainsburys-groceries.co.uk/gol/2405247/1/640x640.jpg,"Per 100ml Per 150ml %*
Energy 175kJ/
41kcal 262kJ/
62kcal 3%
Fat 0g 0g 0%
of which saturates 0g 0g 0%
Carbohydrate 9.3g 13g -
of which sugars† 8.6g 0.6g 14%
Fibre 0.4g 0.6g -
Protein 0.8g 1.2g -
Salt 0g 0g 0%
†Contains naturally occurring sugars
*Reference intake of an average adult (8400kJ/2000kcal)
1 serving = 150ml. This pack contains 6 servings",Orange Juice,https://www.sainsburys.co.uk/gol-ui/product/tropicana-original-orange-juice-with-bits-1l,,2024-08-17T07:02:01.523245-04:00
68-606-DRI,Sainsbury's Strawberry Milkshake 1L,Sainsbury's,Drinks,Dairy & eggs,Milk,1L,89p,,£1.00,9p / 100ml,6290851,High temperature pasteurised strawberry flavoured British 1% fat milk drink.,200 ml,https://assets.sainsburys-groceries.co.uk/gol/6290851/1/640x640.jpg,"per 100ml  per 200ml serving  % based on RI for Average Adult
Energy 249kJ 498kJ -
59kcal 118kcal 6%
Fat 1.0g 2.1g 3%
Saturates 0.7g 1.4g 7%
Mono-unsaturates 0.3g 0.6g -
Polyunsaturates <0.1g <0.1g -
Carbohydrate 9.1g 18.1g 7%
Sugars 8.0g 16.0g 18%
Starch <0.5g 1.0g -
Fibre <0.5g <0.5g -
Protein 3.3g 6.6g 13%
Salt 0.11g 0.21g 4%",,https://www.sainsburys.co.uk/gol-ui/product/sainsburys-fresh-strawberry-flavoured-milk-1l,,2024-08-17T07:02:14.189329-04:00
68-607-DRI,Copella Apple & Elderflower Fruit Juice 1.35L,Copella,Drinks,Fruit juice & drinks,All fruit juice & smoothies,1.35L,£3.50,,£2.00,26p / 100ml,7744891,Apple Juice & Elderflower Infusion.,,https://assets.sainsburys-groceries.co.uk/gol/7744891/1/640x640.jpg,"per 100 ml per 150 ml (%*)
Energy 180kJ 270kJ
43kcal 65kcal (3%)
Fat 0g 0g (0%)
of which saturates 0g 0g (0%)
Carbohydrate 10g 15g
of which sugars¹ 9.8g 15g (16%)
Fibre 0.3g 0.5g
Protein 0.1g 0.2g
Salt 0g 0g (0%)
* Reference intake of an average adult (8400 kJ / 2000 kcal)
¹Contains naturally occurring sugars from juice
This pack contains 9 servings","Apple Juice (99%), Elderflower Infusion (1%), Antioxidant: Vitamin C (Ascorbic Acid)",https://www.sainsburys.co.uk/gol-ui/product/copella-apple---elderflower-15l,,2024-08-17T07:02:22.014606-04:00
68-608-DRI,Sainsbury's Mango & Passionfruit Smoothie 750ml,Sainsbury's,Drinks,Fruit juice & drinks,Smoothies,750ML,£1.80,,£2.00,24p / 100ml,8022462,"Smoothie made with apple and passion fruitjuice, blended with mango and banana purée",,https://assets.sainsburys-groceries.co.uk/gol/8022462/1/640x640.jpg,"Typical Values 100ml contains  A serving contains  % based on RI for Average Adult
Energy 255kJ 382kJ -
60kcal 90kcal 5%
Fat <0.5g 0.7g 1%
Saturates 0.2g 0.3g 2%
Carbohydrate 13.0g 19.5g 8%
Sugars 13.0g 19.5g 22%
Starch <0.5g <0.5g -
Fibre 0.9g 1.4g -
Protein <0.5g 0.7g 1%
Salt <0.01g 0.02g -",,https://www.sainsburys.co.uk/gol-ui/product/sainsburys-mango-passionfruit-smoothie-750ml,,2024-08-17T07:02:35.394084-04:00
68-609-DRI,"Sainsbury's Apple & Mango Juice, Not From Concentrate 1.75L",Sainsbury's,Drinks,Fruit juice & drinks,All fruit juice & smoothies,1.75L,£3.00,,£2.75,17p / 100ml,7870785,Apple juice and mango puree not from concentrate,,https://assets.sainsburys-groceries.co.uk/gol/7870785/1/640x640.jpg,"Typical Values 100ml contains  A serving contains  % based on RI for Average Adult
Energy 219kJ 329kJ -
52kcal 78kcal 4%
Fat <0.5g <0.5g -
Saturates <0.1g <0.1g -
Carbohydrate 12.1g 18.2g 7%
Sugars 11.5g 17.3g 19%
Starch <0.5g 0.7g -
Fibre <0.5g 0.7g -
Protein <0.5g 0.7g 1%
Salt <0.01g <0.01g -",,https://www.sainsburys.co.uk/gol-ui/product/sainsburys-apple---mango-juice--not-from-concentrate-175l,,2024-08-17T07:02:48.136234-04:00
68-611-DRI,Sainsbury's No Added Sugar Pineapple Mango & Passion Fruit Juice Drink From Concentrate 1L,Sainsbury's,Drinks,Juice & smoothies,All juice & smoothies,1L,£1.35,,£2.50,14p / 100ml,7879686,"No added sugar pineapple, mango & passion fruit juice drink from concentrate with sweeteners",150 ml,https://assets.sainsburys-groceries.co.uk/gol/7879686/1/640x640.jpg,"Typical Values Per 100ml  Per 150ml serving  % based on RI for Average Adult
Energy 64kJ 96kJ -
15kcal 23kcal 1%
Fat <0.5g <0.5g -
Saturates <0.1g <0.1g -
Mono-unsaturates <0.1g <0.1g -
Polyunsaturates <0.1g <0.1g -
Carbohydrate 3.2g 4.8g 2%
Sugars 2.8g 4.2g 5%
Starch <0.5g 0.6g -
Fibre <0.5g <0.5g -
Protein <0.5g <0.5g 1%
Salt <0.01g 0.02g -",,https://www.sainsburys.co.uk/gol-ui/product/sainsburys-no-added-sugar-pineapple--mango---passionfruit-juice-1l,,2024-08-17T07:03:08.657014-04:00
68-612-DRI,Sainsbury’s Pure Apple Juice 2L,Sainsbury’s,Drinks,Fruit juice & drinks,All fruit juice & smoothies,2L,£1.79,,,9p / 100ml,7833817,Apple juice from concentrate,150 ml,https://assets.sainsburys-groceries.co.uk/gol/7833817/1/640x640.jpg,"Typical Values Per 100ml  Per 150ml serving  % based on RI for Average Adult
Energy 193kJ 290kJ -
46kcal 68kcal 3%
Fat <0.5g <0.5g -
Saturates <0.1g <0.1g -
Carbohydrate 10.5g 15.7g 6%
Sugars 9.2g 13.8g 15%
Starch 1.3g 2.0g -
Fibre <0.5g <0.5g -
Protein <0.5g <0.5g -
Salt 0.06g 0.09g 2%",,https://www.sainsburys.co.uk/gol-ui/product/sainsburys-apple-juice-2l,,2024-08-17T07:03:26.375494-04:00
68-613-DRI,Sainsbury's Strawberry & Banana Smoothie 750ml,Sainsbury's,Drinks,Fruit juice & drinks,Smoothies,750ML,£1.80,,£2.00,24p / 100ml,8022404,"Smoothie made with strawberry, banana and apple purées,blended with apple, blackcurrant, beetroot and lemon juices",,https://assets.sainsburys-groceries.co.uk/gol/8022404/1/640x640.jpg,"Typical Values 100ml contains  A serving contains  % based on RI for Average Adult
Energy 193kJ 290kJ -
46kcal 69kcal 3%
Fat <0.5g 0.7g 1%
Saturates <0.1g 0.1g 1%
Carbohydrate 9.5g 14.3g 6%
Sugars 9.5g 14.3g 16%
Starch <0.5g <0.5g -
Fibre 0.7g 1.0g -
Protein <0.5g 0.7g 1%
Salt <0.01g 0.01g -",,https://www.sainsburys.co.uk/gol-ui/product/sainsburys-strawberry-banana-smoothie-750ml,,2024-08-17T07:03:38.500996-04:00
68-615-DRI,innocent Pure Apple Juice 1.35L,innocent,Drinks,Fruit juice & drinks,All fruit juice & smoothies,1.35L,£4.10,,£2.75,30p / 100ml,7551244,Apple Juice,150 ml,https://assets.sainsburys-groceries.co.uk/gol/7551244/1/640x640.jpg,"100ml 150ml
Energy 190kJ (45kcal) 286kJ (67kcal)
Fat 0g 0g
(of which saturates) 0g 0g
Carbohydrate 11g 16g
(of which sugars) 9.5g 14g
Protein 0.2g 0.3g
Salt 0g 0g
* % Reference Intake
1 serving = 150ml","12 Pressed Apples and a dash of Antioxidant: Ascorbic Acid (Vitamin C)** Squashed into every bottle, **It stops the apples going brown. No one likes brown apples",https://www.sainsburys.co.uk/gol-ui/product/innocent-apple-juice-135l,,2024-08-17T07:03:52.690655-04:00
68-617-DRI,"Sainsbury's Apple & Pear Juice, Not From Concentrate 1L",Sainsbury's,Drinks,Fruit juice & drinks,All fruit juice & smoothies,1L,£2.00,,,20p / 100ml,6778795,Apple juice and pear puree not from concentrate,,https://assets.sainsburys-groceries.co.uk/gol/6778795/1/640x640.jpg,"Typical Values 100ml contains  A serving contains  % based on RI for Average Adult
Energy 194kJ 292kJ -
46kcal 69kcal 3%
Fat <0.5g <0.5g 1%
Saturates <0.1g 0.1g 1%
Carbohydrate 10.5g 15.8g 6%
Sugars 8.0g 12.0g 13%
Starch 2.2g 3.4g -
Fibre <0.5g <0.5g -
Protein <0.5g <0.5g -
Salt 0.05g 0.08g 1%",,https://www.sainsburys.co.uk/gol-ui/product/sainsburys-english-apple---william-pear-1l,,2024-08-17T07:04:16.922708-04:00
68-619-DRI,Sainsbury's Banana Milkshake 1L,Sainsbury's,Drinks,Dairy & eggs,Milk,1L,89p,,£1.50,9p / 100ml,6319221,High temperature pasteurised banana flavoured British 1% fat milk drink.,200 ml,https://assets.sainsburys-groceries.co.uk/gol/6319221/1/640x640.jpg,"Per 100ml  Per 200ml serving  % based on RI for Average Adult
Energy 257kJ 513kJ -
61kcal 121kcal 6%
Fat 1.1g 2.2g 3%
Saturates 0.7g 1.4g 7%
Carbohydrate 9.1g 18.2g 7%
Sugars 7.9g 15.8g 18%
Starch <0.5g 1.0g -
Fibre <0.5g <0.5g -
Protein 3.6g 7.2g 14%
Salt 0.10g 0.20g 3%",,https://www.sainsburys.co.uk/gol-ui/product/sainsburys-fresh-banana-flavoured-milk-1l,,2024-08-17T07:04:36.083497-04:00
68-620-DRI,Robinsons Crushed Lime & Mint Fruit Cordial 500ml,Robinsons,Drinks,Mixers & adult soft drinks,Cordials,500ML,£3.00,,£3.00,60p / 100ml,7893476,Concentrated Lime and Mint Flavoured Soft Drink with Sugar and Sweetener,,https://assets.sainsburys-groceries.co.uk/gol/7893476/1/640x640.jpg,"per 100ml Diluted†
Energy 73kJ/
17kcal
Carbohydrate 4.1g
of which Sugars 4.1g
Salt 0.02g
Contains negligible amounts of fat, saturates and protein
Bottle contains 14 servings
†Dilute 1 part concentrate with 6 parts water. It is important to add extra water if given to toddlers","Water, Sugar, Fruit Juices from Concentrate (Apple 8%, Lime 5%), Acid (Citric Acid), Natural Lime and Mint Flavourings with other Natural Flavourings, Acidity Regulator (Sodium Citrate), Preservatives (Potassium Sorbate, Sodium Metabisulphite), Sweetener (Steviol Glycosides from Stevia)",https://www.sainsburys.co.uk/gol-ui/product/robinsons-crushed-lime---mint-fruit-cordial-500ml,,2024-08-17T07:04:43.639732-04:00
68-621-DRI,Robinsons Double Strength Summer Fruits Squash 750ml,Robinsons,Drinks,Special offers,,750ML,£2.50,,£2.50,33p / 100ml,8061488,Concentrated Low Calorie Summer Fruits Soft Drink with Sweeteners.,,https://assets.sainsburys-groceries.co.uk/gol/8061488/1/640x640.jpg,"Per 100ml Diluted† Per 250ml Diluted†
Energy 7kJ/
2kcal 18kJ/
5kcal
Salt 0.03g 0.08g
†Dilute 1 part concentrate with 9 parts water","Water, Fruit Juices from Concentrate 20% (Apple 18%, Strawberry 0.8%, Plum, Blackcurrant, Cherry 0.3%), Acid (Citric Acid), Acidity Regulator (Sodium Citrate), Sweeteners (Sucralose, Acesulfame K), Natural Flavourings, Concentrates (Carrot, Safflower, Blueberry, Lemon), Preservatives (Potassium Sorbate, Sodium Metabisulphite), Stabiliser (Cellulose Gum)",https://www.sainsburys.co.uk/gol-ui/product/robinsons-double-strength-summer-fruits-no-added-sugar-fruit-squash-1l,,2024-08-17T07:04:51.729034-04:00
68-622-DRI,Robinsons Elderflower Fruit Cordial 500ml,Robinsons,Drinks,Mixers & adult soft drinks,Cordials,500ML,£3.00,,£3.25,60p / 100ml,7893483,Concentrated Apple Soft Drink Flavoured with Elderflower with Sugar and Sweetener.,,https://assets.sainsburys-groceries.co.uk/gol/7893483/1/640x640.jpg,"per 100ml Diluted†
Energy 73kJ/
17kcal
Carbohydrate 4.2g
of which Sugars 4.2g
Salt 0.03g
Contains negligible amounts of fat, saturates and protein
Bottle contains 14 servings
†Dilute 1 part concentrate with 6 parts water. It is important to add extra water if given to toddlers","Water, Sugar, Apple Juice from Concentrate (14%), Acid (Citric Acid), Acidity Regulator (Sodium Citrate), Natural Elderflower Flavouring with other Natural Flavourings, Preservatives (Potassium Sorbate, Sodium Metabisulphite), Apple and Hibiscus Concentrate, Sweetener (Steviol Glycosides from Stevia)",https://www.sainsburys.co.uk/gol-ui/product/robinsons-pressed-pear---elderflower-fruit-cordial-500ml,,2024-08-17T07:04:59.118052-04:00
68-623-DRI,Sainsbury's Quadruple Strength Apple & Blackcurrant Squash 1.5L,Sainsbury's,Drinks,Vegan,All vegan,1.5L,£2.00,,,13p / 100ml,8114664,Quadruple concentrate no added sugar apple and blackcurrant squash with 40% fruit juice from concentrate with sweeteners,250 ml,https://assets.sainsburys-groceries.co.uk/gol/8114664/1/640x640.jpg,"Typical Analysis per 100ml  Per 250ml serving  % based on RI for Average Adult
Energy 6kJ 15kJ -
1kcal 4kcal -
Fat <0.5g <0.5g -
Saturates <0.1g <0.1g -
Mono-unsaturates <0.1g <0.1g -
Polyunsaturates <0.1g <0.1g -
Carbohydrate <0.5g 0.5g -
Sugars <0.5g 0.5g 1%
Starch <0.5g <0.5g -
Fibre <0.5g <0.5g -
Protein <0.5g <0.5g -
Salt 0.04g 0.10g 2%",,https://www.sainsburys.co.uk/gol-ui/product/sainsburys-apple-blackcurrant-squash-15l,,2024-08-17T07:05:17.024658-04:00
68-624-DRI,Robinsons Orange Squash No Added Sugar 1L,Robinsons,Drinks,Special offers,,1L,£2.00,,£1.25,20p / 100ml,2097268,Concentrated Low Calorie Whole Orange Soft Drink with Sweeteners.,,https://assets.sainsburys-groceries.co.uk/gol/2097268/1/640x640.jpg,"Per 100ml Diluted† Per 250ml Diluted†
Energy 5kJ/
1kcal 13kJ/
3kcal
Salt 0.03g 0.08g
Contains negligible amounts of fat, saturates, carbohydrate, sugars and protein
Bottle contains 20 servings
†Dilute 1 part concentrate with 4 parts water. It is important to add extra water if given to toddlers","Water, Orange Fruit from Concentrate (10%), Acid (Citric Acid), Acidity Regulator (Sodium Citrate), Natural Orange Flavouring with other Natural Flavourings, Preservatives (Potassium Sorbate, Sodium Metabisulphite), Sweeteners (Acesulfame K, Sucralose), Stabilisers (Cellulose Gum, Sucrose Acetate Isobutyrate), Emulsifier (Glycerol Esters of Wood Rosins), Natural Colour (Carotenes)",https://www.sainsburys.co.uk/gol-ui/product/robinsons-squash-orange--no-added-sugar-1l,,2024-08-17T07:05:25.208584-04:00
68-625-DRI,Vimto No Added Sugar Real Fruit Squash 2L,Vimto,Drinks,Fizzy drinks,Fruit flavoured,2L,£3.00,,£1.00,15p / 100ml,7625330,Concentrated low calorie mixed fruit juice drink with flavourings and sweeteners.,,https://assets.sainsburys-groceries.co.uk/gol/7625330/1/640x640.jpg,"Per 100ml diluted product
Energy 8kJ/
2kcal
Fat 0g
of which saturates 0g
Carbohydrate 0.3g
of which sugars 0.3g
Protein 0g
Salt 0.01g
*Reference intake of an average adult 8400kJ/2000kcal","Water, Mixed Fruit Juices from Concentrate 10% (Grape, Blackcurrant, Raspberry), Acids (Citric Acid, Malic Acid), Vimto Flavouring (including Natural Extracts of Fruits, Herbs, Barley Malt and Spices), Colouring Food (Concentrates of Carrot, Hibiscus), Sweeteners (Sucralose, Acesulfame K), Preservatives (Potassium Sorbate, Sodium Benzoate), Vitamin C, Acidity Regulator (Sodium Citrate), Vitamin D",https://www.sainsburys.co.uk/gol-ui/product/vimto-cordial--no-added-sugar--2l,,2024-08-17T07:05:33.015999-04:00
68-626-DRI,Stamford Street Co. Double Strength Apple & Blackcurrant Squash 750ml,Stamford,Drinks,Low everyday prices,,750ML,49p,,,7p / 100ml,7871169,Double strength apple & blackcurrant squash with sweeteners,250 ml,https://assets.sainsburys-groceries.co.uk/gol/7871169/1/640x640.jpg,"Typical Values as consumed per 100ml  Per 250ml serving (diluted)  % based on RI for Average Adult
Energy 8kJ 20kJ -
2kcal 5kcal -
Fat <0.5g <0.5g -
Saturates <0.1g <0.1g -
Mono-unsaturates <0.1g <0.1g -
Polyunsaturates <0.1g <0.1g -
Carbohydrate <0.5g 0.8g -
Sugars <0.5g <0.5g -
Starch <0.5g 0.7g -
Fibre <0.5g <0.5g -
Protein <0.5g <0.5g -
Salt 0.03g 0.09g 2%",,https://www.sainsburys.co.uk/gol-ui/product/sainsburys-apple---blackcurrant-squash--basics-no-added-sugar-750ml,,2024-08-17T07:05:50.380094-04:00
68-627-DRI,Robinsons Double Strength No Added Sugar Squash Apple & Blackcurrant Squash 1.75L,Robinsons,Drinks,Special offers,,1.75L,£3.50,,£2.50,20p / 100ml,7432112,Concentrated Low Calorie Apple and Blackcurrant Soft Drink with Sweeteners.,,https://assets.sainsburys-groceries.co.uk/gol/7432112/1/640x640.jpg,"Per 100ml Diluted† Per 250ml Diluted†
Energy 8kJ/
2kcal 20kJ/
5kcal
Salt 0.02g 0.05g
Contains negligible amounts of fat, saturates, carbohydrate, sugars and protein
†Dilute 1 part concentrate with 9 parts water. It is important to add extra water if given to toddlers
Bottle contains 70 servings","Water, Fruit Juices from Concentrate (Apple 18%, Blackcurrant 2%), Acids (Citric Acid, Malic Acid), Natural Colour (Anthocyanins), Natural Flavouring, Acidity Regulator (Sodium Citrate), Sweeteners (Acesulfame K, Sucralose), Preservatives (Potassium Sorbate, Sodium Metabisulphite), Stabiliser (Cellulose Gum)",https://www.sainsburys.co.uk/gol-ui/product/robinsons-double-concentrate-apple---blackcurrant-squash--no-added-sugar-175l,,2024-08-17T07:05:57.533110-04:00
68-628-DRI,Sainsbury's Quadruple Strength Orange & Mango Squash 1.5L,Sainsbury's,Drinks,Vegan,All vegan,1.5L,£2.20,,,15p / 100ml,8114666,Quadruple concentrate no added sugar orange and mango squash with 40% fruit from concentrate and puree with sweeteners,250 ml,https://assets.sainsburys-groceries.co.uk/gol/8114666/1/640x640.jpg,"Typical Values Per 100ml  Per 250ml serving  % based on RI for Average Adult
Energy 7kJ 16kJ -
2kcal 4kcal -
Fat <0.5g <0.5g -
Saturates <0.1g <0.1g -
Mono-unsaturates <0.1g <0.1g -
Polyunsaturates <0.1g <0.1g -
Carbohydrate <0.5g <0.5g -
Sugars <0.5g <0.5g 1%
Starch <0.5g <0.5g -
Fibre <0.5g <0.5g -
Protein <0.5g <0.5g -
Salt 0.02g 0.05g 1%",,https://www.sainsburys.co.uk/gol-ui/product/sainsburys-orange-mango-squash-15l,,2024-08-17T07:06:14.837075-04:00
68-629-DRI,Robinsons Apple & Blackcurrant Squash No Added Sugar 1L,Robinsons,Drinks,Special offers,,1L,£2.00,,£1.25,20p / 100ml,2266008,Concentrated Low Calorie Apple and Blackcurrant Soft Drink with Sweeteners.,,https://assets.sainsburys-groceries.co.uk/gol/2266008/1/640x640.jpg,"Per 100ml Diluted† Per 250ml Diluted†
Energy 7kJ/
2kcal 18kJ/
5kcal
Salt 0.03g 0.08g
Contains negligible amounts of fat, saturates, carbohydrate, sugars and protein
Bottle contains 20 servings
†Dilute 1 part concentrate with 4 parts water","Water, Fruit Juices from Concentrate (Apple 9%, Blackcurrant 1%), Acids (Citric Acid, Malic Acid), Natural Flavouring, Acidity Regulator (Sodium Citrate), Concentrates (Carrot, Apple, Blueberry, Hibiscus), Sweeteners (Acesulfame K, Sucralose), Preservatives (Potassium Sorbate, Sodium Metabisulphite), Stabiliser (Cellulose Gum)",https://www.sainsburys.co.uk/gol-ui/product/robinsons-squash-apple---blackcurrant--no-added-sugar-1l,,2024-08-17T07:06:23.489600-04:00
68-630-DRI,J2O Orange & Passion Fruit 4x275ml,J2O,Drinks,Special offers,,275ML,£4.50,4 for £4.50,£3.00,41p / 100ml,3954676,Orange and Passion Fruit Soft Drink with Sugar and Sweftener,,https://assets.sainsburys-groceries.co.uk/gol/3954676/1/640x640.jpg,"Per 100ml
Energy 81kJ/
19kcal
Carbohydrate 4.1g
of which sugars 4.0g
Contains negligible amounts of fat, saturates, protein and salt",,https://www.sainsburys.co.uk/gol-ui/product/j2o-orange---passion-fruit-4x275ml,4 x 4x275ml,2024-08-17T07:06:35.486011-04:00
68-631-DRI,Robinsons Double Strength No Added Sugar Squash Orange 1.75L,Robinsons,Drinks,Special offers,,1.75L,£3.50,,£2.50,20p / 100ml,7432110,Concentrated Low Calorie Whole Orange Soft Drink with Sweeteners.,,https://assets.sainsburys-groceries.co.uk/gol/7432110/1/640x640.jpg,"Per 100ml Diluted† Per 250ml Diluted†
Energy 5kJ/
1kcal 13kJ/
3kcal
Salt 0.03g 0.08g
Contains negligible amounts of fat, saturates, carbohydrate, sugars and protein
†Dilute 1 part concentrate with 9 parts water. It is important to add extra water if given to toddlers
Bottle contains 70 Servings","Water, Orange Fruit from Concentrate (20%), Acid (Citric Acid), Acidity Regulator (Sodium Citrate), Natural Orange Flavouring with other Natural Flavourings, Sweeteners (Acesulfame K, Sucralose), Stabilisers (Cellulose Gum, Sucrose Acetate Isobutyrate), Preservatives (Potassium Sorbate, Sodium Metabisulphite), Emulsifier (Glycerol Esters of Wood Rosins), Natural Colour (Carotenes)",https://www.sainsburys.co.uk/gol-ui/product/robinsons-double-strength-no-added-sugar-squash-orange-175l,,2024-08-17T07:06:42.370234-04:00
68-632-DRI,Robinsons Fruit & Barley Summer Fruits Squash No Added Sugar 1L,Robinsons,Drinks,Special offers,,1L,£2.15,,£1.25,22p / 100ml,2666105,"Concentrated Low Calorie Summer Fruits Soft Drink with Barley, Sweeteners and Vitamins.",,https://assets.sainsburys-groceries.co.uk/gol/2666105/1/640x640.jpg,"Per 100ml Diluted† %RI** Per 250ml Diluted† %RI**
Energy 10kJ/
2kcal - 25kJ/
5kcal -
Salt 0.03g - 0.08g -
Contains negligible amounts of fat, saturates, carbohydrate, sugars and protein
*Reference intake of an average adult (8400kJ/2000kcal)
**Reference Intake
Bottle contains 20 servings","Water, Fruit Juices from Concentrate 10% (Apple 9%, Strawberry 0.3%, Plum, Blackcurrant, Cherry 0.1%), Acids (Citric Acid, Malic Acid), Refined Barley Flour (1%), Acidity Regulator (Sodium Citrate), Sweeteners (Acesulfame K, Sucralose), Preservatives (Potassium Sorbate, Sodium Metabisulphite), Vitamins (C, Niacin, B6, D), Natural Flavouring, Carrot Concentrate, Natural Colour (Anthocyanins)",https://www.sainsburys.co.uk/gol-ui/product/robinsons-squash-fruit---barley--summer-fruits-1l,,2024-08-17T07:06:49.142385-04:00
68-633-DRI,Stamford Street Co. Double Strength Orange Squash 750ml,Stamford,Drinks,Low everyday prices,,750ML,49p,,,7p / 100ml,7871218,Double strength no added sugar orange squash with sweetener,250 ml,https://assets.sainsburys-groceries.co.uk/gol/7871218/1/640x640.jpg,"Typical Values 100ml (diluted)  Per 250ml serving (diluted)  % based on RI for Average Adult
Energy 7kJ 16kJ -
2kcal 4kcal -
Fat <0.5g <0.5g -
Saturates <0.1g <0.1g -
Mono-unsaturates <0.1g <0.1g -
Polyunsaturates <0.1g <0.1g -
Carbohydrate <0.5g 0.6g -
Sugars <0.5g <0.5g -
Starch <0.5g <0.5g -
Fibre <0.5g <0.5g -
Protein <0.5g <0.5g -
Salt <0.01g 0.02g -",,https://www.sainsburys.co.uk/gol-ui/product/sainsburys-orange-squash--basics-no-added-sugar-750ml,,2024-08-17T07:07:06.496304-04:00
68-634-DRI,Bottlegreen Elderflower Cordial 500ml,Bottlegreen,Drinks,Mixers & adult soft drinks,Cordials,500ML,£4.25,,£3.00,85p / 100ml,3752166,Elderflower Cordial.,,https://assets.sainsburys-groceries.co.uk/gol/3752166/1/640x640.jpg,"Per 100ml when diluted 1 part cordial with 15 parts water
Energy 77kj/
18kcal
Fat 0g
of which saturates 0g
Carbohydrate 4.4g
of which sugars 4.4g
Protein 0g
Salt 0g","Sugar, Cotswold Spring Water, Elderflowers, Citric Acid, Natural Flavourings",https://www.sainsburys.co.uk/gol-ui/product/bottlegreen-elderflower-cordial-500ml,,2024-08-17T07:07:13.628440-04:00
68-635-DRI,Robinsons Fruit & Barley Apple & Pear Squash No Added Sugar 1L,Robinsons,Drinks,Special offers,,1L,£2.15,,£1.25,22p / 100ml,6405725,"Concentrated Low Calorie Apple and Pear Soft Drink with Barley, Sweeteners and Vitamins.",,https://assets.sainsburys-groceries.co.uk/gol/6405725/1/640x640.jpg,"Per 100ml Diluted† %RI** Per 250ml Diluted† %RI**
Energy 10kJ/
2kcal - 25kJ/
5kcal -
Salt 0.03g - 0.08g -
Contains negligible amounts of fat, saturates, carbohydrate, sugars and protein.
*Reference intake of an average adult (8400kJ/2000kcal)
**Reference Intake
Bottle contains 20 servings
†Dilute 1 part concentrate with 4 parts water.","Water, Fruit Juices from Concentrate (Apple 6%, Pear 4%), Acids (Citric Acid, Malic Acid), Refined Barley Flour (1%), Acidity Regulator (Sodium Citrate), Natural Flavourings, Sweeteners (Acesulfame K, Sucralose), Preservatives (Potassium Sorbate, Sodium Metabisulphite), Vitamins (C, Niacin, B6, D)",https://www.sainsburys.co.uk/gol-ui/product/robinsons-squash-fruit---barley--apple---pear-1l,,2024-08-17T07:07:20.585045-04:00
68-636-DRI,Robinsons Summer Fruits Squash No Added Sugar 1L,Robinsons,Drinks,Special offers,,1L,£2.00,,£1.25,20p / 100ml,2340739,Concentrated Low Calorie Summer Fruits Soft Drink with Sweeteners.,,https://assets.sainsburys-groceries.co.uk/gol/2340739/1/640x640.jpg,"Per 100ml Diluted† Per 250ml Diluted†
Energy 7kJ/
2kcal 18kJ/
5kcal
Salt 0.03g 0.08g
Contains negligible amounts of fat, saturates, carbohydrate, sugars and protein
Bottle contains 20 servings
†Dilute 1 part concentrate with 4 parts water. It is important to add extra water if given to toddlers.","Water, Fruit Juices from Concentrate 10% (Apple 9%, Strawberry 0.4%, Plum, Blackcurrant, Cherry 0.1%), Acid (Citric Acid), Acidity Regulator (Sodium Citrate), Preservatives (Potassium Sorbate, Sodium Metabisulphite), Sweeteners (Sucralose, Acesulfame K), Natural Flavourings, Concentrates (Carrot, Safflower, Blueberry, Lemon), Stabiliser (Cellulose Gum)",https://www.sainsburys.co.uk/gol-ui/product/robinsons-squash-summer-fruits--no-added-sugar-1l,,2024-08-17T07:07:28.026272-04:00
68-637-DRI,Sainsbury's Quadruple Strength Summer Fruits Squash 1.5L,Sainsbury's,Drinks,Vegan,All vegan,1.5L,£2.00,,,13p / 100ml,8114660,Quadruple concentrate no added sugar summer fruits squash with 40% fruit juice from concentrate with sweeteners,250 ml,https://assets.sainsburys-groceries.co.uk/gol/8114660/1/640x640.jpg,"Typical Values per 100ml  Per 250ml serving  % based on RI for Average Adult
Energy 6kJ 16kJ -
1kcal 4kcal -
Fat <0.5g <0.5g -
Saturates <0.1g <0.1g -
Mono-unsaturates <0.1g <0.1g -
Polyunsaturates <0.1g <0.1g -
Carbohydrate <0.5g 0.5g -
Sugars <0.5g 0.5g 1%
Starch <0.5g 0.5g -
Fibre <0.5g <0.5g -
Protein <0.5g <0.5g -
Salt 0.03g 0.07g 1%",,https://www.sainsburys.co.uk/gol-ui/product/sainsburys-summer-fruits-squash-15l,,2024-08-17T07:07:45.725558-04:00
68-638-DRI,Robinsons Fruit & Barley Peach Squash No Added Sugar 1L,Robinsons,Drinks,Special offers,,1L,£2.15,,£1.25,22p / 100ml,2666082,"Concentrated Low Calorie Peach Soft Drink with Barley, Sweeteners and Vitamins.",,https://assets.sainsburys-groceries.co.uk/gol/2666082/1/640x640.jpg,"Per 100ml Diluted† %RI** Per 250ml Diluted† %RI**
Energy 10kJ/
2kcal - 25kJ/
5kcal -
Salt 0.03g - 0.08g -
Contains negligible amounts of fat, saturates, carbohydrate, sugars and protein
†Dilute 1 Part Concentrate with 4 Parts Water
**Reference Intake
Bottle contains 20 servings","Water, Peach Juice from Concentrate (10%), Acids (Citric Acid, Malic Acid), Refined Barley Flour (1%), Acidity Regulator (Sodium Citrate), Sweeteners (Acesulfame K, Sucralose), Natural Flavouring, Preservatives (Potassium Sorbate, Sodium Metabisulphite), Vitamins (C, Niacin, B6, D), Natural Colours (Carotenes, Anthocyanins)",https://www.sainsburys.co.uk/gol-ui/product/robinsons-squash-fruit---barley--peach-1l,,2024-08-17T07:07:52.778053-04:00
68-639-DRI,Lipton Ice Tea Peach Flavoured Still Soft Drink 1.25L,Lipton,Drinks,Discover,Win with Lipton,1.25L,£2.25,,£1.50,18p / 100ml,7312075,Still Soft Drink with Tea Extract and Peach Juice with Sugars and Sweetener.,,https://assets.sainsburys-groceries.co.uk/gol/7312075/1/640x640.jpg,"Per 100 ml Per 250 ml % per 250 ml*
Energy 56 kJ/
13 kcal 141 kJ/
34 kcal 2 %
Fat 0 g 0 g 0 %
- of which saturates 0 g 0 g 0 %
Carbohydrate 3.1 g 7.8 g 3 %
- of which sugars 3.0 g 7.5 g 8 %
Protein 0 g 0 g 0 %
Salt 0.03 g 0.08 g 1 %
* Reference intake of an average adult (8400kJ/2000kcal)
1 portion = 250 ml (Pack contains 5 portions)","Water, Sugars (Sucrose, Fructose), Acids (Malic Acid, Citric Acid), Black Tea Extract (0.12%), Peach Juice from Concentrate (0.1%), Acidity Regulator (Trisodium Citrate), Flavourings, Antioxidant (Ascorbic Acid), Sweetener (Steviol Glycosides from Stevia)",https://www.sainsburys.co.uk/gol-ui/product/lipton-ice-tea-peach-125l,,2024-08-17T07:07:59.684354-04:00
68-640-DRI,Ribena Squash Blackcurrant 1.5L,Ribena,Drinks,Low everyday prices,,1.5L,£2.75,,,18p / 100ml,2214078,Concentrated Blackcurrant Juice Drink with sugar and sweeteners,250 ml,https://assets.sainsburys-groceries.co.uk/gol/2214078/1/640x640.jpg,"per after dilution 1 part with 4 parts water per 100ml %RI* per after dilution 1 part with 4 parts water per 250ml serving %RI*
Energy, kJ/kcal 77/
18 - 193/
45 -
Carbohydrate, g 4.3 - 10.8 -
of which sugars, g 4.2 - 10.5 -
Salt, g 0.06 - 0.15 -
Contains negligible amounts of - Fat, Saturates and Protein. * Reference intake of an average adult (8400kJ/2000kcal)
*RI = Reference Intake","Water, Blackcurrant Juice from Concentrate (30%), Sugar, Thickener (Polydextrose), Acidity Regulator (Sodium Gluconate), Acid (Citric Acid), Vitamin C, Natural Blackcurrant Flavourings, Extracts of (Carrot and Hibiscus), Preservatives (Potassium Sorbate, Sodium Bisulphite), Sweeteners (Acesulfame K, Sucralose)",https://www.sainsburys.co.uk/gol-ui/product/ribena-blackcurrant-juice-drink-2l,,2024-08-17T07:08:11.801627-04:00
68-641-DRI,Sainsbury's Quadruple Strength Cherries & Berries Squash 1.5L,Sainsbury's,Drinks,Vegan,All vegan,1.5L,£2.00,,,13p / 100ml,8114654,Quadruple concentrate no added sugar cherries and berries squash with 40% fruit juice from concentrate with sweeteners,250 ml,https://assets.sainsburys-groceries.co.uk/gol/8114654/1/640x640.jpg,"Typical Values Per 100ml  Per 250ml serving  % based on RI for Average Adult
Energy 7kJ 17kJ -
2kcal 4kcal -
Fat <0.5g <0.5g -
Saturates <0.1g <0.1g -
Mono-unsaturates <0.1g <0.1g -
Polyunsaturates <0.1g <0.1g -
Carbohydrate <0.5g 0.5g -
Sugars <0.5g 0.5g 1%
Starch <0.5g <0.5g -
Fibre <0.5g <0.5g -
Protein <0.5g <0.5g -
Salt 0.03g 0.08g 1%",,https://www.sainsburys.co.uk/gol-ui/product/sainsburys-cherries-berries-squash-15l,,2024-08-17T07:08:29.198725-04:00
68-642-DRI,Robinsons Fruit Creations Zesty Orange & Mango Squash 1L,Robinsons,Drinks,Special offers,,1L,£2.50,,£1.25,25p / 100ml,7880823,Concentrated Low Calorie Orange and Mango Soft Drink with Sweeteners.,,https://assets.sainsburys-groceries.co.uk/gol/7880823/1/640x640.jpg,"Per 100ml Diluted† Per 250ml Diluted†
Energy 10kJ/
2kcal 25kJ/
5kcal
Salt 0.03g 0.08g
Contains negligible amounts of fat, saturates, carbohydrate, sugars and protein
Bottle contains 20 servings
†Dilute 1 part concentrate with 4 parts water","Water, Fruit Juices from Concentrate (Orange 8%, Mango 4%), Orange Fruit from Concentrate (8%), Acids (Citric Acid, Malic Acid), Acidity Regulator (Sodium Citrate), Natural Flavouring, Sweeteners (Acesulfame K, Sucralose), Preservatives (Potassium Sorbate, Sodium Metabisulphite), Stabiliser (Cellulose Gum), Natural Colours (Anthocyanins, Carotenes)",https://www.sainsburys.co.uk/gol-ui/product/robinsons-fruit-creations-zesty-orange---mango-squash-1l,,2024-08-17T07:08:36.416782-04:00
68-643-DRI,"Sainsbury's Quadruple Strength Orange, Lemon & Pineapple Squash 1.5L",Sainsbury's,Drinks,Vegan,All vegan,1.5L,£2.20,,,15p / 100ml,8114656,"Quadruple concentrate no added sugar orange, lemon and pineapple squash with 40% fruit and juice from concentrate with sweeteners",250 ml,https://assets.sainsburys-groceries.co.uk/gol/8114656/1/640x640.jpg,"Typical Values Per 100ml  Per 250ml serving  % based on RI for Average Adult
Energy 6kJ 15kJ -
1kcal 3kcal -
Fat <0.5g <0.5g -
Saturates <0.1g <0.1g -
Mono-unsaturates <0.1g <0.1g -
Polyunsaturates <0.1g <0.1g -
Carbohydrate <0.5g <0.5g -
Sugars <0.5g <0.5g -
Starch <0.5g <0.5g -
Fibre <0.5g <0.5g -
Protein <0.5g <0.5g -
Salt 0.03g 0.07g 1%",,https://www.sainsburys.co.uk/gol-ui/product/sainsburys-orange-lemon-pineapple-squash-15l,,2024-08-17T07:08:54.338911-04:00
68-644-DRI,Sainsbury's Quadruple Strength Orange Squash 1.5L,Sainsbury's,Drinks,Squash & cordials,Squash,1.5L,£2.20,,,15p / 100ml,8114623,Quadruple concentrate no added sugar orange squash with 40% fruit from concentrate with sweeteners,250 ml,https://assets.sainsburys-groceries.co.uk/gol/8114623/1/640x640.jpg,"Typical Values Per 100ml  Per 250ml serving  % based on RI for Average Adult
Energy 7kJ 17kJ -
2kcal 4kcal -
Fat <0.5g <0.5g -
Saturates <0.1g <0.1g -
Mono-unsaturates <0.1g <0.1g -
Polyunsaturates <0.1g <0.1g -
Carbohydrate <0.5g <0.5g -
Sugars <0.5g <0.5g -
Starch <0.5g <0.5g -
Fibre <0.5g <0.5g -
Protein <0.5g <0.5g -
Salt <0.01g 0.02g -",,https://www.sainsburys.co.uk/gol-ui/product/sainsburys-quadruple-strength-orange-squash-15l,,2024-08-17T07:09:11.582672-04:00
68-645-DRI,Robinsons Fruit & Barley Orange Squash No Added Sugar 1L,Robinsons,Drinks,Special offers,,1L,£2.15,,£1.25,22p / 100ml,2666051,"Concentrated Low Calorie Orange Soft Drink with Barley, Sweeteners and Vitamins.",,https://assets.sainsburys-groceries.co.uk/gol/2666051/1/640x640.jpg,"Per 100ml Diluted† %RI** Per 250ml Diluted† %RI**
Energy 9kJ/
2kcal - 23kJ/
5kcal -
Salt 0.03g - 0.08g -
Contains negligible amounts of fat, saturates, carbohydrate, sugars and protein
†Dilute 1 Part Concentrate with 4 Parts Water
**Reference Intake
Bottle contains 20 servings","Water, Orange Juice from Concentrate (7%), Orange Fruit from Concentrate (3%), Acids (Citric Acid, Malic Acid), Refined Barley Flour (1%), Acidity Regulator (Sodium Citrate), Natural Flavouring, Sweeteners (Acesulfame K, Sucralose), Preservatives (Potassium Sorbate, Sodium Metabisulphite), Vitamins (C, Niacin, B6, D), Emulsifier (Glycerol Esters of Wood Rosins), Natural Colour (Carotenes)",https://www.sainsburys.co.uk/gol-ui/product/robinsons-squash-fruit---barley--orange-1l,,2024-08-17T07:09:19.283855-04:00
68-646-DRI,Robinsons Lemon Squash No Added Sugar 1L,Robinsons,Drinks,Special offers,,1L,£2.00,,£1.25,20p / 100ml,2553481,Concentrated Low Calorie Whole Lemon Soft Drink with Sweeteners.,,https://assets.sainsburys-groceries.co.uk/gol/2553481/1/640x640.jpg,"Per 100ml Diluted† Per 250ml Diluted†
Energy 8kJ/
2kcal 20kJ/
5kcal
Salt 0.04g 0.10g
Contains negligible amounts of fat, saturates, carbohydrate, sugars and protein
Bottle contains 20 servings
†Dilute 1 part concentrate with 4 parts water. It is important to add extra water if given to toddlers","Water, Lemon Fruit from Concentrate (10%), Acid (Citric Acid), Acidity Regulator (Sodium Citrate), Natural Flavouring, Preservatives (Potassium Sorbate, Sodium Metabisulphite), Sweeteners (Aspartame, Saccharin), Stabiliser (Cellulose Gum)",https://www.sainsburys.co.uk/gol-ui/product/robinsons-lemon-squash--no-added-sugar-1l,,2024-08-17T07:09:26.824387-04:00
68-647-DRI,Ribena Blackcurrant Squash No Added Sugar 1.5L,Ribena,Drinks,Low everyday prices,,1.5L,£2.75,,,18p / 100ml,2400150,Concentrated No Added Sugar Blackcurrant Juice Drink with sweeteners,,https://assets.sainsburys-groceries.co.uk/gol/2400150/1/640x640.jpg,"per Per 100ml %RI* per Per 250ml %RI*
Energy, kJ/kcal 10/
2 - 25/
6 -
Carbohydrate, g 0.4 - 0.9 -
of which sugars, g 0.3 - 0.7 -
Salt, g 0.03 - 0.09 -
Contains negligible amounts of - Fat, Saturates and Protein. * Reference intake of an average adult (8400kJ/2000kcal) Contains naturally occurring sugars
*RI = Reference Intake","Water, Blackcurrant Juice from Concentrate (18%), Acids (Malic Acid, Citric Acid), Acidity Regulator (Sodium Gluconate), Extracts of Carrot and Hibiscus, Vitamin C, Sweeteners (Aspartame, Acesulfame K), Natural Flavourings, Preservative (Potassium Sorbate, Sodium Bisulphite)",https://www.sainsburys.co.uk/gol-ui/product/ribena-blackcurrant-juice-drink--really-light-2l,,2024-08-17T07:09:38.904892-04:00
68-648-DRI,Vimto Real Fruit Squash 2L,Vimto,Drinks,Fizzy drinks,Fruit flavoured,2L,£3.00,,£1.00,15p / 100ml,7625336,"Concentrated mixed fruit juice drink with flavourings, sugar and sweeteners.",,https://assets.sainsburys-groceries.co.uk/gol/7625336/1/640x640.jpg,"per 100ml diluted product
Energy 75kJ/
18kcal
Fat 0g
of which saturates 0g
Carbohydrate 4.4g
of which sugars 4.4g
Protein 0g
Salt 0.03g
*Reference intake of an average adult 8400kJ/2000kcal","Water, Sugar, Mixed Fruit Juices from Concentrate 10% (Grape, Blackcurrant, Raspberry), Acid (Citric Acid), Vimto Flavouring (including Natural Extracts of Fruits, Herbs, Barley Malt and Spices), Colouring Food (Concentrates of Carrot, Hibiscus), Acidity Regulator (Sodium Citrate), Preservatives (Sodium Benzoate, Potassium Sorbate), Vitamin C, Sweeteners (Sucralose, Acesulfame K), Vitamin D",https://www.sainsburys.co.uk/gol-ui/product/vimto-cordial-2l,,2024-08-17T07:09:46.675624-04:00
68-649-DRI,Sainsbury's Quadruple Strength Lemon Squash 1.5L,Sainsbury's,Drinks,Vegan,All vegan,1.5L,£2.00,,,13p / 100ml,8114634,Quadruple concentrate no added sugar lemon squash with 40% fruit from concentrate with sweeteners,250 ml,https://assets.sainsburys-groceries.co.uk/gol/8114634/1/640x640.jpg,"Typical Values Per 100ml  Per 250ml serving  % based on RI for Average Adult
Energy 6kJ 16kJ -
1kcal 4kcal -
Fat <0.5g <0.5g -
Saturates <0.1g <0.1g -
Mono-unsaturates <0.1g <0.1g -
Polyunsaturates <0.1g <0.1g -
Carbohydrate <0.5g <0.5g -
Sugars <0.5g <0.5g -
Starch <0.5g <0.5g -
Fibre <0.5g <0.5g -
Protein <0.5g <0.5g -
Salt 0.02g 0.05g 1%",,https://www.sainsburys.co.uk/gol-ui/product/sainsburys-lemon-squash-15l,,2024-08-17T07:10:03.940411-04:00
68-650-DRI,Rose's Lime Juice Cordial 1L,Rose's,Drinks,Mixers & adult soft drinks,Cordials,1L,£3.00,,£1.75,30p / 100ml,2333304,Concentrated Lime Juice Cordial,,https://assets.sainsburys-groceries.co.uk/gol/2333304/1/640x640.jpg,"Per 100ml (Diluted as recommended) Per 250ml (%*)
Energy 91kJ 228kJ
21kcal 53kcal (3%)
Fat 0g 0g (0%)
Of which saturates 0g 0g (0%)
Carbohydrate 4.9g 12g (5%)
Of which sugars 4.9g 12g (14%)
Protein 0g 0g (0%)
Salt 0g 0g (0%)
* Reference intake of an average adult (8400kJ/2000kcal)","(As diluted):, Water, Lime Juice from Concentrate (5%), Sugar, Acid (Citric Acid), Flavourings, Preservative (Sodium Metabisulphite), Colours (Carotenes, Green S)",https://www.sainsburys.co.uk/gol-ui/product/roses-lime-juice-cordial-1l,,2024-08-17T07:10:11.075678-04:00
68-651-DRI,Sainsbury's Apple & Mango High Juice Squash 1L,Sainsbury's,Drinks,Squash & cordials,Squash,1L,£1.75,,£2.75,18p / 100ml,7705715,Concentrated Apple & Mango Juice Drink made with 40% Apple juice from concentrate and 10% Mango Puree. Dilute to taste,250 ml,https://assets.sainsburys-groceries.co.uk/gol/7705715/1/640x640.jpg,"Typical Values per 100ml  per 250ml serving  % based on RI for Average Adult
Energy 79kJ 197kJ -
19kcal 46kcal 2%
Fat <0.5g <0.5g -
Saturates <0.1g <0.1g -
Carbohydrate 4.5g 11.1g 4%
Sugars 4.5g 11.1g 12%
Starch <0.5g <0.5g -
Fibre <0.5g <0.5g -
Protein <0.5g <0.5g -
Salt <0.01g <0.01g -",,https://www.sainsburys.co.uk/gol-ui/product/sainsburys-high-juice-squash-apple---alphonso-mango-1l,,2024-08-17T07:10:23.202437-04:00
68-652-DRI,Ribena Blackcurrant Squash 850ml,Ribena,Drinks,Special offers,,850ML,£2.00,,,24p / 100ml,2132105,Concentrated Blackcurrant Juice Drink with sugar and sweeteners,250 ml,https://assets.sainsburys-groceries.co.uk/gol/2132105/1/640x640.jpg,"per after dilution 1 part with 4 parts water per 100ml %RI* per after dilution 1 part with 4 parts water per 250ml serving %RI*
Energy, kJ/kcal 77/
18 - 193/
45 -
Carbohydrate, g 4.3 - 10.8 -
of which sugars, g 4.2 - 10.5 -
Salt, g 0.06 - 0.15 -
Contains negligible amounts of - Fat, Saturates and Protein. * Reference intake of an average adult (8400kJ/2000kcal)
*RI = Reference Intake","Water, Blackcurrant Juice from Concentrate (30%), Sugar, Thickener (Polydextrose), Acidity Regulator (Sodium Gluconate), Acid (Citric Acid), Vitamin C, Natural Blackcurrant Flavourings, Extract of Carrot and Hibiscus, Preservative (Potassium Sorbate, Sodium Bisulphite), Sweeteners (Acesulfame K, Sucralose)",https://www.sainsburys.co.uk/gol-ui/product/ribena-blackcurrant-juice-drink--bottle-1l,,2024-08-17T07:10:35.467846-04:00
68-653-DRI,Belvoir Ginger Cordial 500ml,Belvoir,Drinks,Mixers & adult soft drinks,Cordials,500ML,£4.00,,£3.25,80p / 100ml,7004466,A spicy infusion of fresh root ginger,,https://assets.sainsburys-groceries.co.uk/gol/7004466/1/640x640.jpg,"Per 100ml diluted 1 to 10
Energy kJ/kcal 85/
20
Carbohydrate 4.9g
of which sugars 4.9g
Contains negligible amounts of fat, saturates, protein and salt","Sugar, Water, Lemon Juice from Concentrate, Fresh Root Ginger Infusion 11%, Pressed Ginger Juice 2%, Ginger Extracts, Capsicum Extract",https://www.sainsburys.co.uk/gol-ui/product/belvoir-ginger-cordial-500ml,,2024-08-17T07:10:42.535264-04:00
68-654-DRI,Ribena Blackcurrant Squash No Added Sugar 850ml,Ribena,Drinks,Special offers,,850ML,£2.00,,,24p / 100ml,2266060,Concentrated No Added Sugar Blackcurrant Juice Drink with sweeteners,,https://assets.sainsburys-groceries.co.uk/gol/2266060/1/640x640.jpg,"per 100ml %RI* per 250ml %RI*
Energy, kJ/kcal 10/
2 - 25/
6 -
Carbohydrate, g 0.4 - 0.9 -
of which sugars, g 0.3 - 0.7 -
Salt, g 0.03 - 0.09 -
Contains negligible amounts of - Fat, Saturates and Protein. * Reference intake of an average adult (8400kJ/2000kcal) Contains naturally occurring sugars
*RI = Reference Intake",,https://www.sainsburys.co.uk/gol-ui/product/ribena-blackcurrant-juice-drink--light-1l,,2024-08-17T07:11:00.422746-04:00
68-655-DRI,Lipton Ice Tea Lemon Flavoured Still Soft Drink 1.25L,Lipton,Drinks,Discover,Win with Lipton,1.25L,£2.25,,£1.50,18p / 100ml,4215431,Still Soft Drink with Tea Extract and Lemon Juice with Sugars and Sweetener.,,https://assets.sainsburys-groceries.co.uk/gol/4215431/1/640x640.jpg,"Per 100 ml Per 250 ml % per 250 ml*
Energy 55 kJ/
13 kcal 139 kJ/
33 kcal 2 %
Fat 0 g 0 g 0 %
- of which saturates 0 g 0 g 0 %
Carbohydrate 3.1 g 7.8 g 3 %
- of which sugars 3.0 g 7.5 g 8 %
Protein 0 g 0 g 0 %
Salt 0.03 g 0.09 g 2 %
* Reference intake of an average adult (8400kJ/2000kcal)
1 portion = 250 ml (Pack contains 5 portions)","Water, Sugars (Sucrose, Fructose), Acids (Citric Acid, Malic Acid), Black Tea Extract (0.12%), Lemon Juice from Concentrate (0.1%), Acidity Regulator (Trisodium Citrate), Flavourings, Antioxidant (Ascorbic Acid), Sweetener (Steviol Glycosides from Stevia)",https://www.sainsburys.co.uk/gol-ui/product/lipton-ice-tea-lemon-125l,,2024-08-17T07:11:07.739783-04:00
68-656-DRI,Belvoir Farm Elderflower Cordial 500ml,Belvoir,Drinks,Mixers & adult soft drinks,Cordials,500ML,£4.00,,£3.25,80p / 100ml,7004491,Carefully Selected - Simple Ingredients,,https://assets.sainsburys-groceries.co.uk/gol/7004491/1/640x640.jpg,"Per 100ml diluted 1 to 10
Energy kJ/kcal 73/
17
Carbohydrate 4.3g
of which sugars 4.2g
Contains negligible amounts of fat, saturates, protein and salt","Sugar, Water, Elderflowers, Pressed Lemon Juice, Citric Acid",https://www.sainsburys.co.uk/gol-ui/product/belvoir-elderflower-cordial-500ml,,2024-08-17T07:11:14.594515-04:00
68-657-DRI,Robinsons Fruit Creations Delicious Peach & Raspberry Squash 1L,Robinsons,Drinks,Special offers,,1L,£2.50,,£1.75,25p / 100ml,7909502,"Concentrated Low Calorie Orange, Peach and Raspberry Soft Drink with Sweeteners.",,https://assets.sainsburys-groceries.co.uk/gol/7909502/1/640x640.jpg,"Per 100ml Diluted† Per 250ml Diluted†
Energy 11kJ/
3kcal 28kJ/
8kcal
Salt 0.03g 0.08g
Contains negligible amounts of fat, saturates, carbohydrate, sugars and protein
Bottle contains 20 servings
†Dilute 1 part concentrate with 4 parts water. It is important to add extra water if given to toddlers","Water, Fruit Juices from Concentrate (Orange 16%, Raspberry 2%, Peach 2%), Acid (Citric Acid), Natural Flavourings, Acidity Regulator (Sodium Citrate), Preservatives (Potassium Sorbate, Sodium Metabisulphite), Sweeteners (Sucralose, Acesulfame K), Stabiliser (Cellulose Gum), Carrot and Blackcurrant Concentrate, Emulsifier (Glycerol Esters of Wood Rosins), Natural Colour (Carotenes)",https://www.sainsburys.co.uk/gol-ui/product/robinsons-fruit-creations-delicious-peach-raspberry-squash-1l,,2024-08-17T07:11:22.086431-04:00
68-658-DRI,Sainsbury's Lime Cordial No Added Sugar 1L,Sainsbury's,Drinks,Squash & cordials,Cordials,1L,£1.25,,£3.00,13p / 100ml,7705523,No added sugar Lime cordial with 30% fruit juice from concentrate with sweetener,250 ml,https://assets.sainsburys-groceries.co.uk/gol/7705523/1/640x640.jpg,"Typical Values Per 100ml  Per 250ml serving  % based on RI for Average Adult
Energy 22kJ 54kJ -
5kcal 13kcal 1%
Fat <0.5g <0.5g -
Saturates <0.1g <0.1g -
Mono-unsaturates <0.1g <0.1g -
Polyunsaturates <0.1g <0.1g -
Carbohydrate 0.8g 2.1g 1%
Sugars <0.5g <0.5g -
Starch 0.8g 2.0g -
Fibre <0.5g <0.5g -
Protein <0.5g <0.5g -
Salt 0.03g 0.07g 1%",,https://www.sainsburys.co.uk/gol-ui/product/sainsburys-lime-cordial-no-added-sugar-1l,,2024-08-17T07:11:34.161534-04:00
68-659-DRI,Robinsons Double Strength Summer Fruits No Added Sugar Fruit Squash 1.75L,Robinsons,Drinks,Special offers,,1.75L,£3.50,,£2.50,20p / 100ml,8039210,Concentrated Low Calorie Summer Fruits Soft Drink with Sweeteners.,,https://assets.sainsburys-groceries.co.uk/gol/8039210/1/640x640.jpg,"Per 100ml Diluted† Per 250ml Diluted†
Energy 7kJ/
2kcal 18kJ/
5kcal
Salt 0.03g 0.08g
Contains negligible amounts of fat, saturates, carbohydrate, sugars and protein
Bottle contains 70 servings
†Dilute 1 part concentrate with 9 parts water. It is important to add extra water if given to toddlers","Water, Fruit Juices from Concentrate 20% (Apple 18%, Strawberry 0.8%, Plum, Blackcurrant, Cherry 0.3%), Acid (Citric Acid), Acidity Regulator (Sodium Citrate), Sweeteners (Sucralose, Acesulfame K), Natural Flavourings, Concentrates (Carrot, Safflower, Blueberry, Lemon), Preservatives (Potassium Sorbate, Sodium Metabisulphite), Stabiliser (Cellulose Gum)",https://www.sainsburys.co.uk/gol-ui/product/robinsons-double-strength-summer-fruits-no-added-sugar-fruit-squash-175l,,2024-08-17T07:11:41.202243-04:00
68-660-DRI,Robinsons Double Strength No Added Sugar Squash Orange & Pineapple 1.75L,Robinsons,Drinks,Special offers,,1.75L,£3.50,,£2.50,20p / 100ml,7432122,Concentrated Low Calorie Orange and Pineapple Soft Drink with Sweeteners.,,https://assets.sainsburys-groceries.co.uk/gol/7432122/1/640x640.jpg,"Per 100ml Diluted† Per 250ml Diluted†
Energy 6kJ/
1kcal 15kJ/
3kcal
Salt 0.02g 0.05g
Contains negligible amounts of fat, saturates, carbohydrate, sugars and protein
Bottle contains 70 servings
†Dilute 1 Part Concentrate with 9 Parts Water. It is Important to Add Extra Water if Given to Toddlers","Water, Orange Fruit from Concentrate (16%), Pineapple Juice from Concentrate (4%), Acid (Citric Acid), Natural Flavourings, Acidity Regulator (Sodium Citrate), Sweeteners (Sucralose, Acesulfame K), Preservatives (Potassium Sorbate, Sodium Metabisulphite), Stabiliser (Cellulose Gum), Natural Colour (Carotenes)",https://www.sainsburys.co.uk/gol-ui/product/robinsons-double-concentrate-orange---pineapple-squash--no-added-sugar-175l,,2024-08-17T07:11:48.065210-04:00
68-661-DRI,J2O Apple & Raspberry 4x275ml,J2O,Drinks,Mixers & adult soft drinks,Adult soft drinks,275ML,£4.50,4 for £4.50,£3.00,41p / 100ml,6347466,Apple and Raspberry Soft Drink with Sugar and Sweetener.,,https://assets.sainsburys-groceries.co.uk/gol/6347466/1/640x640.jpg,"Per 100ml
Energy 78kJ/
19kcal
Carbohydrate 4.0g
of which sugars 4.0g
Salt 0.06g
Contains negligible amounts of fat, saturates and protein",,https://www.sainsburys.co.uk/gol-ui/product/j2o-apple---raspberry-4x275ml,4 x 4x275ml,2024-08-17T07:12:00.308179-04:00
68-662-DRI,"Sainsbury's Apple High Juice Squash, No Added Sugar 1L",Sainsbury's,Drinks,Vegan,All vegan,1L,£1.75,,,18p / 100ml,7871040,Concentrated no added sugar apple high juice squash with 50% fruit juice and sweetener,250 ml,https://assets.sainsburys-groceries.co.uk/gol/7871040/1/640x640.jpg,"Typical Values Per 100ml  Per 250ml serving  % based on RI for Average Adult
Energy 22kJ 54kJ -
5kcal 13kcal 1%
Fat <0.5g <0.5g -
Saturates <0.1g <0.1g -
Mono-unsaturates <0.1g <0.1g -
Polyunsaturates <0.1g <0.1g -
Carbohydrate 1.1g 2.8g 1%
Sugars 1.0g 2.5g 3%
Starch <0.5g <0.5g -
Fibre <0.5g <0.5g -
Protein <0.5g <0.5g -
Salt <0.01g 0.02g -",,https://www.sainsburys.co.uk/gol-ui/product/sainsburys-apple-high-juice-squash-1l,,2024-08-17T07:12:17.618118-04:00
68-663-DRI,"Sainsbury's High Juice Squash White Grape & Peach, No added Sugar 1L",Sainsbury's,Drinks,Squash & cordials,Squash,1L,£1.75,,,18p / 100ml,7705735,Concentrated no added sugar white grape & peach high juice squash with 50% fruit juice and sweetener.,250 ml,https://assets.sainsburys-groceries.co.uk/gol/7705735/1/640x640.jpg,"Typical Values per 100ml  per 250ml serving  % based on RI for Average Adult
Energy 33kJ 83kJ -
8kcal 20kcal 1%
Fat <0.5g <0.5g -
Saturates <0.1g <0.1g -
Mono-unsaturates <0.1g <0.1g -
Polyunsaturates <0.1g <0.1g -
Carbohydrate 1.8g 4.4g 2%
Sugars 1.4g 3.4g 4%
Starch <0.5g 1.0g -
Fibre <0.5g <0.5g -
Protein <0.5g <0.5g -
Salt <0.01g <0.01g -",,https://www.sainsburys.co.uk/gol-ui/product/sainsburys-high-juice-squash-white-grape---peach-no-added-sugar-1l,,2024-08-17T07:12:34.996507-04:00
68-664-DRI,J2O Apple & Mango 4x275ml,J2O,Drinks,Mixers & adult soft drinks,Adult soft drinks,275ML,£4.50,4 for £4.50,£3.00,41p / 100ml,3954669,Apple and Mango Soft Drink with Sugar and Sweetener.,,https://assets.sainsburys-groceries.co.uk/gol/3954669/1/640x640.jpg,"Per 100ml
Energy 76kJ/
18kcal
Carbohydrate 4.0g
of which sugars 4.0g
Salt 0.06g
Contains negligible amounts of fat, saturates and protein","Water, Fruit Juices from Concentrate (Apple 20%, Mango 5%), Sugar, Acid (Citric Acid), Stabiliser (Pectin), Acidity Regulator (Sodium Citrate), Flavourings, Preservative (Potassium Sorbate), Antioxidant (Ascorbic Acid), Sweetener (Sucralose)",https://www.sainsburys.co.uk/gol-ui/product/j2o-apple---mango-4x275ml,4 x 4x275ml,2024-08-17T07:12:42.861296-04:00
68-665-DRI,J2O Apple & Raspberry Cans 4x250ml,J2O,Drinks,Fizzy drinks,Fruit flavoured,250ML,£2.50,4 for £2.50,£3.00,25p / 100ml,8007275,Apple and Raspberry Soft Drink with Sugar and Sweetener.,,https://assets.sainsburys-groceries.co.uk/gol/8007275/1/640x640.jpg,"Per 100ml:
Energy 78kJ/
19kcal
Carbohydrate 4.0g
of which sugars 4.0g
Salt 0.06g
Contains negligible amounts of fat, saturates and protein","Water, Fruit Juices from Concentrate (Apple 21%, Raspberry 4%), Sugar, Stabiliser (Pectin), Colour (Anthocyanins), Acid (Citric Acid), Flavourings, Acidity Regulator (Sodium Citrate), Preservative (Potassium Sorbate), Antioxidant (Ascorbic Acid), Sweetener (Sucralose)",https://www.sainsburys.co.uk/gol-ui/product/j2o-apple-raspberry-4x250ml-can,4 x 4x250ml,2024-08-17T07:12:50.173477-04:00
68-666-DRI,Robinsons Fruit & Barley Pink Grapefruit Squash 1L,Robinsons,Drinks,Special offers,,1L,£2.15,,£1.25,22p / 100ml,2820750,"Concentrated Low Calorie Pink Grapefruit Soft Drink with Barley, Sweeteners and Vitamins.",,https://assets.sainsburys-groceries.co.uk/gol/2820750/1/640x640.jpg,"Per 100ml Diluted† %RI** Per 250ml Diluted† %RI**
Energy 10kJ/
2kcal - 25kJ/
5kcal -
Salt 0.03g - 0.08g -
Contains negligible amounts of fat, saturates, carbohydrate, sugars and protein
Reference intake of an average adult (8400kJ/2000kcal)
**Reference Intake
Bottle contains 20 servings
†Dilute 1 Part Concentrate with 4 Parts Water","Water, Pink Grapefruit Juice from Concentrate (10%), Acids (Citric Acid, Malic Acid), Refined Barley Flour (1%), Acidity Regulator (Sodium Citrate), Sweeteners (Acesulfame K, Sucralose), Preservatives (Potassium Sorbate, Sodium Metabisulphite), Natural Colour (Anthocyanins), Vitamins (C, Niacin, B6, D), Natural Flavouring",https://www.sainsburys.co.uk/gol-ui/product/robinsons-squash-fruit---barley--pink-grapefruit-1l,,2024-08-17T07:12:56.824737-04:00
68-667-DRI,"Sainsbury's High Juice Orange Squash, No Added Sugar 1L",Sainsbury's,Drinks,Squash & cordials,Squash,1L,£2.15,,,22p / 100ml,1035919,Concentrated no added sugar orange high juice squash with 50% fruit juice and sweeteners,250 ml,https://assets.sainsburys-groceries.co.uk/gol/1035919/1/640x640.jpg,"Typical Values per 100ml  per 250ml serving  % based on RI for Average Adult
Energy 30kJ 74kJ -
7kcal 17kcal 1%
Fat <0.5g <0.5g -
Saturates <0.1g <0.1g -
Mono-unsaturates <0.1g <0.1g -
Polyunsaturates <0.1g <0.1g -
Carbohydrate 1.4g 3.5g 1%
Sugars 1.0g 2.4g 3%
Starch <0.5g 1.1g -
Fibre <0.5g <0.5g -
Protein <0.5g <0.5g -
Salt 0.04g 0.10g 2%",,https://www.sainsburys.co.uk/gol-ui/product/sainsburys-high-juice-orange-squash--no-added-sugar-1l,,2024-08-17T07:13:14.098330-04:00
68-668-DRI,Robinsons Double Strength Orange Fruit Squash 750ml,Robinsons,Drinks,Special offers,,750ML,£2.50,,£2.50,33p / 100ml,8061486,Concentrated Low Calorie Whole Orange Soft Drink with Sweeteners.,,https://assets.sainsburys-groceries.co.uk/gol/8061486/1/640x640.jpg,"Per 100ml Diluted Per 250ml Diluted
Energy 5kJ/
1kcal 13kJ/
3kcal
Salt 0.03g 0.08g
Contains negligible amounts of fat, saturates, carbohydrate, sugars and protein
Bottle contains 30 servings
†Dilute 1 Part Concentrate with 9 Parts Water","Water, Orange Fruit from Concentrate (20%), Acid (Citric Acid), Acidity Regulator (Sodium Citrate), Natural Orange Flavouring with other Natural Flavourings, Sweeteners (Acesultame K, Sucralose), Stabilisers (Cellulose Gum, Sucrose Acetate Isobutyrate), Preservatives (Potassium Sorbate, Sodium Metabisulphite), Emulsifier (Glycerol Esters of Wood Rosins), Natural Colour (Carotenes)",https://www.sainsburys.co.uk/gol-ui/product/robinsons-double-strength-no-added-sugar-fruit-squash-orange-1l,,2024-08-17T07:13:21.550625-04:00
68-669-DRI,"Sainsbury's English Elderflower Cordial, Taste the Difference 500m",Sainsbury's,Drinks,Mixers & adult soft drinks,Cordials,,£2.95,,£3.00,59p / 100ml,7329279,"Elderflower Cordial, made using English Elderflowers",250 ml,https://assets.sainsburys-groceries.co.uk/gol/7329279/1/640x640.jpg,"Typical Values as consumed 100ml contains  Per 250ml serving (diluted 1 part cordial with 4 parts water)  % based on RI for Average Adult
Energy 77kJ 191kJ -
18kcal 45kcal 2%
Fat <0.5g <0.5g -
Saturates <0.1g <0.1g -
Carbohydrate 4.5g 11.3g 4%
Sugars 4.4g 11.0g 12%
Protein <0.5g <0.5g -
Salt <0.01g <0.01g -",,https://www.sainsburys.co.uk/gol-ui/product/sainsburys-english-elderflower-cordial--taste-the-difference-500ml,,2024-08-17T07:13:33.440752-04:00
68-670-DRI,J2O Orange & Passion Fruit Cans 4x250ml,J2O,Drinks,Fizzy drinks,Fruit flavoured,250ML,£2.50,4 for £2.50,£3.00,25p / 100ml,8007279,Orange and Passion Fruit Soft Drink with Sugar and Sweetener.,,https://assets.sainsburys-groceries.co.uk/gol/8007279/1/640x640.jpg,"Per 100ml:
Energy 81kJ/
19kcal
Carbohydrate 4.1g
of which sugars 4.0g
Contains negligible amounts of fat, saturates, protein and salt","Water, Fruit Juices from Concentrate (Orange 15%, Passion Fruit 3%), Orange Fruit from Concentrate (7%), Sugar, Acid (Citric Acid), Stabiliser (Pectin), Flavourings, Preservative (Potassium Sorbate), Colour (Anthocyanins), Antioxidant (Ascorbic Acid), Sweetener (Sucralose)",https://www.sainsburys.co.uk/gol-ui/product/j2o-orange-passionfrt-4x250ml-can,4 x 4x250ml,2024-08-17T07:13:40.843936-04:00
68-671-DRI,Sainsbury's Fruit Blends Mango Passionfruit & Peach Squash 1L,Sainsbury's,Drinks,Special offers,,1L,£1.35,,,14p / 100ml,8117386,"Concentrated no added sugar orange, mango, passionfruit and peach squash with 20% fruit juice from concentrate with sweeteners",250 ml,https://assets.sainsburys-groceries.co.uk/gol/8117386/1/640x640.jpg,"Typical Values Per 100ml  Per 250ml serving  % based on RI for Average Adult
Energy 10kJ 26kJ -
2kcal 6kcal -
Fat <0.5g <0.5g -
Saturates <0.1g <0.1g -
Mono-unsaturates <0.1g <0.1g -
Polyunsaturates <0.1g <0.1g -
Carbohydrate <0.5g 0.9g -
Sugars <0.5g 0.9g 1%
Starch <0.5g <0.5g -
Fibre <0.5g <0.5g -
Protein <0.5g <0.5g -
Salt 0.03g 0.06g 1%",,https://www.sainsburys.co.uk/gol-ui/product/sainsburys-fruit-blends-mango-passionfruit-peach-squash-1l,,2024-08-17T07:13:58.651140-04:00
68-672-DRI,Bottlegreen Plump Summer Raspberry Cordial 500ml,Bottlegreen,Drinks,Special offers,,500ML,£4.25,,£3.00,85p / 100ml,7663180,Plump Summer Raspberry Cordial Ripe raspberry juice blended into a delicious cordial to bring you the great taste of summer.,,https://assets.sainsburys-groceries.co.uk/gol/7663180/1/640x640.jpg,"Per 100ml when diluted 1 part cordial with 14 parts water
Energy 79kj/
19kcal
Fat 0g
of which saturates 0g
Carbohydrate 4.5g
of which sugars 4.5g
Protein 0g
Salt 0g","Sugar, Cotswold Spring Water, Fructose, Raspberry Juice from Concentrate (13%), Apple Juice from Concentrate (8%), Citric Acid, Natural Flavourings, Aronia Juice from Concentrate",https://www.sainsburys.co.uk/gol-ui/product/bottlegreen-raspberry-cordial-500ml-7663180-p-44,,2024-08-17T07:14:05.594935-04:00
68-673-DRI,Robinsons Barley Water Lemon Squash 850ml,Robinsons,Drinks,Squash & cordials,Squash,850ML,£2.25,,£1.25,26p / 100ml,7268208,Concentrated Lemon Barley Soft Drink with Sugar and Sweetener.,,https://assets.sainsburys-groceries.co.uk/gol/7268208/1/640x640.jpg,"Per 100ml Diluted† Per 250ml Diluted†
Energy 77kJ/
18kcal 193kJ/
45kcal
Carbohydrate 4.2g 11g
of which sugars 3.8g 9.5g
Contains negligible amounts of fat, saturates, protein and salt
Bottle contains 17 servings
†Dilute 1 part concentrate with 4 parts water. It is important to add extra water if given to toddlers","Water, Sugar, Lemon Juice from Concentrate (17%), Barley Flour (2.5%), Acid (Citric Acid), Preservatives (Potassium Sorbate, Sodium Metabisulphite), Antioxidant (Ascorbic Acid), Sweetener (Saccharin), Natural Flavouring",https://www.sainsburys.co.uk/gol-ui/product/robinsons-lemon-barley-water-850ml,,2024-08-17T07:14:13.063497-04:00
68-674-DRI,Rocks Blackcurrant Squash 740ml,Rocks,Drinks,Special offers,,740ML,£3.50,,£2.80,47p / 100ml,3885376,Concentrated Blackcurrant Fruit Juice Drink,,https://assets.sainsburys-groceries.co.uk/gol/3885376/1/640x640.jpg,"Per 100ml Per 100ml Diluted
Energy 626.8kJ/
146.9kcal 69.7kJ/
16.3kcal
Fat 0g 0g
of which saturates 0g 0g
Carbohydrate 39.5g 4.4g
of which sugars 39.5g 4.4g
Protein 0.2g 0.02g
Salt 0g 0g
1 Part concentrate to 8 parts water","Rocks Spring Water, Cane Sugar, Fruit Juices from Concentrate (Blackcurrant 18.5%, Apple 14.4%, Lemon 0.4%), Citric Acid",https://www.sainsburys.co.uk/gol-ui/product/rocks-organic-blackcurrant-squash-740ml,,2024-08-17T07:14:20.481780-04:00
68-675-DRI,Sainsbury's Quadruple Strength Blackcurrant Squash 1.5L,Sainsbury's,Drinks,Vegan,All vegan,1.5L,£2.00,,,13p / 100ml,8114662,Quadruple concentrate no added sugar blackcurrant squash with 35% fruit juice from concentrate with sweeteners,250 ml,https://assets.sainsburys-groceries.co.uk/gol/8114662/1/640x640.jpg,"Typical Values as consumed per 100ml  Per 250ml serving  % based on RI for Average Adult
Energy 5kJ 12kJ -
1kcal 3kcal -
Fat <0.5g <0.5g -
Saturates <0.1g <0.1g -
Mono-unsaturates <0.1g <0.1g -
Polyunsaturates <0.1g <0.1g -
Carbohydrate <0.5g <0.5g -
Sugars <0.5g <0.5g -
Starch <0.5g <0.5g -
Fibre <0.5g <0.5g -
Protein <0.5g <0.5g -
Salt 0.03g 0.07g 1%",,https://www.sainsburys.co.uk/gol-ui/product/sainsburys-blackcurrant-squash-15l,,2024-08-17T07:14:37.669023-04:00
68-676-DRI,Bottlegreen Pomegranate & Elderflower Cordial 500ml,Bottlegreen,Drinks,Mixers & adult soft drinks,Cordials,500ML,£4.25,,£3.00,85p / 100ml,7309770,Pomegranate & Elderflower Cordial.,,https://assets.sainsburys-groceries.co.uk/gol/7309770/1/640x640.jpg,"Per 100ml when diluted 1 part cordial with 14 parts water
Energy 80kJ/
19kcal
Fat 0g
of which saturates 0g
Carbohydrate 4.5g
of which sugars 4.5g
Protein 0g
Salt 0g","Sugar, Cotswold Spring Water, Pomegranate Juice from Concentrate (17%), Fructose, Elderflowers, Citric Acid, Natural Flavourings, Aronia Juice from Concentrate",https://www.sainsburys.co.uk/gol-ui/product/bottlegreen-pomegranate---elderflower-cordial-500ml,,2024-08-17T07:14:44.835111-04:00
68-677-DRI,Sainsbury's High Juice Orange Squash 1L,Sainsbury's,Drinks,Squash & cordials,Squash,1L,£3.20,,£2.75,32p / 100ml,348256,Concentrated Orange Juice Drink made with 50% Orange juice from concentrate and 15% Orange Comminute from concentrate. Dilute to taste,250 ml,https://assets.sainsburys-groceries.co.uk/gol/348256/1/640x640.jpg,"Typical Values per 100ml  per 250ml serving  % based on RI for Average Adult
Energy 110kJ 276kJ -
26kcal 65kcal 3%
Fat <0.5g <0.5g -
Saturates <0.1g <0.1g -
Carbohydrate 6.0g 14.9g 6%
Sugars 5.9g 14.9g 17%
Starch <0.5g <0.5g -
Fibre <0.5g <0.5g -
Protein <0.5g <0.5g -
Salt <0.01g 0.02g -",,https://www.sainsburys.co.uk/gol-ui/product/sainsburys-high-juice-orange-squash-drink-1l,,2024-08-17T07:14:56.946931-04:00
68-678-DRI,Bottlegreen Ginger & Lemongrass Cordial 500ml,Bottlegreen,Drinks,Mixers & adult soft drinks,Cordials,500ML,£4.25,,£3.00,85p / 100ml,3752180,Ginger & Lemongrass Cordial.,,https://assets.sainsburys-groceries.co.uk/gol/3752180/1/640x640.jpg,"Per 100ml when diluted 1 part cordial with 14 parts water
Energy 79kJ/
19kcal
Fat 0g
of which saturates 0g
Carbohydrate 4.5g
of which sugars 4.5g
Protein 0g
Salt 0g","Sugar, Cotswold Spring Water, Fructose, Citric Acid, Natural Flavourings (including Natural Ginger and Lemongrass Extracts), Honey",https://www.sainsburys.co.uk/gol-ui/product/bottlegreen-ginger---lemongrass-cordial-500ml,,2024-08-17T07:15:04.084241-04:00
68-680-DRI,Monster Energy Drink Aussie Style Lemonade 4x500ml,Monster,Drinks,Special offers,,500ML,£6.00,4 for £6.00,£5.25,30p / 100ml,8155628,"Carbonated Energy Drink with 2% Lemon Juice from Lemon Juice Concentrate, Taurine, Caffeine, L-Carnitine and B Vitamins with Sugars and Sweetener.",,https://assets.sainsburys-groceries.co.uk/gol/8155628/1/640x640.jpg,"Per 100ml: Per 500ml (%*):
Energy: 177kJ/
(42kcal) 883kJ/
(208kcal) (10%)
Carbohydrate: 11g 53g (20%)
Of which sugars: 9.7g 48g (54%)
Salt: 0.08g 0.4g (7%)
Fat, saturates, protein - negligible amount
*Reference intake of an average adult (8400kJ/2000kcal)
** Daily Reference Intake","Carbonated Water, Sucrose, Lemon Juice from Concentrate (2%), Glucose Syrup, Acids (Citric Acid, Malic Acid), Taurine (0.4%), Flavourings, Acidity Regulators (Sodium Citrates, Potassium Citrates), Caffeine (0.03%), Preservative (Potassium Sorbate), Vitamins (B3, B6, B2, B12), L-Carnitine L-Tartrate (0.004%), Sweetener (Sucralose), Inositol",https://www.sainsburys.co.uk/gol-ui/product/monster-energy-drink-aussie-style-lemonade-4x500ml,4 x 4x500ml,2024-08-17T07:15:18.753611-04:00
68-681-DRI,Monster Energy Drink Ultra 4x500ml,Monster,Drinks,Special offers,,500ML,£5.40,4 for £5.40,£4.75,27p / 100ml,7846088,"Carbonated Energy Drink with Taurine, Ginseng, Caffeine, L-Carnitine and B Vitamins with Sweeteners.",,https://assets.sainsburys-groceries.co.uk/gol/7846088/1/640x640.jpg,"Per 100ml (%**) Per 500ml (%**):
Energy: 10kJ, 2kcal 50kJ, 11kcal (1%)
Carbohydrate: 0.9g 4.4g (2%)
Of which sugars: 0g 0g (0%)
Salt: 0.2g 1.0g (17%)
*Reference intake of an average adult (8400kJ/2000kcal)
**Daily Reference Intake
saturates, protein - negligible amount","Carbonated Water, Acid (Citric Acid), Taurine (0.4%), Acidity Regulator (Sodium Citrate), Flavourings, Panax Ginseng Root Extract (0.08%), Sweeteners (Sucralose, Acesulfame K), Caffeine (0.03%), Preservatives (Sorbic Acid, Benzoic Acid), L-Carnitine L-Tartrate (0.015%), Vitamins (B3, B5, B6, B12), Sodium Chloride, D-Glucronolactone, Guarana Seed Extract (0.002%), Inositol",https://www.sainsburys.co.uk/gol-ui/product/monster-energy-ultra-4x500ml,4 x 4x500ml,2024-08-17T07:15:25.671854-04:00
68-682-DRI,Monster Energy Drink Pipeline Punch 4x500ml,Monster,Drinks,Special offers,,500ML,£6.00,4 for £6.00,£5.25,30p / 100ml,8007705,"Carbonated Energy Drink with Taurine, Caffeine, L-Carnitine, Inositol and B Vitamins with Sugars and Sweetener",,https://assets.sainsburys-groceries.co.uk/gol/8007705/1/640x640.jpg,"Per 100ml Per 500ml (%*)
Energy 153kJ/
767kJ/
(36kcal) (180kcal) (9%)
Carbohydrate 9.0g 45g (17%)
Of which sugars 8.5g 43g (47%)
Salt 0.04g 0.20g (3%)
Fat, saturates, protein - negligible amount
*Reference intake of an average adult (8400kJ/2000kcal)
**Daily reference intake","Carbonated Water, Fruit Juices from Concentrate (6%) (Orange, Apple, Guava, Pineapple, Passion Fruit), Sucrose, Glucose Syrup, Taurine (0.4%), Acid (Citric Acid), Maltodextrin, Flavourings, Acidity Regulator (Sodium Citrates), Preservatives (Potassium Sorbate, Sodium Benzoate), Caffeine (0.03%), Vegetable Oils (Coconut, Rapeseed), Sweetener (Sucralose), Modified Starch, Vitamins (B3, B6, B2, B12), L-Carnitine L-Tartrate (0.004%), Sodium Chloride, Inositol (0.002%), Colour (E129)",https://www.sainsburys.co.uk/gol-ui/product/monster-pipeline-punch-4x500ml,4 x 4x500ml,2024-08-17T07:15:33.116160-04:00
68-683-DRI,Actimel Strawberry Cultured Yogurt Drink 12x100g,Actimel,Drinks,Dairy & chilled essentials,,,£4.50,12 for £4.50,£2.50,38p / 100g,6361071,"Yogurt drink with L.Casei Danone cultures, vitamins D and B6, and strawberry.",,https://assets.sainsburys-groceries.co.uk/gol/6361071/1/640x640.jpg,"Per 100g %RI*
Energy 309 kJ/
73 kcal 4
Fat 1.5 g 2
of which saturates 1.0 g 5
Carbohydrate 11 g 4
of which sugars 11 g 12
Fibre 1.0 g -
Protein 2.8 g 6
Salt 0.10 g 2
*RI: Reference intake of an average adult (8400 kJ/2000 kcal)","Yogurt (Milk), Skimmed Milk, Sugar / Liquid Sugar, Strawberry Purée (2.1%), Oligofructose (Fibre), Dextrose, Modified Starch, Milk Minerals, Natural Flavourings, Acidity Regulators (Citric Acid, Sodium Citrate), Lactobacillus Casei (L. Casei Danone®), Vitamins (D, B6)",https://www.sainsburys.co.uk/gol-ui/product/actimel-strawberry-yogurt-12x100g,12 x 12x100g,2024-08-17T07:15:40.373782-04:00
68-684-DRI,Actimel Multifruit Cultured Yogurt Drink 12x100g,Actimel,Drinks,Dairy & chilled essentials,,,£4.50,12 for £4.50,£2.50,38p / 100g,6361135,"Yogurt drink with L. casei Danone cultures, vitamins B6 and D and multifruit.",,https://assets.sainsburys-groceries.co.uk/gol/6361135/1/640x640.jpg,"Per 100g % RI*
Energy 322 kJ/
76 kcal 4%
Fat 1.5 g 2%
of which saturates 1.0 g 5%
Carbohydrate 12 g 4%
of which sugars 11 g 13%
Fibre 1.0 g -
Protein 2.8 g 6%
Salt 0.10 g 2%
*RI: Reference intake of an average adult (8400 kJ/2000 kcal)","Yogurt (Milk), Skimmed (Milk), Sugar / Liquid Sugar, Fruit Juice from Concentrate (2.1%) (Pineapple, Peach, Orange, Strawberry), Oligofructose (Fibre), Dextrose, Modified Starch, Milk Minerals, Natural Flavouring, Acidity Regulators (Citric Acid, Sodium Citrate), Stabiliser (Pectin), Lactobacillus Casei (L. Casei Danone®), Vitamins (D, B6)",https://www.sainsburys.co.uk/gol-ui/product/actimel-multi-fruit-12x100g,12 x 12x100g,2024-08-17T07:15:47.641633-04:00
68-685-DRI,Benecol Raspberry No Added Sugar Yogurt Drink 6x67.5g,Benecol,Drinks,Dairy & eggs,"Butter, spreads & pastry",,£4.30,6 for £4.30,£2.50,£1.06 / 100g,7505165,Raspberry flavoured yogurt drink with added plant stanols and sweetener.,67.5 g,https://assets.sainsburys-groceries.co.uk/gol/7505165/1/640x640.jpg,"Per 100g Per 67.5g serving
Energy 202kJ/
48kcal 137kJ/
33kcal
Fat 2.0g 1.4g
of which saturates 0.2g 0.1g
Carbohydrate 4.6g 3.1g
of which sugars 4.5g 3.0g
Protein 2.9g 1.9g
Salt 0.09g 0.06g
Plant stanols 3.0g 2.0g
RI = Reference Intake","Yogurt (85%) (Skimmed Milk, Yogurt Cultures), Plant Stanol Ester (Plant Stanols 3%), Water, Raspberry (3%), Apple Puree, Lemon Juice, Stabiliser (Pectin), Colour (Beetroot Juice), Flavouring, Sweetener (Sucralose), Vitamin B1*, *Vitamin B1 contributes to the normal function of the heart",https://www.sainsburys.co.uk/gol-ui/product/benecol-raspberry-6x675g,6 x 6x67.5g,2024-08-17T07:15:55.018022-04:00
68-686-DRI,Actimel Multifruit Cultured Yogurt Drink 8x100g,Actimel,Drinks,Dairy & eggs,Special offers,,£3.75,8 for £3.75,£2.50,47p / 100g,6005252,"Yogurt drink with L.Casei Danone cultures, vitamins B6 and D and multifruit.",,https://assets.sainsburys-groceries.co.uk/gol/6005252/1/640x640.jpg,"Per 100g %RI*
Energy (kJ/kcal) 322/
76 4
Fat (g) 1.5 2
of which saturates (g) 1.0 5
Carbohydrate (g) 12 4
of which sugars (g) 11 13
Fibre (g) 1.0 -
Protein (g) 2.8 6
Salt (g) 0.10 2
*RI: Reference intake of an average adult (8400 kJ/2000kcal)","Yogurt (Milk), Skimmed Milk, Sugar/Liquid Sugar, Fruit Juice from Concentrate (2.1%) (Pineapple, Peach, Orange, Strawberry), Oligofructose (Fibre), Dextrose, Modified Tapioca Starch, Milk Minerals Concentrate, Natural Flavouring, Acidity Regulators (Citric Acid, Sodium Citrate), Stabiliser (Pectin), Lactobacillus Casei (L.Casei Danone®), Vitamins (B6, D)",https://www.sainsburys.co.uk/gol-ui/product/actimel-yogurt-drink--multi-fruits-8x100g,8 x 8x100g,2024-08-17T07:16:01.954182-04:00
68-687-DRI,Biotiful Gut Health Kefir Milk Drink Original 1L,Biotiful,Drinks,Dairy & eggs,Milk,1L,£3.50,,£3.00,35p / 100ml,8034954,Fermented milk traditionally known as kefir,,https://assets.sainsburys-groceries.co.uk/gol/8034954/1/640x640.jpg,"Per 100ml % of reference intake per 100ml 1 serving (250ml)
Energy kcal (kJ) 59 (245) - 148 (612)
Fat (g) 2.9 - 7.3
of which saturates (g) 2.1 - 5.3
Carbohydrates (g) 4.6 - 12
of which sugars*** (g) 2.8 - 7.0
Protein (g) 3.5 - 8.8
Salt (g) 0.10 - 0.25
***Contains naturally occurring sugars","Pasteurised Cow's Milk Fermented with Live Kefir Cultures†, †Includes: Bifidobacterium, Lactobacillus Acidophilus, Lactobacillus Casei, Lactobacillus Rhamnosus",https://www.sainsburys.co.uk/gol-ui/product/biotiful-kefir-original-1l,,2024-08-17T07:16:09.139040-04:00
68-688-DRI,Actimel Strawberry Cultured Yogurt Drink 8x100g,Actimel,Drinks,Dairy & eggs,Special offers,,£3.75,8 for £3.75,£2.50,47p / 100g,4135692,"Yogurt drink with L.Casei Danone cultures, vitamins D and B6, and strawberry.",,https://assets.sainsburys-groceries.co.uk/gol/4135692/1/640x640.jpg,"Per 100g %RI*
Energy (kJ/kcal) 309/
73 4
Fat (g) 1.5 2
of which saturates (g) 1.0 5
Carbohydrate (g) 11 4
of which sugars (g) 11 12
Fibre (g) 1.0 -
Protein (g) 2.8 6
Salt (g) 0.10 2
*RI: Reference intake of an average adult (8400 kJ/2000 kcal)","Yogurt (Milk), Skimmed Milk, Sugar / Liquid Sugar, Strawberry Purée (2.1%), Oligofructose (Fibre), Dextrose, Modified Starch, Milk Minerals, Natural Flavourings, Acidity Regulators (Citric Acid, Sodium Citrate), Lactobacillus Casei (L. Casei Danone®), Vitamins (D, B6)",https://www.sainsburys.co.uk/gol-ui/product/actimel-yogurt-drink-strawberry-8x100g,8 x 8x100g,2024-08-17T07:16:15.867495-04:00
68-689-DRI,Sainsbury's Cholesterol Lowering Drink Strawberry 6x100g,Sainsbury's,Drinks,Dairy & eggs,Yogurts,,£3.00,6 for £3.00,£2.50,50p / 100g,7794895,"6 Low Fat strawberry yogurt drinks with added plant sterols, thiamin (B1), and sweetener.",,https://assets.sainsburys-groceries.co.uk/gol/7794895/1/640x640.jpg,"Typical Analysis 100g contains  A serving contains  % based on RI for Average Adult
Energy 155kJ 155kJ -
37kcal 37kcal 2%
Fat 1.2g 1.2g 2%
Saturates 0.2g 0.2g 1%
Mono-unsaturates 0.3g 0.3g -
Polyunsaturates 0.6g 0.6g -
Carbohydrate 3.9g 3.9g 2%
Sugars 3.3g 3.3g 4%
Starch <0.5g <0.5g -
Fibre 0.6g 0.6g -
Protein 2.4g 2.4g 5%
Salt 0.07g 0.07g 1%",,https://www.sainsburys.co.uk/gol-ui/product/sainsburys-cholesterol-lowering-drink-sbry6x100g,6 x 6x100g,2024-08-17T07:16:28.197290-04:00
68-690-DRI,Benecol Original No Added Sugar Yogurt Drink 6x67.5g,Benecol,Drinks,Dairy & eggs,"Butter, spreads & pastry",,£4.30,6 for £4.30,£2.50,£1.06 / 100g,6305696,Yogurt drink with added plant stanols and sweetener.,67.5 g,https://assets.sainsburys-groceries.co.uk/gol/6305696/1/640x640.jpg,"Per 100g Per 67.5g serving
Energy 198kJ/
47kcal 134kJ/
32kcal
Fat 2.0g 1.4g
of which saturates 0.2g 0.1g
Carbohydrate 4.3g 2.9g
of which sugars 4.1g 2.7g
Protein 2.8g 1.9g
Salt 0.09g 0.06g
Plant Stanols 3.0g 2.0g
RI = Reference Intake","Yogurt (85%) (Skimmed Milk, Yogurt Cultures), Water, Plant Stanol Ester (Plant Stanols 3%), Lemon Juice, Stabiliser (Pectin), Sweetener (Sucralose), Vitamin B1*, *Vitamin B1 contributes to the normal function of the heart",https://www.sainsburys.co.uk/gol-ui/product/benecol-light-yogurt-drink-6x675g,6 x 6x67.5g,2024-08-17T07:16:35.757681-04:00
68-691-DRI,Actimel Strawberry Blueberry Cultured Yogurt Drink 12x100g,Actimel,Drinks,Dairy & chilled essentials,,,£4.50,12 for £4.50,£2.50,38p / 100g,7697469,"Yogurt drink with L. casei Danone cultures, vitamins D and B6, and blueberry. Yogurt drink with L. casei Danone cultures, vitamins D and B6, and strawberry.",,https://assets.sainsburys-groceries.co.uk/gol/7697469/1/640x640.jpg,"Per 100g % RI*
Energy (kJ/kcal) 308/
73 4
Fat(g) 1.4 2
of which saturates (g) 1.0 5
Carbohydrate (g) 11 4
of which sugars (g) 11 12
Fibre (g) 1.1 -
Protein (g) 2.8 6
Salt (g) 0.10 2
*RI: Reference intake of an average adult (8400kJ/2000kcal)","Yogurt (Milk), Skimmed (Milk), Sugar/Liquid Sugar, Oligofructose (Fibre), Blueberry Purée (1.2%), Blackberry Purée (1.1%), Dextrose, Modified Starch, Milk Minerals Concentrate, Flavourings, Acidity Regulators (Citric Acid, Sodium Citrate), Lactobacillus Casei (L. Casei Danone®), Vitamins (D, B6)",https://www.sainsburys.co.uk/gol-ui/product/actimel-yogurt-drink-strawberry---blueberry-12x100g,12 x 12x100g,2024-08-17T07:16:43.223985-04:00
68-692-DRI,Benecol Peach & Apricot No Added Sugar Yogurt Drink 6x67.5g,Benecol,Drinks,Dairy & eggs,Yogurts,,£4.30,6 for £4.30,£5.00,£1.06 / 100g,6399472,Peach & Apricot flavoured yogurt drink with added plant stanols and sweetener.,67.5 g,https://assets.sainsburys-groceries.co.uk/gol/6399472/1/640x640.jpg,"Per 100g Per 67.5g serving
Energy 205kJ/
49kcal 139kJ/
33kcal
Fat 2.0g 1.4g
of which saturates 0.2g 0.1g
Carbohydrate 4.8g 3.2g
of which sugars 4.7g 3.2g
Protein 2.9g 1.9g
Salt 0.09g 0.06g
Plant stanols 3.0g 2.0g
RI = Reference intake","Yogurt (85%) (Skimmed Milk, Yogurt Cultures), Plant Stanol Ester (Plant Stanols 3%), Peach Pulp (2%), Apricot Pulp (2%), Apple Puree, Lemon Juice, Stabiliser (Pectin), Flavourings, Colour (Beta Carotene), Sweetener (Sucralose), Vitamin B1*, *Vitamin B1 contributes to the normal function of the heart",https://www.sainsburys.co.uk/gol-ui/product/benecol-yogurt-drink-peach---apricot-6x675g,6 x 6x67.5g,2024-08-17T07:16:49.963262-04:00
68-693-DRI,Lucozade Sport Drink Orange 4x500ml,Lucozade,Drinks,Low everyday prices,,500ML,£4.00,4 for £4.00,,20p / 100ml,3717455,Orange Flavour Isotonic Drink with Sugars and Sweeteners,,https://assets.sainsburys-groceries.co.uk/gol/3717455/1/640x640.jpg,"per In every 100ml %RI* per 250ml %RI*
Energy, kJ/kcal 113/
27 - 282/
66 -
Carbohydrate, g 6.3 - 15.7 -
of which sugars, g 3.5 - 8.8 -
Salt, g 0.12 - 0.31 -
Niacin, mg 1.2 7.5 3.0 19
Contains negligible amounts of - Fat, Saturates and Protein. Electrolytes per 100ml: Sodium 50mg
*RI = Reference Intake","Water, Glucose Syrup, Acid (Citric Acid), Acidity Regulator (Sodium Citrate), Preservative (Potassium Sorbate), Stabiliser (Acacia Gum), Antioxidant (Ascorbic Acid), Sweeteners (Aspartame, Acesulfame K), Flavouring, Niacin (Vitamin B3), Colour (Beta Carotene)",https://www.sainsburys.co.uk/gol-ui/product/lucozade-sport-orange-4x500ml,4 x 4x500ml,2024-08-17T07:17:02.029386-04:00
68-694-DRI,Actimel Original 0% Added Sugar Fat Free Yogurt Drink 12x100g,Actimel,Drinks,Dairy & chilled essentials,,,£4.50,12 for £4.50,£2.50,38p / 100g,6361117,"Yogurt drink with L. casei Danone cultures, vitamins D and B6 and sweeteners.",,https://assets.sainsburys-groceries.co.uk/gol/6361117/1/640x640.jpg,"Per 100g % RI**
Energy (kJ/kcal) 115/
27 1
Fat (g) 0.1 0
of which saturates (g) 0 0
Carbohydrate (g) 3.0 1
of which sugars (g) 3.0 3
Fibre (g) 0.2 -
Protein (g) 2.7 5
Salt (g) 0.10 2
**RI: Reference intake of an average adult (8400kJ/2000kcal)","Yogurt (Milk), Water, Skimmed Milk, Stabiliser (Pectin), Milk Minerals Concentrate, Sweeteners (Sucralose, Acesulfame K), Flavourings, Lactobacillus Casei (L. Casei Danone®), Vitamins (D, B6)",https://www.sainsburys.co.uk/gol-ui/product/actimel-original-plain-fat-free-no-added-sugar-yogurt-drinks-12x100g,12 x 12x100g,2024-08-17T07:17:09.460013-04:00
68-695-DRI,Lucozade Energy Drink Original 4x380ml,Lucozade,Drinks,Sports nutrition,Sports drinks,380ML,£3.25,4 for £3.25,£1.50,21p / 100ml,8062442,"Lucozade Energy Original 380ml. Lucozade Energy contains Glucose, and has the original taste so many know and love! Best enjoyed cold",380 ml,https://assets.sainsburys-groceries.co.uk/gol/8062442/1/640x640.jpg,"per 100ml %RI* per 380ml %RI*
Energy, kJ/kcal 159/
37 - 605/
142 -
Carbohydrate, g 8.9 - 33.9 -
of which sugars, g 4.5 - 17.1 -
Salt, g 0.09 - 0.34 -
Niacin, mg 1.2 7.5 4.6 29
Contains 8.9g glucose based carbohydrate per 100ml, 33.9 per 380ml serving.
*RI = Reference Intake","Carbonated Water, Glucose Syrup (13%%), Citric Acid, Lactic Acid, Flavourings, Acidity Regulator (Sodium Citrate), Preservative (Potassium Sorbate), Caffeine, Sweeteners (Sucralose, Acesulfame K), Antioxidant (Ascorbic Acid), Colours (Sunset Yellow, Ponceau 4R), Niacin (Vitamin B3)",https://www.sainsburys.co.uk/gol-ui/product/lucozade-energy-original-4x380ml,4 x 4x380ml,2024-08-17T07:17:16.736369-04:00
68-696-DRI,Actimel Blueberry Cultured Yogurt Drink 8x100g,Actimel,Drinks,Dairy & eggs,Special offers,,£3.75,8 for £3.75,£2.50,47p / 100g,6489522,"Yogurt drink with L. Casei Danone cultures, vitamin B6 and D, and blueberry.",,https://assets.sainsburys-groceries.co.uk/gol/6489522/1/640x640.jpg,"Per 100 g % RI*
Energy 311 kJ/
74 kcal 4
Fat 1.5 g 2
of which saturates 1.0 g 5
Carbohydrate 11 g 4
of which sugars 11 g 12
Fibre 1.1 g -
Protein 2.8 g 6
Salt 0.11 g 2
*RI: Reference intake of an average adult (8400 kJ/2000 kcal)","Yogurt (Milk), Skimmed Milk, Sugar / Liquid Sugar, Oligofructose (Fibre), Blueberry Purée (1.2%), Blackberry Purée (1.1%), Dextrose, Modified Starch, Milk Minerals, Flavourings, Acidity Regulators (Citric Acid, Sodium Citrate), Lactobacillus Casei (L. Casei Danone®), Vitamins (B6,D)",https://www.sainsburys.co.uk/gol-ui/product/actimel-blueberry-yogurt-8x100g,8 x 8x100g,2024-08-17T07:17:23.629772-04:00
68-697-DRI,Benecol Yogurt Drink Blueberry 6x67.5g,Benecol,Drinks,Dairy & eggs,"Butter, spreads & pastry",,£4.30,6 for £4.30,£2.50,£1.06 / 100g,7556133,"Blueberry flavoured yogurt drink with added plant stanols, sugars and sweetener.",67.5 g,https://assets.sainsburys-groceries.co.uk/gol/7556133/1/640x640.jpg,"Per 100g Per 67.5g serving
Energy 219/
52kcal 148kJ/
35kcal
Fat 2.1g 1.4g
of which saturates 0.2g 0.1g
Carbohydrate 4.9g 3.3g
of which sugars 4.7g 3.2g
Protein 2.8g 1.9g
Salt 0.09g 0.06g
Plant stanols 3.0g 2.0g","Yogurt (85%) (Skimmed Milk, Yogurt Cultures), Water, Plant Stanol Ester (Plant Stanols 3%), Blueberry Puree (1.8%), Sugar, Stabiliser (Pectin), Flavouring, Lemon Juice Concentrate, Sweetener (Sucralose), Vitamin B1*, *Vitamin B1 contributes to the normal function of the heart",https://www.sainsburys.co.uk/gol-ui/product/benecol-blueberry-6x675g,6 x 6x67.5g,2024-08-17T07:17:30.729878-04:00
68-698-DRI,Actimel Original 0% Added Sugar Fat Free Yogurt Drink 8x100g,Actimel,Drinks,Dairy & eggs,Special offers,,£3.75,8 for £3.75,£2.50,47p / 100g,3569290,"Yogurt drink with L. casei Danone cultures, vitamins D and B6 and sweeteners.",,https://assets.sainsburys-groceries.co.uk/gol/3569290/1/640x640.jpg,"Per 100g % RI**
Energy (kJ/kcal) 115/
27 1
Fat (g) 0.1 0
of which saturates (g) 0 0
Carbohydrate (g) 3.0 1
of which sugars (g) 3.0 3
Fibre (g) 0.2 -
Protein (g) 2.7 5
Salt (g) 0.10 2
**RI: Reference intake of an average adult (8400kJ/2000kcal)","Yogurt (Milk), Water, Skimmed Milk, Stabiliser (Pectin), Milk Minerals Concentrate, Sweeteners (Sucralose, Acesulfame K), Flavourings, Lactobacillus Casei (L. Casei Danone®), Vitamins (D, B6)",https://www.sainsburys.co.uk/gol-ui/product/actimel-original-plain-fat-free-no-added-sugar-yogurt-drinks-8x100g,8 x 8x100g,2024-08-17T07:17:37.462863-04:00
68-699-DRI,Benecol Yogurt Drink Strawberry 6x67.5g,Benecol,Drinks,Dairy & eggs,"Butter, spreads & pastry",,£4.30,6 for £4.30,£2.50,£1.06 / 100g,6267910,"Strawberry flavoured yogurt drink with added plant stanols, sugars and sweetener.",67.5 g,https://assets.sainsburys-groceries.co.uk/gol/6267910/1/640x640.jpg,"Per 100g Per 67.5g serving
Energy 215kJ/
51kcal 145kJ/
34kcal
Fat 2.1g 1.4g
of which saturates 0.2g 0.1g
Carbohydrate 5.1g 3.4g
of which sugars 4.9g 3.3g
Protein 2.8g 1.9g
Salt 0.09g 0.06g
Plant stanols 3.0g 2.0g
RI = Reference Intake","Yogurt (85%) (Skimmed Milk, Yogurt Cultures), Strawberry Juice (6%), Plant Stanol Ester (Plant Stanols 3%), Sugar, Lemon Juice, Stabiliser (Pectin), Colour (Beetroot Juice), Flavouring, Sweetener (Sucralose), Vitamin B1*, *Vitamin B1 contributes to the normal function of the heart",https://www.sainsburys.co.uk/gol-ui/product/benecol-strawberry-yogurt-drink-6x675g,6 x 6x67.5g,2024-08-17T07:17:45.280316-04:00
68-700-DRI,Actimel Strawberry 0% Added Sugar Fat Free Yogurt Drink 8x100g,Actimel,Drinks,Dairy & eggs,Special offers,,£3.75,8 for £3.75,£2.50,47p / 100g,6310016,"Yogurt drink with L. casei Danone cultures, vitamins B6 and D, strawberry and with sweeteners.",,https://assets.sainsburys-groceries.co.uk/gol/6310016/1/640x640.jpg,"Per 100 g %RI**
Energy 116 kJ/
27 kcal 1
Fat 0.1 g 0
of which saturates 0 g 0
Carbohydrate 3.2 g 1
of which sugars 3.0 g 3
Fibre 0.2 g -
Protein 2.6 g 5
Salt 0.11 g 2
**RI: Reference intake of an average adult (8400 kJ/2000 kcal)","Yogurt (Milk), Water, Skimmed Milk, Strawberry Purée (2.0%), Modified Tapioca Starch, Stabiliser (Pectin), Milk Minerals Concentrate, Natural Flavourings, Acidity Regulators (Sodium Citrate, Citric Acid), Sweeteners (Sucralose, Acesulfame K), Lactobacillus Casei (L. Casei Danone®), Vitamins (B6, D)",https://www.sainsburys.co.uk/gol-ui/product/actimel-strawberry-fat-free-no-added-sugar-yogurt-drinks-8x100g,8 x 8x100g,2024-08-17T07:17:52.110396-04:00
68-701-DRI,Mighty Ultimate Barista Oat Milk Alternative Long Life 1L,Mighty,Drinks,"Vegetarian, vegan & dairy free",Dairy free,1L,£1.90,,£3.60,£1.90 / ltr,8005314,Oat drink with added vitamins and minerals.,,https://assets.sainsburys-groceries.co.uk/gol/8005314/1/640x640.jpg,"Per 100ml
Energy 60kcal/
251kJ
Fat 3.2g
of which Saturates 0.5g
Carbohydrate 6.8g
of which Sugars 2.9g
Fibre 0.3g
Protein 0.9g
Salt 0.06g
†Reference intake of an average adult (8400kJ / 2000kcal)","British Oat Base (Water, Oats (10%)), Water, Rapeseed Oil, Acidity Regulator (Dipotassium Phosphate), Fermented Oats, Calcium, Salt, Stabiliser (Gellan Gum), Iodine, Vitamins (B12, D)",https://www.sainsburys.co.uk/gol-ui/product/barista-mighty-milkology-1l,,2024-08-17T07:17:58.845356-04:00
68-702-DRI,Lucozade Sport Drink Raspberry 4x500ml,Lucozade,Drinks,Low everyday prices,,500ML,£4.00,4 for £4.00,,20p / 100ml,6567295,Raspberry Flavour Isotonic Drink With Sugars And Sweeteners,,https://assets.sainsburys-groceries.co.uk/gol/6567295/1/640x640.jpg,"per In every 100ml %RI* per 250ml %RI*
Energy, kJ/kcal 113/
27 - 283/
67 -
Carbohydrate, g 6.3 - 15.7 -
of which sugars, g 3.5 - 8.9 -
Salt, g 0.12 - 0.31 -
Niacin, mg 1.2 7.5 3.0 19
Contains negligible amounts of - Fat, Saturates and Protein. Electrolytes per 100ml: Sodium 50mg
*RI = Reference Intake","Water, Glucose Syrup, Acid (Citric Acid), Acidity Regulator (Sodium Citrate), Extract of Black Carrot, Preservatives (Potassium Sorbate, Dimethyl Dicarbonate), Stabiliser (Acacia Gum), Sweeteners (Aspartame, Acesulfame K), Antioxidant (Ascorbic Acid), Flavourings, Niacin (Vitamin B3)",https://www.sainsburys.co.uk/gol-ui/product/lucozade-sport-raspberry-4x500ml,4 x 4x500ml,2024-08-17T07:18:10.853382-04:00
68-703-DRI,James White Beet It Organic Beetroot Juice 1L,James,Drinks,Organic,All organic,1L,£3.20,,£2.75,32p / 100ml,7599346,Organic beetroot juice and apple juice,,https://assets.sainsburys-groceries.co.uk/gol/7599346/1/640x640.jpg,"per 100ml
Energy 142kJ /
34kcal
Fat 0g
- of which saturates 0g
Carbohydrates 7.6g
- of which sugars 6.8g
Protein 0.8g
Salt 0.08g","Organic Beetroot Juice (90%), Organic Apple Juice (10%)",https://www.sainsburys.co.uk/gol-ui/product/beet-it-organic-beetroot-juice-1l,,2024-08-17T07:18:17.825526-04:00
68-704-DRI,Lucozade Energy Drink Original 900ml,Lucozade,Drinks,Sports nutrition,Sports drinks,900ML,£1.50,,£1.50,17p / 100ml,2002071,Sparkling Glucose Drink with Sugar and Sweeteners,250 ml,https://assets.sainsburys-groceries.co.uk/gol/2002071/1/640x640.jpg,"per 100ml %RI* per 250ml %RI*
Energy, kJ/kcal 159/
37 - 398/
94 -
Carbohydrate, g 8.9 - 22.3 -
of which sugars, g 4.5 - 11.2 -
Salt, g 0.09 - 0.22 -
Niacin, mg 1.2 7.5 3.0 19
Contains negligible amounts of - Fat, Saturates and Protein. Contains 8.6g glucose based carbohydrate per 100ml and 21.4g per 250ml serving
*RI = Reference Intake","Carbonated Water, Glucose Syrup (13%), Acid (Citric Acid), Acidity Regulator (Sodium Gluconate), Flavourings, Preservative (Potassium Sorbate), Caffeine, Sweeteners (Sucralose, Acesulfame K), Antioxidant (Ascorbic Acid), Colours (Sunset Yellow, Ponceau 4R), Niacin (Vitamin B3)",https://www.sainsburys.co.uk/gol-ui/product/lucozade-sparkling-glucose-drink--original-1l,,2024-08-17T07:18:24.685697-04:00
68-705-DRI,Lucozade Energy Drink Orange 4x380ml,Lucozade,Drinks,"Sports, energy & wellbeing",All,380ML,£3.25,4 for £3.25,£1.50,21p / 100ml,8062446,Sparkling Orange Glucose Drink with sugars and sweeteners,,https://assets.sainsburys-groceries.co.uk/gol/8062446/1/640x640.jpg,"per 100ml %RI* per 380ml %RI*
Energy, kJ/kcal 149/
35 - 565/
133 -
Carbohydrate, g 8.4 - 31.9 -
of which sugars, g 4.5 - 17.1 -
Salt, g 0.06 - 0.24 -
Niacin, mg 1.2 7.5 4.6 29
Contains negligible amounts of - Fat, Saturates and Protein. Contains 7.9g glucose based carbohydrate per 100ml and 30.0g per 380ml bottle.
*RI = Reference Intake","Carbonated Water, Glucose Syrup (11%), Orange Juice from Concentrate (6%), Acid (Citric Acid), Acidity Regulator (Sodium Gluconate), Flavourings, Preservative (Potassium Sorbate), Sweeteners (Sucralose, Acesulfame K), Stabiliser (Acacia Gum), Caffeine, Antioxidant (Ascorbic Acid), Colour (Beta Carotene), Niacin (Vitamin B3)",https://www.sainsburys.co.uk/gol-ui/product/lucozade-energy-orange-fridge-pack-4x380ml,4 x 4x380ml,2024-08-17T07:18:31.502713-04:00
68-706-DRI,Sainsbury's Cholesterol Lowering Drink Original 6x100g,Sainsbury's,Drinks,Dairy & eggs,Yogurts,,£3.00,6 for £3.00,£2.50,50p / 100g,7794898,"6 Low Fat original yogurt drinks with added plant sterols, thiamin (B1) and sweetener.",,https://assets.sainsburys-groceries.co.uk/gol/7794898/1/640x640.jpg,"Typical Values 100g contains  A serving contains  % based on RI for Average Adult
Energy 149kJ 149kJ -
36kcal 36kcal 2%
Fat 1.1g 1.1g 2%
Saturates 0.2g 0.2g 1%
Mono-unsaturates 0.3g 0.3g -
Polyunsaturates 0.6g 0.6g -
Carbohydrate 3.4g 3.4g 1%
Sugars 3.0g 3.0g 3%
Starch <0.5g <0.5g -
Fibre <0.5g <0.5g -
Protein 2.7g 2.7g 5%
Salt 0.07g 0.07g 1%",,https://www.sainsburys.co.uk/gol-ui/product/sainsburys-cholesterol-lowering-drink-orig6x100g,6 x 6x100g,2024-08-17T07:18:43.509028-04:00
68-707-DRI,Red Bull Energy Drink 250ml x4,Red,Drinks,Mixers & adult soft drinks,Mixers,250ML,£5.30,,£4.00,53p / 100ml,3504888,Energy Drink,,https://assets.sainsburys-groceries.co.uk/gol/3504888/1/640x640.jpg,"195 kJ (46 kcal)
Fat 0 g
of which Saturates 0 g
Carbohydrates 11 g
of which Sugars 11 g
Protein 0 g
Salt 0.1 g","Water, Sucrose, Glucose, Acid (Citric Acid), Carbon Dioxide, Taurine (0.4 %), Acidity Regulators (Sodium Carbonates, Magnesium Carbonates), Caffeine (0.03 %), Vitamins (Niacin, Pantothenic Acid, B6, B12), Flavourings, Colours (Plain Caramel, Riboflavins)",https://www.sainsburys.co.uk/gol-ui/product/red-bull-energy-4x250ml,,2024-08-17T07:18:50.361137-04:00
68-709-DRI,Lucozade Energy Drink Orange 900ml,Lucozade,Drinks,Sports nutrition,Sports drinks,900ML,£1.50,,£1.50,17p / 100ml,2213910,Sparkling Orange Glucose Drink with sugars and sweeteners,250 ml,https://assets.sainsburys-groceries.co.uk/gol/2213910/1/640x640.jpg,"per 100ml %RI* per 250ml %RI*
Energy, kJ/kcal 149/
35 - 372/
87 -
Fat, g 0 - 0 -
of which saturates, g 0 - 0 -
Carbohydrate, g 8.4 - 21.0 -
of which sugars, g 4.5 - 11.2 -
Salt, g 0.06 - 0.16 -
Niacin, mg 1.2 7.5 3.0 19
Contains negligible amounts of - Fat, Saturates and Protein. Contains 7.9g glucose based carbohydrate per 100ml and 19.8g per 250ml serving
*RI = Reference Intake","Carbonated Water, Glucose Syrup (11%), Orange Juice from Concentrate (6%), Acid (Citric Acid), Acidity Regulator (Sodium Gluconate), Flavourings, Preservative (Potassium Sorbate), Sweeteners (Acesulfame K, Sucralose), Stabiliser (Acacia Gum), Caffeine, Antioxidant (Ascorbic Acid), Niacin (Vitamin B3), Colour (Beta Carotene)",https://www.sainsburys.co.uk/gol-ui/product/lucozade-sparkling-glucose-drink--orange-barley-crush-1l,,2024-08-17T07:19:09.273890-04:00
68-711-DRI,Biotiful Gut Health Kefir Milk Drink Mango 500ml,Biotiful,Drinks,Dairy & eggs,Milk,500ML,£2.60,,£4.25,52p / 100ml,8047234,Kefir: fermented milk with mango,,https://assets.sainsburys-groceries.co.uk/gol/8047234/1/640x640.jpg,"Per 100ml 1 serving (250ml)
Energy, kcal (kJ) 65 (274) 163 (685)
Fat (g) 2.6 6.5
of which saturates (g) 1.8 4.5
Carbohydrates (g) 7.1 18
of which sugars*** (g) 5.5 14
Protein (g) 3.3 8.3
Salt (g) 0.09 0.23
***Contains naturally occurring sugars","Pasteurised Cow's Milk (88%) Fermented with Live Kefir Cultures†, Mango Puree (4%), Fruit Extract (Apple, Carob, Grape), Stabiliser (Pectin), Natural Flavouring, Lemon Concentrate, †Includes: Bifidobacterium, Lactobacillus Acidophilus, Lactobacillus Casei, Lactobacillus Rhamnosus",https://www.sainsburys.co.uk/gol-ui/product/biotiful-kefir-mango-500ml,,2024-08-17T07:19:22.825690-04:00
68-712-DRI,"Twinings Superblends Sleep with Spiced Apple & Camomile, 20 Tea Bags",Twinings,Drinks,Special offers,,,£3.50,,£3.00,£11.67 / 100g,7894990,Spiced Apple and Vanilla Flavoured Herbal Infusion with Camomile and Passionflower.,200 ml,https://assets.sainsburys-groceries.co.uk/gol/7894990/1/640x640.jpg,"Per 100ml brewed infusion* Per 200ml Serving*
Energy 3 kJ /
1 kcal 7 kJ /
2 kcal
Fat 0g 0g
of which saturates 0g 0g
Carbohydrate <0.5g <0.5g
of which sugars <0.5g <0.5g
Protein 0g 0g
Salt 0g 0g
*Based on an infusion brewed with 200ml hot water for 3 minutes","Passionflower (35%), Apple Pieces (15%), Camomile (14%), Cinnamon Bark (10%), Natural Apple Flavouring with other Natural Flavourings (10%), Cardamom (6%), Cloves (6%), Natural Vanilla Flavouring with other Natural Flavourings (4%)",https://www.sainsburys.co.uk/gol-ui/product/twinings-superblends-sleep-tb-20s-30g,,2024-08-17T07:19:29.816667-04:00
68-713-DRI,Lucozade Zero Pink Lemonade 900ml,Lucozade,Drinks,Sports nutrition,Sports drinks,900ML,£1.50,,£3.50,17p / 100ml,7795566,Sparkling sugar free lemon and red berry flavour drink with sweeteners.,250 ml,https://assets.sainsburys-groceries.co.uk/gol/7795566/1/640x640.jpg,"per 100ml %RI* per 250ml %RI*
Energy, kJ/kcal 7/
1.7 - 19/
4 -
Carbohydrate, g 0.1 - 0.1 -
of which sugars, g 0.1 - 0.1 -
Salt, g 0.04 - 0.10 -
Niacin, mg 1.2 7.5 3.0 19
Contains negligible amounts of - Fat, Saturates and Protein. Contains 7.9g glucose based carbohydrate per 100ml and 19.8g per 250ml serving
*RI = Reference Intake","Carbonated Water, Fruit Juice from Concentrate (2%) (Lemon, Cranberry, Raspberry), Acid (Citric Acid), Acidity Regulator (Sodium Gluconate), Lemon Extract, Sweeteners (Aspartame, Acesulfame K), Flavourings, Preservative (Potassium Sorbate), Extracts of Sweet Potato, Apple, Radish and Cherry, Caffeine, Stabiliser (Locust Bean Gum), Niacin (Vitamin B3)",https://www.sainsburys.co.uk/gol-ui/product/lucozade-zero-pink-lemonade-1l,,2024-08-17T07:19:37.615569-04:00
68-714-DRI,Purdey's Natural Energy Rejuvenate Sparkling Grape & Apple with Ginseng Can 4x250ml,Purdey's,Drinks,Juice & smoothies,All juice & smoothies,250ML,£4.00,4 for £4.00,£3.25,40p / 100ml,8076824,Carbonated Multivitamin Fruit Drink with Sweetener (Naturally Sourced Sweetener),,https://assets.sainsburys-groceries.co.uk/gol/8076824/1/640x640.jpg,"Per 100ml:
Energy 84kJ/
20kcal
Fat 0g
of which saturates 0g
Carbohydrate 3.9g
of which sugars 3.9g
Protein 0g
Salt 0g
*Reference intake of an average adult (8400kJ/2000kcal)","Carbonated Water, Fruit Juices from Concentrate 33% (Grape 25%, Apple 8%), Botanical Extracts (Damiana, Oak Bark, Chinese Ginseng (0.04%), Acids (Malic Acid, Citric Acid), Natural Flavourings, Vitamins (C, Niacin, Thiamin, B6, Riboflavin, B12), Sweetener (Steviol Glycosides)",https://www.sainsburys.co.uk/gol-ui/product/purdeys-natural-energy-rejuvenate-grape-apple-with-ginseng-4x250ml,4 x 4x250ml,2024-08-17T07:19:44.340731-04:00
68-715-DRI,GetPro Strawberry High Protein Yoghurt Drink 300g,GetPro,Drinks,Dairy & chilled essentials,,,£2.00,,£1.50,67p / 100g,8168203,Strawberry Flavour Drinking Yoghurt with Sweeteners,100 g,https://assets.sainsburys-groceries.co.uk/gol/8168203/1/640x640.jpg,"Per 100g Per serving 300g %RI* 300g
Energy (kJ/kcal) 251/
59 753/
177 9%
Fat (g) 0.4 1.2 2%
of which saturates (g) 0.2 0.6 3%
Carbohydrate (g) 5.4 16.2 6%
of which sugars (g) 5.2 15.6 17%
Protein (g) 8.3 24.9 50%
Salt (g) 0.17 0.51 9%
* RI: Reference intake of an average adult (8400 kJ/2000 kcal)","Yoghurt (Milk), Whey Protein (Milk), Concentrated Strawberry Purée (0.8%), Concentrated Raspberry Purée (0.3%), Modified Maize Starch, Flavourings, Thickener (Pectin), Acidity Regulators (Citric Acid, Sodium Citrate), Sweeteners (Acesulfame K, Sucralose)",https://www.sainsburys.co.uk/gol-ui/product/getpro-strawberry-flavour-protein-drink-300g,,2024-08-17T07:19:51.185958-04:00
68-716-DRI,Actimel Plus Cherry & Elderberry Twist 8x100g,Actimel,Drinks,Dairy & eggs,Yogurts,,£3.85,8 for £3.85,£2.50,48p / 100g,8166156,"Yogurt drink with L. casei Danone cultures, vitamins D, B6 and B12, cherry and elderberry.",,https://assets.sainsburys-groceries.co.uk/gol/8166156/1/640x640.jpg,"Per 100g % RI*
Energy 310 kJ /
73 kcal 4
Fat 1.4 g 2
of which saturates 1.0 g 5
Carbohydrate 11 g 4
of which sugars 11 g 12
Fibre 1.0 g -
Protein 2.9 g 6
Salt 0.10 g 2
*RI: Reference intake of an average adult (8400 kJ/2000 kcal)","Yogurt (Milk), Skimmed Milk, Sugar / Liquid Sugar, Oligofructose (Fibre), Sour Cherry Purée from Concentrate (1.1%), Elderberry Purée from Concentrate (0.9%), Dextrose, Modified Starch, Milk Minerals, Natural Flavourings, Lemon Juice Concentrate, Acidity Regulator (Sodium Citrate), Lactobacillus Casei (L. Casei Danone®), Vitamins (D, B6, B12)",https://www.sainsburys.co.uk/gol-ui/product/actimel-plus-cherry-elderberry-twist-8x100g,8 x 8x100g,2024-08-17T07:19:59.072653-04:00
68-717-DRI,Huel Chocolate Flavour Ready-to-Drink Complete Meal 500ml,Huel,Drinks,Dairy & eggs,Milk,500ML,£3.50,,£1.50,70p / 100ml,7984299,Chocolate flavour nutritionally complete drink with sweetener,,https://assets.sainsburys-groceries.co.uk/gol/7984299/1/640x640.jpg,"Per 100ml %RI* Per 100ml Per bottle (500ml) %RI* (500ml)
Energy 336kJ - 1680kJ -
80kcal 4% 400kcal 20%
Fat (g) of which 3.8 5% 19 27%
- saturates (g) 1.0 5% 4.8 25%
- monounsaturates (g) 1.3 - 6.5 -
- polyunsaturates (g) 1.3 - 6.6 -
Carbohydrate (g) 6.5 2% 32 12%
- of which sugars 0.6 1% 3.0 3%
Fibre (g) 1.6 (5%) 8.2 (27%)
Protein (g) 4.0 8% 20 40%
Salt (g) 0.20 3% 0.90 15%
Additional nutrition:
Choline (mg) 22 - 110 -","Water, Pea Protein, Tapioca Starch, Gluten-Free Oat Flour, Rapeseed Oil, Cocoa Powder (1.5%), Ground Flaxseed, Medium-Chain Triglyceride Powder(from Coconut), Chicory Root Fibre, Micronutrient Blend*, Natural Flavourings, Brown Rice Flour, Emulsifier: Sunflower Lecithin, Sea Salt, Thickener: Gellan Gum, Sweetener: Sucralose, Flavouring, *Micronutrient Blend: Potassium Citrate, Potassium Chloride, Calcium Carbonate, Vitamin C (as L-Ascorbic Acid), Magnesium Phosphate, L-Choline Bitartrate, Vitamin E (as D-Alpha Tocopheryl Acetate), Niacin (as Niacinamide), Vitamin K2 (as Menaquinone-7), Vitamin A (as Retinyl Acetate), Vitamin D2 (Ergocalciferol), Pantothenic Acid (as Calcium D-Pantothenate), Vitamin B6 (as Pyridoxine Hydrochloride), Riboflavin, Thiamine Mononitrate, Potassium Iodide, Vitamin B12 (as Cyanocobalamin), D-Biotin, Selenium Yeast, Copper Gluconate, Zinc Oxide, Calcium L-Methylfolate, Chromium Picolinate",https://www.sainsburys.co.uk/gol-ui/product/huel-chocolate-flavour-ready-to-drink-complete-meal-500ml,,2024-08-17T07:20:06.621423-04:00
68-718-DRI,Actimel Plus Mango & Turmeric Twist 8x100g,Actimel,Drinks,Dairy & eggs,Yogurts,,£3.85,8 for £3.85,£5.00,48p / 100g,8168223,"Yogurt drink with L. casei Danone cultures, vitamins D, B6 and B12, mango and turmeric.",,https://assets.sainsburys-groceries.co.uk/gol/8168223/1/640x640.jpg,"Per 100g % RI*
Energy 310 kJ /
74 kcal 4
Fat 1.4 g 2
of which saturates 1.0 g 5
Carbohydrate 11 g 4
of which sugars 11 g 12
Fibre 1.0 g -
Protein 2.8 g 6
Salt 0.10 g 2
*RI: Reference intake of an average adult (8400 kJ/2000 kcal)","Yogurt (Milk), Skimmed Milk, Sugar / Liquid Sugar, Mango Purée from Concentrate (2.3%), Oligofructose (Fibre), Dextrose, Modified Starch, Milk Minerals, Turmeric Extract (0.03%), Acidity Regulators (Citric Acid, Sodium Citrate), Natural Flavouring, Lactobacillus Casei (L. Casei Danone®), Vitamins (D, B6, B12)",https://www.sainsburys.co.uk/gol-ui/product/actimel-plus-mango-turmeric-twist-8x100g,8 x 8x100g,2024-08-17T07:20:14.006147-04:00
68-719-DRI,Actimel Plus Strawberry & Pomegranate Twist 8x100g,Actimel,Drinks,Dairy & eggs,Yogurts,,£3.85,8 for £3.85,£2.50,48p / 100g,8168215,"Yogurt drink with L. casei Danone cultures, vitamins D, B6 and B12, strawberry and pomegranate.",,https://assets.sainsburys-groceries.co.uk/gol/8168215/1/640x640.jpg,"Per 100g % RI*
Energy 313 kJ /
74 kcal 4 %
Fat 1.4 g 2 %
of which saturates 1.0 g 5 %
Carbohydrate 11 g 4 %
of which sugars 11 g 12 %
Fibre 1.0 g -
Protein 2.9 g 6 %
Salt 0.10 g 2 %
*RI: Reference intake of an average adult (8400 kJ/2000 kcal)","Yogurt (Milk), Skimmed Milk, Sugar / Liquid Sugar, Strawberry Purée from Concentrate (2%), Oligofructose (Fibre), Dextrose, Strawberry Juice from Concentrate (0.3%), Pomegranate Juice from Concentrate (0.3%), Modified Starch, Milk Minerals, Acidity Regulators (Sodium Citrate, Citric Acid), Natural Flavourings, Lactobacillus Casei (L. Casei Danone®), Vitamins (D, B6, B12)",https://www.sainsburys.co.uk/gol-ui/product/actimel-plus-strawberry-pomegranate-twist-8x100g,8 x 8x100g,2024-08-17T07:20:21.756873-04:00
68-720-DRI,Trip CBD Infused Elderflower Mint 4x250ml,Trip,Drinks,Vegan,Vegan drinks,250ML,£6.50,4 for £6.50,£8.50,65p / 100ml,8071217,Sparkling drink infused with CBD and fruit juices,,https://assets.sainsburys-groceries.co.uk/gol/8071217/1/640x640.jpg,"Per 100ml
Energy 32kJ /
8kcal
Fat 0g
(of which saturates) 0g
Carbohydrates 1.9g
(of which sugars*) 1.5g
Protein 0g
Salt 0g
*Naturally occuring sugars","Sparkling Water, Fruit Juices from Concentrate (27%) (Apple, Grapefruit), Botanical Extracts (Elderflower, Mint, Ginseng, Lemon Balm, Chamomile), Citric Acid, Flavour Enhancer (Erythritol), Natural Sweetener (Stevia Glycosides), L-Theanine, CBD (15mg) (Soya)",https://www.sainsburys.co.uk/gol-ui/product/trip-cbd-infused-elderflower-mint-4x250ml,4 x 4x250ml,2024-08-17T07:20:29.649699-04:00
68-721-DRI,Nexba Kombucha Live Naturally Sugar Free Sparkling Probiotic Strawberry Peach 1L,Nexba,Drinks,Gut loving food,,1L,£3.00,,£1.50,30p / 100ml,8005720,All natural sugar free,,https://assets.sainsburys-groceries.co.uk/gol/8005720/1/640x640.jpg,"Per 100ml
Energy 3kJ /
1kcal
Fat 0g
of which saturates 0g
Carbohydrate 1.0g
of which sugars 0g
Protein 0g
Salt 0.14g","Sparkling Natural Spring Water, Kombucha (Purified Water, Oolong Tea, Sugars⁰, Kombucha Cultures) Acid (Acetic Acid), Vitamin C), Acid (Citric Acid), Goodsweet® Natural Sweeteners (Steviol Glycosides), Fibre, Natural Flavours (Strawberry, Peach, Watermelon), Live Cultures (Bacillus Coagulans), ⁰Sugar fully consumed during fermentation",https://www.sainsburys.co.uk/gol-ui/product/nexba-strawberry-peach-kombucha-1l,,2024-08-17T07:20:36.726483-04:00
68-722-DRI,Red Bull Energy Drink Sugar Free 250ml x4,Red,Drinks,Mixers & adult soft drinks,Mixers,250ML,£5.05,,£4.00,51p / 100ml,4172475,Energy drink with sweeteners,,https://assets.sainsburys-groceries.co.uk/gol/4172475/1/640x640.jpg,"per 100 ml
Energy 13 kJ (3 kcal)
Fat 0 g
of which Saturates 0 g
Carbohydrates 0 g
of which Sugars 0 g
Protein 0 g
Salt 0.1 g","Water, Acid (Citric Acid), Carbon Dioxide, Taurine (0.4 %), Acidity Regulators (Sodium Carbonates, Magnesium Carbonates), Caffeine (0.03 %), Sweeteners (Sucralose, Acesulfame K), Vitamins (Niacin, Pantothenic Acid, B6, B12), Flavourings, Thickener (Xanthan Gum), Colours (Plain Caramel, Riboflavins)",https://www.sainsburys.co.uk/gol-ui/product/red-bull-sugarfree--energy-drink-4x250ml-4172475-p,,2024-08-17T07:20:44.304899-04:00
68-723-DRI,Trip CBD Infused Peach Ginger 4x250ml,Trip,Drinks,Vegan,Vegan drinks,250ML,£6.50,4 for £6.50,£8.50,65p / 100ml,8071227,Sparkling drink infused with CBD and fruit juices,,https://assets.sainsburys-groceries.co.uk/gol/8071227/1/640x640.jpg,"Per 100ml
Energy 35KJ /
8kcal
Fat 0g
(of which saturates) 0g
Carbohydratess 2.1 g
(of which sugars*) 1.8g
Protein 0g
Salt 0g
*Naturally occurring sugars","Sparkling Water, Fruit Juices from Concentrate (23%) (Peach (20%) Passionfruit), Natural Ginger Flavouring, Natural Flavourings and Botanical Extracts (Ginger, Ginseng, Turmeric, Lemon Balm, Chamomile), Citric Acid, Flavour Enhancer (Erythritol), Natural Sweetener (Stevia Glycosides), L-Theanine, CBD (15mg) (Soya)",https://www.sainsburys.co.uk/gol-ui/product/trip-cbd-infused-peach-ginger-4x250ml,4 x 4x250ml,2024-08-17T07:20:51.669279-04:00
68-724-DRI,One Living Ginger Kombucha with Turmeric 275ml,One,Drinks,Fruit juice & drinks,All fruit juice & smoothies,275ML,£1.95,,£1.50,71p / 100ml,7910966,Lightly Sparkling Organic Kombucha with Ginger and Tumeric,,https://assets.sainsburys-groceries.co.uk/gol/7910966/1/640x640.jpg,"Per 100ML Per Bottle
Energy (kJ/kcal) 70/
17 193/
47
Fat 0.0g 0.0g
Of which Saturates 0.0g 0.0g
Carbohydrate 4.1g 11.3g
Of which Sugars 4.1g 11.3g
Protein 0.0g 0.0g
Salt 0.03g 0.07g","Kombucha (Filtered Water, Golden Cane Sugar*, Sencha Green Tea*, Live Kombucha Cultures*), Ginger Juice* (1.5%), Ginger* (0.14%), Turmeric* (0.14%), *Organic ingredients",https://www.sainsburys.co.uk/gol-ui/product/no1-kombucha-ginger-turmeric-275ml,,2024-08-17T07:20:59.262164-04:00
68-725-DRI,"Red Bull Energy Drink Sugar Free Curuba Elderflower, Summer Edition 4x250ml",Red,Drinks,Special offers,,250ML,£5.00,4 for £5.00,£3.50,50p / 100ml,8190853,Energy drink with sweeteners and the taste of Curuba & Ederflower,,https://assets.sainsburys-groceries.co.uk/gol/8190853/1/640x640.jpg,"per 100 ml
Energy 12 kJ (3 kcal)
Fat 0 g
of which Saturates 0 g
Carbohydrates 0 g
of which Sugars 0 g
Protein 0 g
Salt 0.1 g","Water, Acid (Citric Acid), Carbon Dioxide, Taurine (0.4%), Acidity Regulator (Sodium Citrates), Sweeteners (Sucralose, Acesulfame K), Caffeine (0.03%), Vitamins (Niacin, Pantothenic Acid, B6, B12), Flavourings, Colours (Plain Caramel, Riboflavins), Thickener (Xanthan Gum)",https://www.sainsburys.co.uk/gol-ui/product/red-bull-energy-drink-sugar-free-curuba-elderflower-summer-edition-x4-250ml,4 x 4x250ml,2024-08-17T07:21:06.036596-04:00
68-726-DRI,Lucozade Sport Drink Zero Raspberry & Passion Fruit 4x500ml,Lucozade,Drinks,"Sports, energy & wellbeing",All,500ML,£4.00,4 for £4.00,£2.00,20p / 100ml,8156157,Sugar Free Raspberry and Passion Fruit Flavour Fitness Drink with sweeteners,,https://assets.sainsburys-groceries.co.uk/gol/8156157/1/640x640.jpg,"per 100ml %RI* per 250ml %RI*
Energy, kJ/kcal 5/
1 - 12/
3 -
Carbohydrate, g <0.1 - 0.1 -
of which sugars, g <0.1 - 0.1 -
Salt, g 0.07 - 0.16 -
Niacin, mg 1.2 7.5 3.0 19
Electrolytes per 100ml: Sodium 25mg
*RI = Reference Intake","Water, Acidity Regulator (Sodium Citrate), Acid (Citric Acid), Extracts of Sweet Potato and Carrot, Extracts of (Apple, Safflower and Lemon), Sweeteners (Acesulfame K, Sucralose), Flavourings , Niacin (Vitamin B3)",https://www.sainsburys.co.uk/gol-ui/product/lucozade-sport-zero-raspberry-passion-fruit-4x500ml,4 x 4x500ml,2024-08-17T07:21:12.906680-04:00
68-727-DRI,Sainsbury's Blue Bolt Zero 6x250ml,Sainsbury's,Drinks,Sports nutrition,Sports drinks,250ML,£3.30,6 for £3.30,£3.50,22p / 100ml,7001897,"Carbonated no added sugar mixed fruit flavour drink with added taurine, caffeine, B vitamins and sweeteners",,https://assets.sainsburys-groceries.co.uk/gol/7001897/1/640x640.jpg,"Typical Values per 100ml  per can  % based on RI for Average Adult
Energy 14kJ 35kJ -
3kcal 8kcal -
Fat <0.5g <0.5g -
Saturates <0.1g <0.1g -
Carbohydrate <0.5g <0.5g -
Sugars <0.5g <0.5g -
Fibre <0.5g <0.5g -
Protein <0.5g <0.5g -
Salt 0.10g 0.25g 4%",,https://www.sainsburys.co.uk/gol-ui/product/sainsburys-blue-bolt--zero-6x250ml,6 x 6x250ml,2024-08-17T07:21:26.354058-04:00
68-728-DRI,Monster Energy Drink Ultra Zero Sugar 9x500ml,Monster,Drinks,Special offers,,500ML,£10.00,9 for £10.00,£3.50,22p / 100ml,8156422,"Carbonated Energy Drink with Taurine, Ginseng, Caffeine, L-Carnitine and B Vitamins with Sweeteners.",,https://assets.sainsburys-groceries.co.uk/gol/8156422/1/640x640.jpg,"Per 100ml (%): Per 500ml (%):
Energy: 10kJ/
(2kcal) 50kJ/
(11kcal)
Carbohydrate: 0.9g 4.4g (2%)
of which sugars: 0g 0g (0%)
Salt: 0.20g 1.0g (17%)
Fat, saturates, protein - negligible amount","Carbonated Water, Acid (Citric Acid), Taurine (0.4%), Acidity Regulator (Sodium Citrates), Flavourings, Panax Ginseng Root Extract (0.08%), Sweeteners (Sucralose, Acesulfame K), Preservatives (Sorbic Acid, Benzoic Acid), Caffeine (0.03%), L-Carnitine L-Tartrate (0.015%), Vitamins (B3, B5, B6, B12), Sodium Chloride, D-Glucuronolactone, Guarana Seed Extract (0.002%), Inositol",https://www.sainsburys.co.uk/gol-ui/product/monster-energy-drink-ultra-zero-sugar-9x500ml,9 x 9x500ml,2024-08-17T07:21:34.462901-04:00
68-729-DRI,GetPro Chocolate Long Life High Protein Drink 330ml,GetPro,Drinks,Dairy & chilled essentials,,330ML,£2.25,,£1.50,68p / 100g,8168187,Chocolate Flavour UHT Milk Drink with Added Milk Protein and Sweetener,100 ml,https://assets.sainsburys-groceries.co.uk/gol/8168187/1/640x640.jpg,"Per 100ml Per serving 330ml (%RI*)
Energy (kJ/kcal) 229/
54 758/
179 (9%)
Fat (g) 0.3 1.1g (2%)
of which saturates (g) 0.2 0.7g (3%)
Carbohydrate (g) 5.0 16.5g (6%)
of which sugars (g) 4.7 15.5g (17%)
Protein (g) 7.6 25.0g (50%)
Salt (g) 0.20 0.66g (11%)
* RI: Reference intake of an average adult (8400 kJ/2000 kcal)","Skimmed Milk (89%), Milk Protein (5.3%), Fat Reduced Cocoa Powder (1.3%), Thickeners (Cellulose Gum, Gellan Gum), Stabilisers (Polyphosphates, Sodium Phosphates), Flavourings, Salt, Lactase Enzyme, Sweetener (Sucralose)",https://www.sainsburys.co.uk/gol-ui/product/getpro-chocolate-flavour-protein-drink-300ml,,2024-08-17T07:21:41.851595-04:00
68-730-DRI,Huel Ready-to-drink Vanilla Flavour 500ml,Huel,Drinks,Special offers,,500ML,£3.50,,£1.25,70p / 100ml,7984269,Vanilla flavour nutritionally complete drink with sweetener,,https://assets.sainsburys-groceries.co.uk/gol/7984269/1/640x640.jpg,"Per 100ml %RI* Per 100ml Per bottle (500ml) %RI* Per 500ml
Energy 336kJ - 1680kJ -
80kcal 4% 400kcal 20%
Fat (g) of which 3.8 5% 19 27%
- saturates (g) 0.8 4% 3.9 20%
- monounsaturates (g) 1.4 - 6.8 -
- polyunsaturates (g) 1.4 - 7.1 -
Carbohydrate (g) 6.8 3% 34 13%
- of which sugars (g) 0.9 1% 4.3 5%
Fibre (g) 1.2 (4%) 6.0 (20%)
Protein (g) 4.0 8% 20 40%
Salt (g) 0.10 2% 0.70 12%
Additional nutrition:
Choline (mg) 22.0 - 110 -","Water, Pea Protein, Tapioca Flour, Gluten-Free Oat Flour, Rapeseed Oil, Ground Flaxseed, Medium-Chain Triglyceride Powder (from Coconut), Soluble Gluco Fibre, Micronutrient Blend*, Natural Flavourings, Brown Rice Flour, Emulsifier: Sunflower Lecithin, Thickener: Gellan Gum, Sweetener: Sucralose, *Micronutrient Blend: Potassium Citrate, Potassium Chloride, Calcium Carbonate, Vitamin C (as L-Ascorbic Acid), Magnesium Phosphate, L-Choline Bitartrate, Vitamin E (as D-Alpha Tocopheryl Acetate), Niacin (as Niacinamide), Vitamin K2 (as Menaquinone-7), Vitamin A (as Retinyl Acetate), Vitamin D2 (Ergocalciferol), Pantothenic Acid (as Calcium D-Pantothenate), Vitamin B6 (as Pyridoxine Hydrochloride), Riboflavin, Thiamine Mononitrate, Potassium Iodide, Vitamin B12 (as Cyanocobalamin), D-Biotin, Selenium Yeast, Copper Gluconate, Zinc Oxide, Calcium-L-Methylfolate, Chromium Picolinate",https://www.sainsburys.co.uk/gol-ui/product/huel-ready-to-drink-vanilla-flavour-500ml,,2024-08-17T07:21:49.472806-04:00
68-731-DRI,One Living Raspberry Kombucha with Pomegranate 275ml,One,Drinks,Fruit juice & drinks,All fruit juice & smoothies,275ML,£1.95,,£1.50,71p / 100ml,7910994,"Lightly Sparkling Organic Kombucha with Raspberry, Pomegranate and Hibiscus.",,https://assets.sainsburys-groceries.co.uk/gol/7910994/1/640x640.jpg,"Per 100ml Per Bottle
Energy (kJ/kcal) 64/
15 176/
41
Fat 0.0g 0.0g
Of which Saturates 0.0g 0.0g
Carbohydrate 3.8g 10.4g
Of which Sugars 3.6g 10.0g
Protein 0.0g 0.0g
Salt 0.03g 0.07g","Kombucha (Filtered Water, Golden Cane Sugar*, Sencha Green Tea*, Live Kombucha Cultures*), Raspberry Puree* (3%), Pomegranate* (0.1%), Hibiscus* (0.1%), Natural Raspberry Flavouring, *Organic Ingredients",https://www.sainsburys.co.uk/gol-ui/product/no1-kombucha-raspberry-pomegranate-hibiscus-275ml,,2024-08-17T07:21:57.494209-04:00
68-732-DRI,Lucozade Energy Drink Original Cans 12x330ml,Lucozade,Drinks,Sports nutrition,Sports drinks,330ML,£5.55,12 for £5.55,£1.50,14p / 100ml,8063706,Sparkling Glucose Drink with Sugar and Sweeteners,,https://assets.sainsburys-groceries.co.uk/gol/8063706/1/640x640.jpg,"per 100ml %RI* per 330ml %RI*
Energy, kJ/kcal 159/
37 - 525/
123 -
Fat, g 0 - 0 -
Niacin, mg 1.2 7.5 4.0 25
of which saturates, g 0 - 0 -
Carbohydrate, g 8.9 - 29.4 -
of which sugars, g 4.5 - 14.8 -
Protein, g <0.1 - <0.1 -
Salt, g 0.08 - 0.269 -
Contains negligible amounts of - Fat, Saturates and Protein. Contains 8.9g glucose based carbohydrate per 100ml and 29.4g per 330ml
*RI = Reference Intake","Carbonated Water, Glucose Syrup (13%), Acids (Citric Acid, Lactic Acid), Acidity Regulator (Sodium Citrate), Flavourings, Preservative (Potassium Sorbate), Caffeine, Sweeteners (Sucralose, Acesulfame K), Antioxidant (Ascorbic Acid), Colours (Sunset Yellow, Ponceau 4R), Niacin (Vitamin B3)",https://www.sainsburys.co.uk/gol-ui/product/lucozade-energy-original-12x330ml,12 x 12x330ml,2024-08-17T07:22:04.305826-04:00
68-733-DRI,Evian Natural Bottled Mineral Still Water 750ml,Evian,Drinks,Sandwiches & food to go,Meal deal,750ML,£1.50,,£1.00,20p / 100ml,3499481,Natural mineral water,,https://assets.sainsburys-groceries.co.uk/gol/3499481/1/640x640.jpg,"Composition in mg/litre:
Sodium Na+ 6.5
Silica SiO₂ 15
Bicarbonates HCO₃¯ 360
Sulphates SO₄¯ ¯ 14
Chlorides CI¯ 10
Nitrates NO₃¯ 3.8
Dry residue 180°C: 345mg/L
pH 7.2",,https://www.sainsburys.co.uk/gol-ui/product/evian-natural-mineral-water-750ml-sports-cap-,,2024-08-17T07:22:17.594960-04:00
68-734-DRI,"Get More Vitamin D, Still Mango & Passionfruit 1L",Get,Drinks,Special offers,,1L,£2.00,,£1.20,20p / 100ml,7845838,Low Calorie Still Mango & Passionfruit Flavour Drink with Sweetener and added Vitamin D & Calcium,500 ml,https://assets.sainsburys-groceries.co.uk/gol/7845838/1/640x640.jpg,"Per 100ml Per 500ml Serving
Energy 4kJ/
1kcal 22kJ/
5kcal
Fat 0g 0g
Of which saturates 0g 0g
Carbohydrates 0g 0g
Of which sugars 0g 0g
Protein 0g 0g
Salt 0g 0g","Spring Water, Vitamins & Minerals (Vitamin D3 Cholecalciferol, Calcium Lactate), Acid (Citric Acid), Natural Flavourings, Preservatives (Potassium Sorbate, Dimethyl Dicarbonate) Sweetener (Sucralose)",https://www.sainsburys.co.uk/gol-ui/product/get-more-vitamin-d--still-mango---passionfruit-1l,,2024-08-17T07:22:25.066585-04:00
68-735-DRI,For Goodness Shakes Protein Strawberry Flavour Shake 435ml,For,Drinks,Dairy & eggs,Milk,435ML,£2.30,,£2.00,53p / 100ml,7727552,Protein is a UHT milk-based fat-free high protein shake with sweetener enriched with vitamins. Strawberry flavour.,,https://assets.sainsburys-groceries.co.uk/gol/7727552/1/640x640.jpg,"Per 100ml %NRV Per 100ml Per 435ml Serv %NRV Per 435ml
Energy kJ 191 - 844 -
Energy kcal 45 - 199 -
Fat (g) 0.1 - <0.5 -
of which saturates (g) 0.06 - 0.3 -
Carbohydrate (g) 5 - 22 -
of which sugars (g)* 5 - 22 -
Fibre (g) 0.4 - 1.7 -
Protein (g) 5.8 - 25 -
Salt (g) 0.12 - 0.52 -
*Contains naturally occurring sugars","Skimmed Milk (97%), Milk Protein Concentrate (2.8%), Stabilisers (Cellulose, Cellulose Gum, Gellan Gum), Flavouring, Colouring (Carotene), Vitamins (Niacin, Vitamin D, Vitamin B12, Folic Acid), Sweetener (Sucralose)",https://www.sainsburys.co.uk/gol-ui/product/for-goodness-shakes-strawberry-475ml,,2024-08-17T07:22:31.771923-04:00
68-736-DRI,Lucozade Sport Drink Mango & Passionfruit 4x500ml,Lucozade,Drinks,Low everyday prices,,500ML,£4.00,4 for £4.00,£3.50,20p / 100ml,7747487,Mango And Passion Fruit Flavour Isotonic Drink With Sugars And Sweeteners,,https://assets.sainsburys-groceries.co.uk/gol/7747487/1/640x640.jpg,"per 100ml %RI* per 250ml %RI*
Energy, kJ/kcal 114/
27 - 284/
67 -
Carbohydrate, g 6.3 - 15.8 -
of which sugars, g 3.6 - 8.9 -
Salt, g 0.12 - 0.31 -
Niacin, mg 1.2 7.5 3.0 19
Contains negligible amounts of - Fat, Saturates and Protein. Electrolytes per 100ml: Sodium 50mg
*RI = Reference Intake","Water, Glucose Syrup, Acid (Citric Acid), Acidity Regulator (Sodium Citrate), Flavourings, Stabiliser (Locust Bean Gum), Antioxidant (Ascorbic Acid), Sweeteners (Acesulfame K, Sucralose), Niacin (Vitamin B3), Colour (Beta Carotene)",https://www.sainsburys.co.uk/gol-ui/product/lucozade-sport-mango---passion-fruit-4x500ml,4 x 4x500ml,2024-08-17T07:22:39.054277-04:00
68-737-DRI,For Goodness Shakes Protein Chocolate Flavour Shake 435ml,For,Drinks,Dairy & eggs,Milk,435ML,£2.30,,£2.00,53p / 100ml,7677241,Protein is UHT milk based fat free high protein shake with sweetener enriched with vitamins. Chocolate flavour.,,https://assets.sainsburys-groceries.co.uk/gol/7677241/1/640x640.jpg,"Per 100ml %NRV Per 100ml Per 435ml Serv %NRV Per 435ml
Energy kJ 195 - 844 -
Energy kcal 46 - 199 -
Fat (g) 0.3 - 1.3 -
of which saturates (g) 0.2 - 0.9 -
Carbohydrate (g) 4.8 - 21 -
of which sugars (g)* 4.6 - 20 -
Fibre (g) 0.4 - 1.7 -
Protein (g) 5.8 - 25 -
Salt (g) 0.12 - 0.52 -
*Contains naturally occurring sugars","Skimmed Milk (89%), Water, Milk Protein Concentrate (2.7%), Fat Reduced Cocoa Powder (1.5%), Stabilisers (Cellulose, Cellulose Gum, Gellan Gum), Flavouring, Vitamins (Niacin, Vitamin D, Vitamin B12, Folic Acid), Sweetener (Sucralose)",https://www.sainsburys.co.uk/gol-ui/product/for-goodness-shakes-protein-chocolate-475ml-x12,,2024-08-17T07:22:45.989790-04:00
68-738-DRI,Actimel Kids Peach Yoghurt Drink 4x100g,Actimel,Drinks,Dairy & eggs,Yogurts,,£1.90,4 for £1.90,£1.50,48p / 100g,8080064,"Yogurt drink with L. Casei Danone cultures, vitamins D and B6, peach and added calcium.",,https://assets.sainsburys-groceries.co.uk/gol/8080064/1/640x640.jpg,"Per 100g %RI*
Energy 261 kJ /
62 kcal 3
Fat 1.4 g 2
of which saturates 0.9 g 5
Carbohydrate 9.0 g 3
of which sugars 8.5 g 9
Protein 3.3 g 7
Salt 0.11 g 2
*RI: Reference intake of an average adult (8400 kJ/2000 kcal)","Yogurt (Milk), Peach Purée (6.2%), Sugar, Skimmed Milk, Tapioca Starch, Calcium Citrate (Calcium), Lemon Juice from Concentrate, Natural Flavouring, Lactobacillus Casei (L. Casei Danone®), Vitamins (B6, D)",https://www.sainsburys.co.uk/gol-ui/product/actimel-kids-peach-yoghurt-drink-4x100g,4 x 4x100g,2024-08-17T07:22:53.549914-04:00
68-739-DRI,Monster Energy Drink Mango Loco 4x500ml,Monster,Drinks,Special offers,,500ML,£6.00,4 for £6.00,£5.25,30p / 100ml,8007708,"Carbonated Fruit Energy Drink with Taurine, Caffeine, L-Carnitine, Inositol and B Vitamins with Sugars and Sweetener.",,https://assets.sainsburys-groceries.co.uk/gol/8007708/1/640x640.jpg,"Per 100ml: Per 500ml (%*):
Energy 211 kJ/
, : (49kcal) 1055 kJ/
, : (245kcal) (13%)
Fat Trace Trace
of which saturates Trace Trace
Carbohydrate 12 g 62 g (24%)
of which sugars 12 g 58 g (64%)
Salt 0.04 g 0.20 g (4%)
Fat, Saturates, Protein - Negligible Amount
*Reference intake of an average adult (8400 kJ/2000 kcal)
**Daily Reference Intake","Carbonated Water, Fruit Juices from Concentrate (15%) (White Grape, Mango, Guava, Apple, Pineapple, Passion Fruit, Apricot, Peach, Orange, Lemon), Sucrose, Glucose Syrup, Acid (Citric Acid), Taurine (0.4%), Acidity Regulators (Potassium Citrates, Sodium Citrates), Flavourings, Maltodextrin, Preservatives (Potassium Sorbate, Sodium Benzoate), Caffeine (0.03%), Vitamins (B3, B6, B2, B12), Stabilisers (Xanthan Gum, Sodium Alginate), Sweetener (Sucralose), L-Carnitine L-Tartrate (0.004%), Sodium Chloride, Inositol (0.002%), Colour (Carotenes), Vegetable Oils (Coconut, Rapeseed), Modified Starch",https://www.sainsburys.co.uk/gol-ui/product/monster-energy-mango-loco-4x500ml,4 x 4x500ml,2024-08-17T07:23:00.505280-04:00
68-740-DRI,Pukka Organic Three Mint Tea Bags x 20,Pukka,Drinks,Organic,All organic,,£4.75,,£3.50,£14.84 / 100g,7178799,"Perfect for after dinner, our Three Mint tea is crafted with the refreshing notes of spearmint, peppermint and fieldmint to create a vibrant and cool blend with a sweet and delicately aromatic finish",,https://assets.sainsburys-groceries.co.uk/gol/7178799/1/640x640.jpg,,"Peppermint Leaf (54%), Spearmint Leaf (39%), Fieldmint Leaf (7%), Naturally Caffeine-free and ethically sourced, 100% organically grown ingredients: Peppermint Leaf (54%), Spearmint Leaf (39%), Fieldmint Leaf (7%), 39% Fair trade ingredients certified according to the fair for life standard - spearmint",https://www.sainsburys.co.uk/gol-ui/product/pukka-organic-three-mint--peppermint--spearmint---fieldmint-herbal-tea-bags-x20,,2024-08-17T07:23:12.627975-04:00
68-741-DRI,Pukka Night Time Tea Bags x20,Pukka,Drinks,Organic,All organic,,£4.75,,£3.50,£23.75 / 100g,7491190,"Naturally caffeine-free and ethically sourced, 100% organically grown",,https://assets.sainsburys-groceries.co.uk/gol/7491190/1/640x640.jpg,,"Oat Flowering Tops (30%), Chamomile Flower, Licorice Root, Lavender Flower (14%), Limeflower (10%), Tulsi Leaf, Valerian Root (4.9%)",https://www.sainsburys.co.uk/gol-ui/product/pukka-night-time-tea-sachets-x20,,2024-08-17T07:23:24.688364-04:00
68-742-DRI,Union Hand-Roasted Coffee House Roast Cafetière Grind 200g,Union,Drinks,Special offers,,,£6.50,,£3.00,£3.25 / 100g,7953470,House Roast Cafetière Grind,,https://assets.sainsburys-groceries.co.uk/gol/7953470/1/640x640.jpg,,,https://www.sainsburys.co.uk/gol-ui/product/union-hand-roasted-coffee-house-roast-cafeti%C3%A8re-grind-200g,,2024-08-17T07:23:42.432812-04:00
68-743-DRI,Nescafé Azera Americano Instant Coffee 90g,Nescafé,Drinks,Special offers,,,£6.50,,£3.50,£7.22 / 100g,7620344,Soluble coffee with finely ground roasted coffee,,https://assets.sainsburys-groceries.co.uk/gol/7620344/1/640x640.jpg,,"Soluble Coffee, Roast and Ground Coffee (5%)",https://www.sainsburys.co.uk/gol-ui/product/nescaf%C3%A9-azera-americano-instant-coffee-100g,,2024-08-17T07:23:54.811961-04:00
68-744-DRI,Yorkshire Tea Bags x240,Yorkshire,Drinks,Special offers,,,£6.30,,£6.00,84p / 100g,2668789,Black tea.,,https://assets.sainsburys-groceries.co.uk/gol/2668789/1/640x640.jpg,,Black Tea,https://www.sainsburys.co.uk/gol-ui/product/yorkshire-everyday-tea-bags-x240,,2024-08-17T07:24:07.024473-04:00
68-745-DRI,Sainsbury's Gold Roast Instant Coffee 200g,Sainsbury's,Drinks,"Tea, coffee & hot drinks",All tea & coffee,,£2.25,,£3.50,£1.13 / 100g,1398410,Instant coffee,,https://assets.sainsburys-groceries.co.uk/gol/1398410/1/640x640.jpg,"100g contains  A serving contains  % based on RI for Average Adult
Energy 1275kJ 17kJ -
303kcal 4kcal -
Fat <0.5g <0.5g -
Saturates <0.1g <0.1g -
Carbohydrate 49.0g 1.0g -
Sugars 3.0g <0.5g -
Protein 15.0g <0.5g -
Salt 0.53g <0.01g -",,https://www.sainsburys.co.uk/gol-ui/product/sainsburys-gold-roast-instant-coffee-200g,,2024-08-17T07:24:18.914177-04:00
68-746-DRI,Sainsbury's Fairly Traded Decaffeinated Red Label x80 Tea Bags 250g,Sainsbury's,Drinks,"Tea, coffee & hot drinks",All tea & coffee,,£1.65,,£4.70,66p / 100g,7852970,Black tea bags,,https://assets.sainsburys-groceries.co.uk/gol/7852970/1/640x640.jpg,"Typical Values 100g contains  A serving contains  % based on RI for Average Adult
Energy 5kJ 10kJ -
1kcal 2kcal -
Fat <0.5g <0.5g -
Saturates <0.1g <0.1g -
Carbohydrate <0.5g 0.6g -
Sugars <0.5g <0.5g -
Protein <0.5g <0.5g -
Salt <0.01g <0.01g -",,https://www.sainsburys.co.uk/gol-ui/product/sainsburys-fairly-traded-decaffeinated-red-label-x80-tea-bags-250g,,2024-08-17T07:24:31.725122-04:00
68-747-DRI,Yorkshire Tea Tea Bags x80,Yorkshire,Drinks,"Tea, coffee & hot drinks",All tea & coffee,,£3.30,,£6.00,£1.32 / 100g,2028217,Black Tea,,https://assets.sainsburys-groceries.co.uk/gol/2028217/1/640x640.jpg,,Black Tea,https://www.sainsburys.co.uk/gol-ui/product/yorkshire-everyday-tea-bags-x80,,2024-08-17T07:24:43.788573-04:00
68-748-DRI,Nescafé Gold Blend Instant Coffee 200g,Nescafé,Drinks,Special offers,,,£7.60,,£6.15,£3.80 / 100g,2035475,Freeze-dried soluble coffee with finely ground roasted coffee,,https://assets.sainsburys-groceries.co.uk/gol/2035475/1/640x640.jpg,,"Soluble Coffee, Roast and Ground Coffee (3%)",https://www.sainsburys.co.uk/gol-ui/product/nescaf%C3%A9-gold-blend-instant-coffee-200g,,2024-08-17T07:24:55.944432-04:00
68-749-DRI,Nescafe Gold Cappuccino Instant Coffee Sachets x12 15.5g,Nescafe,Drinks,Special offers,,,£2.80,,£2.25,£1.51 / 100g,8053015,Instant coffee beverage,,https://assets.sainsburys-groceries.co.uk/gol/8053015/1/640x640.jpg,"Per 100ml** Per mug** % RI*
Energy 116kJ 255kJ -
27kcal 60kcal 3%
Fat 0.6g 1.3g 2%
of which: saturates 0.5g 1.1g 6%
Carbohydrate 4.7g 10.4g 4%
of which: sugars 3.6g 7.9g 9%
Fibre 0.3g 0.7g -
Protein 0.6g 1.3g 3%
Salt 0.09g 0.19g 4%
*Reference Intake of an average adult (8400kJ/2000kcal)
**One sachet + 200ml water, makes 220ml; used as basis for per 100ml
Makes 12 mugs","Sugar†, Skimmed Milk Powder† (20%), Glucose Syrup†, Instant Coffee† (12%), Coconut Oil, Lactose† (Milk), Acidity Regulators (Sodium Bicarbonate, Citric Acid), Salt†, Natural Flavourings†",https://www.sainsburys.co.uk/gol-ui/product/nescafe-gold-cappuccino-instant-coffee-sachets-x12-155g,,2024-08-17T07:25:03.171485-04:00
68-750-DRI,PG tips Original Biodegradable Black Tea Bags x80,PG,Drinks,"Tea, coffee & hot drinks",All tea & coffee,,£3.00,,£2.25,£1.29 / 100g,2827032,80 Black Tea Bags,200 ml,https://assets.sainsburys-groceries.co.uk/gol/2827032/1/640x640.jpg,"tea infusion (no milk, no sugar) Per 100 ml** tea infusion (no milk, no sugar) Per 200 ml serving** %* per 200 ml per 200 ml** (170 ml tea, 30 ml semi-skimmed milk)
Energy < 17kJ /
4 kcal < 17kJ /
4 kcal < 1 % 66 kJ /
16 kcal
Fat < 0.5 g < 0.5 g < 1 % < 0.5 g
of which saturates < 0.1 g < 0.1 g < 1 % 0.3 g
Carbohydrate < 0.5 g < 0.5 g < 1 % 1.5 g
of which sugars < 0.5 g < 0.5 g < 1 % 1.5 g
Protein < 0.5 g < 0.5 g 1 % 1.2 g
Salt < 0.01 g 0.02 g < 1 % 0.06
* % Reference Intake of an average adult (8400kJ/2000kcal)
** Typical values based on tea brewed with freshly boiled water for 2-3 minutes (no milk, no sugar)
*** Typical values based on tea brewed with freshly boiled water for 2-3 minutes (170ml tea, 30ml semi-skimmed milk)","Black Tea¹, ¹Rainforest Alliance Certified",https://www.sainsburys.co.uk/gol-ui/product/pg-tips-everyday-pyramid-tea-bags-x80,,2024-08-17T07:25:10.185772-04:00
68-751-DRI,Coffee Mate Original Coffee Whitener 325g,Coffee,Drinks,Vegetarian & plant based,,,£3.50,,£1.75,£1.08 / 100g,8165905,Whitener for hot beverages.,,https://assets.sainsburys-groceries.co.uk/gol/8165905/1/640x640.jpg,"Per 100ml** Per mug** % RI*
Energy 77kJ 157kJ -
19kcal 38kcal 2%
Fat 1.1g 2.2g 3%
of which: saturates 0.8g 1.7g 9%
Carbohydrate 1.9g 3.8g 1%
of which: sugars 0.3g 0.7g 1%
Fibre 0.3g 0.6g -
Protein 0.1g 0.3g <1%
Salt 0.03g 0.06g 1%
*Reference Intake of an average adult (8400kJ/2000kcal)
**One mug (2 heaped tsp (6.5g) Coffee-Mate® + 1 tsp (1.8g) soluble coffee + 200ml water); used as basis for per 100ml
Makes 50 mugs","Glucose Syrup, Palm Kernel Oil, Milk Proteins, Stabilisers (E331, E452), Acidity Regulator (E340), Emulsifiers (E471, E472e), Anti-Caking Agent (E170), Colour (Riboflavin)",https://www.sainsburys.co.uk/gol-ui/product/coffee-mate-original-coffee-whitener-325g,,2024-08-17T07:25:17.632302-04:00
68-752-DRI,Taylors of Harrogate Rich Italian Roast Ground Coffee 200g,Taylors,Drinks,Special offers,,,£4.30,,£3.00,£2.15 / 100g,8170703,Ground coffee,,https://assets.sainsburys-groceries.co.uk/gol/8170703/1/640x640.jpg,,Arabica Coffee (100%),https://www.sainsburys.co.uk/gol-ui/product/taylors-of-harrogate-rich-italian-ground-roast-coffee-200g,,2024-08-17T07:25:30.457746-04:00
68-753-DRI,Sainsbury's Red Label Tea Bags x240 750g,Sainsbury's,Drinks,"Tea, coffee & hot drinks",All tea & coffee,,£3.20,,£3.50,43p / 100g,7852857,Black tea bags,,https://assets.sainsburys-groceries.co.uk/gol/7852857/1/640x640.jpg,"Typical Values 100g contains  A serving contains  % based on RI for Average Adult
Energy 5kJ 10kJ -
1kcal 2kcal -
Fat <0.5g <0.5g -
Saturates <0.1g <0.1g -
Carbohydrate <0.5g 0.6g -
Sugars <0.5g <0.5g -
Protein <0.5g <0.5g -
Salt <0.01g <0.01g -",,https://www.sainsburys.co.uk/gol-ui/product/sainsburys-fairly-traded-red-label-x240-tea-bags-750g,,2024-08-17T07:25:42.600493-04:00
68-754-DRI,Taylors of Harrogate Lazy Sunday Roast Ground Coffee 200g,Taylors,Drinks,Special offers,,,£4.30,,£3.00,£2.15 / 100g,8170697,Ground coffee,,https://assets.sainsburys-groceries.co.uk/gol/8170697/1/640x640.jpg,,Arabica Coffee (100%),https://www.sainsburys.co.uk/gol-ui/product/taylors-of-harrogate-lazy-sunday-ground-roast-coffee-200g,,2024-08-17T07:25:55.427620-04:00
68-755-DRI,Nescafé Azera Americano Decaff Instant Coffee 90g,Nescafé,Drinks,Special offers,,,£6.50,,£3.50,£7.22 / 100g,7852029,Decaffeinated soluble coffee with decaffeinated roast and ground coffee,,https://assets.sainsburys-groceries.co.uk/gol/7852029/1/640x640.jpg,,"Decaffeinated Soluble Coffee, Decaffeinated Roast and Ground Coffee (5%)",https://www.sainsburys.co.uk/gol-ui/product/nescaf%C3%A9-azera-americano-decaff-instant-coffee-100g,,2024-08-17T07:26:08.088246-04:00
68-756-DRI,Tetley Everyday Tea Bags Decaffeinated x80 250g,Tetley,Drinks,Special offers,,,£3.70,,£2.00,£1.48 / 100g,2797717,Decaffeinated Black Tea,,https://assets.sainsburys-groceries.co.uk/gol/2797717/1/640x640.jpg,"Per 100ml Infusion
Energy 4kJ 1kcal
Fat 0g
of which saturates 0g
Carbohydrate 0.3g
of which sugars 0g
Protein 0g
Salt 0g","Decaffeinated Black Tea**, **Rainforest Alliance Certified",https://www.sainsburys.co.uk/gol-ui/product/tetley-everyday-tea-bags--decaffeinated-x80-250g,,2024-08-17T07:26:15.697895-04:00
68-757-DRI,Sainsbury's Red Label Tea Bags x80 250g,Sainsbury's,Drinks,"Tea, coffee & hot drinks",All tea & coffee,,£1.25,,£3.50,50p / 100g,7852841,Black tea bags,,https://assets.sainsburys-groceries.co.uk/gol/7852841/1/640x640.jpg,"Typical Values 100g contains  A serving contains  % based on RI for Average Adult
Energy 5kJ 10kJ -
1kcal 2kcal -
Fat <0.5g <0.5g -
Saturates <0.1g <0.1g -
Carbohydrate <0.5g 0.6g -
Sugars <0.5g <0.5g -
Protein <0.5g <0.5g -
Salt <0.01g <0.01g -",,https://www.sainsburys.co.uk/gol-ui/product/sainsburys-fairly-traded-red-label-x80-tea-bags-250g,,2024-08-17T07:26:28.504870-04:00
68-758-DRI,"Sainsbury's Fairtrade Italian Style Coffee, Strength 4 227g",Sainsbury's,Drinks,"Tea, coffee & hot drinks",All tea & coffee,,£3.00,,£3.00,£1.32 / 100g,1304640,Italian style Fairtrade ground coffee,,https://assets.sainsburys-groceries.co.uk/gol/1304640/1/640x640.jpg,"Typical Values 100g contains  A serving contains  % based on RI for Average Adult
Energy <4.2kJkJ 6kJ -
<1kcalkcal 1kcal -
Fat <0.5g <0.5g -
Saturates <0.1g <0.1g -
Carbohydrate <0.5g <0.5g -
Sugars <0.5g <0.5g -
Protein <0.5g <0.5g -
Salt <0.01g <0.01g -",,https://www.sainsburys.co.uk/gol-ui/product/sainsburys-italian-roasted---ground-coffee-227g,,2024-08-17T07:26:40.613621-04:00
68-759-DRI,Twinings English Breakfast Plant Based Tea Bags x80 200g,Twinings,Drinks,Vegetarian & plant based,,,£4.80,,£3.00,£2.40 / 100g,8150884,Great taste 2023,,https://assets.sainsburys-groceries.co.uk/gol/8150884/1/640x640.jpg,,100% Black Tea,https://www.sainsburys.co.uk/gol-ui/product/twinings-english-breakfast-plant-based-tea-bags-200g-x80,,2024-08-17T07:26:52.629267-04:00
68-760-DRI,Anchor Original Real Cream Spray 250g,Anchor,Drinks,Dairy & eggs,Cream,,£2.25,,,90p / 100g,2003726,Sweetened Stabilised UHT Cream,12.5 g,https://assets.sainsburys-groceries.co.uk/gol/2003726/1/640x640.jpg,"Per 100g Per 12.5g Serving
Energy 1385kJ 173kJ
336kcal 42kcal
Fat 33g 4.1g
of which saturates 23g 2.9g
Carbohydrate 6.8g 0.9g
of which sugars 6.8g 0.9g
Protein 2.1g 0.3g
Salt 0.07g <0.01g
Contains 20 Servings","Cream (95%) (Milk), Sugar (4%), Emulsifier (Mono- and Diglycerides of Fatty Acids), Stabiliser (Carrageenan), Propellant Gas (Nitrous Oxide)",https://www.sainsburys.co.uk/gol-ui/product/anchor-aerosol-cream-250g,,2024-08-17T07:27:04.952846-04:00
68-761-DRI,Kenco Latte Instant Coffee Sachets 130.4g,Kenco,Drinks,"Tea, coffee & hot drinks",All tea & coffee,,£1.90,,£3.60,£1.46 / 100g,6850230,Instant coffee beverage,100 g,https://assets.sainsburys-groceries.co.uk/gol/6850230/1/640x640.jpg,"100 g Per serving *%RI
Energy 1719 kJ 280 kJ -
407 kcal 66 kcal 3 %
Fat 12 g 2.0 g 3 %
of which saturates 12 g 2.0 g 10 %
Carbohydrates 57 g 9.4 g 4 %
of which sugars 40 g 6.5 g 7 %
Dietary Fibre 2.2 g 0.4 g -
Protein 15 g 2.4 g 5 %
Salt 1.3 g 0.21 g 3 %
*Reference intake of an average adult (8400 kJ / 2000 kcal)
8 sticks / pack","Skimmed Milk Powder (36%), Sugar, Fully Hydrogenated Coconut Oil, Glucose Syrup, Instant Coffee (9%), Maltodextrin, Milk Proteins, Modified Starch, Stabilizers (E340, E452), Anticaking Agent (E551), Salt, Emulsifier (E481), Flavouring",https://www.sainsburys.co.uk/gol-ui/product/kenco-cafe-latte-158g,,2024-08-17T07:27:11.935184-04:00
68-762-DRI,Nescafé Original Instant Coffee 300g,Nescafé,Drinks,Special offers,,,£7.75,,£6.40,£2.58 / 100g,3787410,Soluble coffee,,https://assets.sainsburys-groceries.co.uk/gol/3787410/1/640x640.jpg,,,https://www.sainsburys.co.uk/gol-ui/product/nescaf%C3%A9-original-instant-coffee-300g,,2024-08-17T07:27:29.103558-04:00
68-763-DRI,Lavazza Qualita Rossa Ground Coffee 2x250g,Lavazza,Drinks,Special offers,,,£7.25,2 for £7.25,£3.60,£1.45 / 100g,3019009,Roasted Ground Coffee,,https://assets.sainsburys-groceries.co.uk/gol/3019009/1/640x640.jpg,,,https://www.sainsburys.co.uk/gol-ui/product/lavazza-qualita-rossa-ground-coffee-twin-pack-espresso-x2-250g,2 x 2x250g,2024-08-17T07:27:46.687153-04:00
68-764-DRI,PG Tips Decaffeinated Tea Bags x70 230g,PG,Drinks,"Tea, coffee & hot drinks",All tea & coffee,,£3.00,,£3.50,£1.48 / 100g,7901825,70 Decaffeinated Black Tea Bags,200 ml,https://assets.sainsburys-groceries.co.uk/gol/7901825/1/640x640.jpg,"tea infusion (no milk, no sugar) Per 100 ml** tea infusion (no milk, no sugar) Per 200 ml serving** %* per 200 ml per 200ml*** (170 ml tea, 30 ml semi-skimmed milk)
Energy < 17 kJ /
4 kcal < 17 kJ /
4 kcal < 1 % 16 kJ /
16 kcal
Fat < 0.5 g < 0.5 g < 1 % < 0.5 g
of which saturates < 0.1 g < 0.1 g < 1 % 0.3 g
Carbohydrate < 0.5 g < 0.5 g < 1 % 1.5 g
of which sugars < 0.5 g < 0.5 g < 1 % 1.5 g
Protein < 0.5 g < 0.5 g 1 % 1.2 g
Salt < 0.01 g 0.02 g < 1 % 0.06 g
* % Reference Intake of an average adult (8400kJ/2000kcal)
** Typical values based on tea brewed with freshly boiled water for 2-3 minutes (no milk, no sugar)
*** Typical values based on tea brewed with freshly boiled water for 2-3 minutes (170ml tea, 30ml semi-skimmed milk)","Decaffeinated Black Tea¹, ¹Rainforest Alliance Certified",https://www.sainsburys.co.uk/gol-ui/product/pg-tips-decaffeinated-tea-bags-x70,,2024-08-17T07:27:53.748021-04:00
68-765-DRI,Sainsbury's Red Label Tea Bags x160 500g,Sainsbury's,Drinks,"Tea, coffee & hot drinks",All tea & coffee,,£2.30,,£3.50,46p / 100g,7852849,Black tea bags,,https://assets.sainsburys-groceries.co.uk/gol/7852849/1/640x640.jpg,"Typical Values 100g contains  A serving contains  % based on RI for Average Adult
Energy 5kJ 11kJ -
1kcal 2kcal -
Fat <0.5g <0.5g -
Saturates <0.1g <0.1g -
Carbohydrate <0.5g 0.6g -
Sugars <0.5g <0.5g -
Protein <0.5g <0.5g -
Salt <0.01g <0.01g -",,https://www.sainsburys.co.uk/gol-ui/product/sainsburys-red-label-x160-tea-bags-500g,,2024-08-17T07:28:05.986313-04:00
68-766-DRI,Yorkshire Tea Decaf Tea Bags x160,Yorkshire,Drinks,"Tea, coffee & hot drinks",All tea & coffee,,£5.25,,£4.70,£1.05 / 100g,7852238,Decaffeinated black tea,,https://assets.sainsburys-groceries.co.uk/gol/7852238/1/640x640.jpg,,Decaffeinated Black Tea,https://www.sainsburys.co.uk/gol-ui/product/yorkshire-tea-decaf-tea-bags-x160,,2024-08-17T07:28:17.981424-04:00
68-767-DRI,"Sainsbury's Fairtrade House Blend Original Coffee, Strength 3 227g",Sainsbury's,Drinks,"Tea, coffee & hot drinks",All tea & coffee,,£3.00,,£2.25,£1.32 / 100g,396042,House blend Fairtrade ground coffee,,https://assets.sainsburys-groceries.co.uk/gol/396042/1/640x640.jpg,"Typical Values 100g contains  A serving contains  % based on RI for Average Adult
Energy <4.2kJkJ 6kJ -
<1kcalkcal 1kcal -
Fat <0.5g <0.5g -
Saturates <0.1g <0.1g -
Carbohydrate <0.5g <0.5g -
Sugars <0.5g <0.5g -
Protein <0.5g <0.5g -
Salt <0.01g <0.01g -",,https://www.sainsburys.co.uk/gol-ui/product/sainsburys-original-blend-filter-coffee-227g,,2024-08-17T07:28:29.986707-04:00
68-768-DRI,Clipper Organic Everyday Tea Bags x80,Clipper,Drinks,"Tea, coffee & hot drinks",All tea & coffee,,£3.75,,£3.00,£1.62 / 100g,8124995,"80 Unbleached, Plant-Based Biodegradable Bags of Everyday Organic Tea",,https://assets.sainsburys-groceries.co.uk/gol/8124995/1/640x640.jpg,,Organically Grown Black Tea,https://www.sainsburys.co.uk/gol-ui/product/clipper-organic-everyday-tea-bags-x80,,2024-08-17T07:28:42.102461-04:00
68-769-DRI,Nescafé Gold Origins Alta Rica Instant Coffee 95g,Nescafé,Drinks,Special offers,,,£5.05,,£3.85,£5.32 / 100g,2139432,Freeze-dried soluble coffee,,https://assets.sainsburys-groceries.co.uk/gol/2139432/1/640x640.jpg,,Soluble Coffee,https://www.sainsburys.co.uk/gol-ui/product/nescaf%C3%A9-gold-origins-alta-rica-instant-coffee-100g,,2024-08-17T07:28:55.191313-04:00
68-770-DRI,Nescafe Gold Cappuccino Decaf Unsweetened Instant Coffee Sachets 8x15g,Nescafe,Drinks,Special offers,,,£2.35,8 for £2.35,£3.60,£1.96 / 100g,7857048,Decaffeinated instant coffee beverage. Unsweetened taste,,https://assets.sainsburys-groceries.co.uk/gol/7857048/1/640x640.jpg,"Per 100ml** Per mug** %RI*
Energy 106kJ 255kJ -
25kcal 61kcal 3%
Fat 0.9g 2.2g 3%
of which: saturates 0.8g 1.9g 9%
Carbohydrate 3.3g 7.7g 3%
of which: sugars 1.7g 4.0g 4%
Fibre 0.3g 0.8g -
Protein 0.8g 2.0g 4%
Salt 0.10g 0.24g 4%
*Reference Intake of an average adult (8400kJ/2000kcal)
**One sachet + 200ml water, makes 235ml; used as basis for per 100ml
Makes 8 mugs","Skimmed Milk Powder�� (32%), Glucose Syrup†, Decaffeinated Instant Coffee† (15%), Coconut Oil, Lactose† (Milk), Acidity Regulators (Sodium Bicarbonate, Citric Acid), Salt†",https://www.sainsburys.co.uk/gol-ui/product/nescaf%C3%A9-gold-cappuccino-unsweetened-decaff-instant-coffee-sachets-x8,8 x 8x15g,2024-08-17T07:29:01.872895-04:00
68-771-DRI,"Tetley Everyday Tea Bags, Softpack x160",Tetley,Drinks,Special offers,,,£4.65,,£3.00,93p / 100g,3124901,Black Tea,,https://assets.sainsburys-groceries.co.uk/gol/3124901/1/640x640.jpg,"Per 100ml Infusion
Energy 4kJ 1kcal
Fat 0g
of which saturates 0g
Carbohydrate 0.3g
of which sugars 0g
Protein 0g
Salt 0g","Black Tea*, *Rainforest Alliance Certified",https://www.sainsburys.co.uk/gol-ui/product/tetley-everyday-tea-bags--softpack-x160,,2024-08-17T07:29:09.508243-04:00
68-772-DRI,Sainsbury's English Breakfast Tea Bags Taste the Difference x80,Sainsbury's,Drinks,Taste the difference,,,£2.20,,£3.50,88p / 100g,1183689,English Breakfast Fairtrade tea bags,,https://assets.sainsburys-groceries.co.uk/gol/1183689/1/640x640.jpg,"100g contains  % based on RI for Average Adult
Energy <4.2kJkJ -
<1kcalkcal -
Fat <0.5g -
Saturates <0.1g -
Carbohydrate <0.5g -
Sugars <0.5g -
Protein <0.5g -
Salt <0.01g -",,https://www.sainsburys.co.uk/gol-ui/product/sainsburys-english-breakfast-tea-bags--taste-the-difference-x80-1183689-p-44,,2024-08-17T07:29:21.502882-04:00
68-773-DRI,Sainsbury's Gold Roast Decaffeinated Instant Coffee Granules 200g,Sainsbury's,Drinks,"Tea, coffee & hot drinks",All tea & coffee,,£2.50,,£6.15,£1.25 / 100g,1398427,Decaffeinated instant coffee,,https://assets.sainsburys-groceries.co.uk/gol/1398427/1/640x640.jpg,"100g contains  A serving contains  % based on RI for Average Adult
Energy 1271kJ 17kJ -
302kcal 4kcal -
Fat <0.5g <0.5g -
Saturates <0.1g <0.1g -
Carbohydrate 49.0g 1.0g -
Sugars 3.0g <0.5g -
Protein 15.0g <0.5g -
Salt 0.53g <0.01g -",,https://www.sainsburys.co.uk/gol-ui/product/sainsburys-gold-roast-decaffeinated-instant-coffee-granules-200g,,2024-08-17T07:29:33.640884-04:00
68-774-DRI,"Sainsbury's Fairtrade Colombian Coffee Strength 3, Taste the Difference 227g",Sainsbury's,Drinks,Taste the difference,,,£3.90,,£5.00,£1.72 / 100g,7079523,Colombian Fairtrade ground coffee,,https://assets.sainsburys-groceries.co.uk/gol/7079523/1/640x640.jpg,"Typical Values 100g contains  A serving contains  % based on RI for Average Adult
Energy <4.2kJkJ 6kJ -
<1kcalkcal 1kcal -
Fat <0.5g <0.5g -
Saturates <0.1g <0.1g -
Carbohydrate <0.5g <0.5g -
Sugars <0.5g <0.5g -
Protein <0.5g <0.5g -
Salt <0.01g <0.01g -",,https://www.sainsburys.co.uk/gol-ui/product/sainsburys-fairtrade-colombian-coffee--taste-the-difference-227g,,2024-08-17T07:29:46.067935-04:00
68-775-DRI,Cadbury Drinking Hot Chocolate 500g,Cadbury,Drinks,"Tea, coffee & hot drinks",Hot chocolate & milky drinks,,£4.50,,,90p / 100g,2035864,Drinking chocolate.,100 g,https://assets.sainsburys-groceries.co.uk/gol/2035864/1/640x640.jpg,"Per 100 g Per Serving (18 g + 200 ml semi-skimmed milk) *Reference Intakes
Energy 1703 kJ 710 kJ 8400 kJ /
404 kcal 168 kcal 2000 kcal
Fat 5.8 g 4.1 g 70 g
of which Saturates 3.4 g 2.7 g 20 g
Carbohydrate 76 g 24 g 260 g
of which Sugars 73 g 23 g 90 g
Fibre 9.3 g 1.7 g -
Protein 6.4 g 7.9 g 50 g
Salt 0.02 g 0.25 g 6 g
*% reference intake of an average adult (8400 kJ / 2000 kcal)","Sugar, Cocoa Powder, Acidity Regulator (Potassium Carbonates), Flavouring, Cocoa Solids: 25 % minimum",https://www.sainsburys.co.uk/gol-ui/product/cadbury-drinking-chocolate-500g,,2024-08-17T07:29:58.540939-04:00
68-776-DRI,Nescafe Gold Latte Instant Coffee Sachets x12 234g,Nescafe,Drinks,Special offers,,,£2.80,,£2.25,£1.51 / 100g,8053066,Instant coffee beverage,,https://assets.sainsburys-groceries.co.uk/gol/8053066/1/640x640.jpg,"Per 100ml** Per mug** % RI*
Energy 140kJ 314kJ -
63kcal 75kcal 4%
Fat 1.0g 2.2g 3%
of which: saturates 0.8g 1.9g 9%
Carbohydrate 5.1g 11.4g 4%
of which: sugars 3.1g 7.0g 8%
Fibre 0.2g 0.5g -
Protein 0.8g 1.9g 4%
Salt 0.11g 0.25g 4%
*Reference Intake of an average adult (8400kJ/2000kcal)
**One sachet + 200ml water, makes 225ml; used as basis for per 100ml
Makes 12 mugs","Glucose Syrup†, Skimmed Milk Powder† (26%), Sugar†, Coconut Oil, Instant Coffee† (8%), Lactose† (Milk), Acidity Regulators (Sodium Bicarbonate, Citric Acid), Salt†, Natural Flavourings†",https://www.sainsburys.co.uk/gol-ui/product/nescafe-gold-latte-instant-coffee-sachets-x12-155g,,2024-08-17T07:30:05.689032-04:00
68-777-DRI,Sainsbury's Infusions Peppermint Tea Bags x20,Sainsbury's,Drinks,"Tea, coffee & hot drinks",All tea & coffee,,95p,,£3.50,£2.38 / 100g,7299060,Peppermint infusion bags,,https://assets.sainsburys-groceries.co.uk/gol/7299060/1/640x640.jpg,"Typical Values per 100ml  per 200ml  % based on RI for Average Adult
Energy <4.2kJkJ 20kJ -
<1kcalkcal 5kcal -
Fat <0.5g <0.5g -
Saturates <0.1g <0.1g -
Carbohydrate <0.5g 1.2g -
Sugars <0.5g <0.5g -
Protein <0.5g <0.5g -
Salt <0.01g <0.01g -",,https://www.sainsburys.co.uk/gol-ui/product/sainsburys-infusions-peppermint-tea-bags-x20,,2024-08-17T07:30:18.296204-04:00
68-778-DRI,"Sainsbury's Earl Grey Tea Bags, Taste the Difference x100",Sainsbury's,Drinks,Taste the difference,,,£2.60,,£3.50,£1.04 / 100g,670944,Earl Grey Fairtrade tea bags,,https://assets.sainsburys-groceries.co.uk/gol/670944/1/640x640.jpg,"100g contains  % based on RI for Average Adult
Energy <4.2kJkJ -
<1kcalkcal -
Fat <0.5g -
Saturates <0.1g -
Carbohydrate <0.5g -
Sugars <0.5g -
Protein <0.5g -
Salt 0.20g -",,https://www.sainsburys.co.uk/gol-ui/product/sainsburys-earl-grey-tea-bags--taste-the-difference-x100,,2024-08-17T07:30:30.378207-04:00
68-779-DRI,"Tetley Everyday Tea Bags, Softpack x240",Tetley,Drinks,Special offers,,,£5.75,,£2.25,77p / 100g,3124932,Black Tea,,https://assets.sainsburys-groceries.co.uk/gol/3124932/1/640x640.jpg,"Per 100ml Infusion
Energy 4kJ 1kcal
Fat 0g
of which saturates 0g
Carbohydrate 0.3g
of which sugars 0g
Protein 0g
Salt 0g","Black Tea*, *Rainforest Alliance Certified",https://www.sainsburys.co.uk/gol-ui/product/tetley-everyday-tea-bags--softpack-x240,,2024-08-17T07:30:37.744531-04:00
68-780-DRI,"Sainsbury's Colombian Origin Instant Coffee, Taste the Difference 100g",Sainsbury's,Drinks,"Tea, coffee & hot drinks",All tea & coffee,,£2.15,,£3.85,£2.15 / 100g,7967443,100% Arabica Colombian freeze dried instant coffee,,https://assets.sainsburys-groceries.co.uk/gol/7967443/1/640x640.jpg,"100g contains  A serving contains  % based on RI for Average Adult
Energy 1271kJ 23kJ -
302kcal 5kcal -
Fat <0.5g <0.5g -
Saturates <0.1g <0.1g -
Carbohydrate 49.0g 0.9g -
Sugars 3.0g <0.5g -
Protein 15.0g <0.5g 1%
Salt 0.53g <0.01g -",,https://www.sainsburys.co.uk/gol-ui/product/sainsburys-colombian-origin-instant-coffee-taste-the-difference-100g,,2024-08-17T07:30:49.870897-04:00
68-781-DRI,Sainsbury's Infusions Lemon & Ginger Tea Bags x20,Sainsbury's,Drinks,"Tea, coffee & hot drinks",All tea & coffee,,80p,,£3.50,£2.00 / 100g,7299038,Lemon & ginger infusion bags,,https://assets.sainsburys-groceries.co.uk/gol/7299038/1/640x640.jpg,"Typical Values per 100ml  per 200ml  % based on RI for Average Adult
Energy 10kJ 20kJ -
2kcal 5kcal -
Fat <0.5g <0.5g -
Saturates <0.1g <0.1g -
Carbohydrate 0.6g 1.2g -
Sugars <0.5g <0.5g -
Protein <0.5g <0.5g -
Salt <0.01g <0.01g -",,https://www.sainsburys.co.uk/gol-ui/product/sainsburys-infusions-lemon---ginger-tea-bags-x20,,2024-08-17T07:31:01.751331-04:00
68-782-DRI,Arctic Coffee Caffe Latte 1L,Arctic,Drinks,Dairy & eggs,Milk,1L,£2.20,,£1.95,22p / 100ml,7993002,Cafe Latte Milk Drink,,https://assets.sainsburys-groceries.co.uk/gol/7993002/1/640x640.jpg,"per 100ml
Energy 230kJ/
55kcal
Fat 1.3g
of which saturates 1.0g
Carbohydrate 7.8g
of which sugars 7.5g
Fibre <0.5g
Protein 2.9g
Salt 0.16g","1.8% Fat Milk (76%), Arabica Coffee (Water, Natural Coffee Extract*) (20%), Sugar, Stabilisers (Cellulose, Cellulose Gum), Natural Flavouring, Sodium Phosphate, *100% Rainforest Alliance Certified Coffee",https://www.sainsburys.co.uk/gol-ui/product/arctic-iced-coffee-cafe-latte-1l,,2024-08-17T07:31:09.233461-04:00
68-783-DRI,Sainsbury's Gold Roast Decaffeinated Instant Coffee Granules 100g,Sainsbury's,Drinks,"Tea, coffee & hot drinks",All tea & coffee,,£1.09,,£6.15,£1.09 / 100g,1398397,Decaffeinated freeze dried instant coffee,,https://assets.sainsburys-groceries.co.uk/gol/1398397/1/640x640.jpg,"100g contains  A serving contains  % based on RI for Average Adult
Energy 1271kJ 17kJ -
302kcal 4kcal -
Fat <0.5g <0.5g -
Saturates <0.1g <0.1g -
Carbohydrate 49.0g 1.0g -
Sugars 3.0g <0.5g -
Protein 15.0g <0.5g -
Salt 0.53g <0.01g -",,https://www.sainsburys.co.uk/gol-ui/product/sainsburys-gold-roast-decaffeinated-instant-coffee-granules-100g,,2024-08-17T07:31:21.580069-04:00
68-784-DRI,"Sainsbury's Fairtrade Decaff House Blend Coffee, Strength 3 227g",Sainsbury's,Drinks,"Tea, coffee & hot drinks",All tea & coffee,,£3.00,,£2.25,£1.32 / 100g,7634361,"Decaff house blend Fairtrade ground coffee, caffeine content at <0.1%",,https://assets.sainsburys-groceries.co.uk/gol/7634361/1/640x640.jpg,"Typical Values 100g contains  A serving contains  % based on RI for Average Adult
Energy <4.2kJkJ 6kJ -
<1kcalkcal 1kcal -
Fat <0.5g <0.5g -
Saturates <0.1g <0.1g -
Carbohydrate <0.5g <0.5g -
Sugars <0.5g <0.5g -
Protein <0.5g <0.5g -
Salt <0.01g <0.01g -",,https://www.sainsburys.co.uk/gol-ui/product/sainsburys-decaff-house-blend-coffee-227g,,2024-08-17T07:31:33.671994-04:00
68-785-DRI,Sainsbury's Infusions Peppermint Tea Bags x80,Sainsbury's,Drinks,"Tea, coffee & hot drinks",All tea & coffee,,£2.90,,£3.50,£1.81 / 100g,7649579,Peppermint infusion bags,,https://assets.sainsburys-groceries.co.uk/gol/7649579/1/640x640.jpg,"Typical Values per 100ml  per 200ml  % based on RI for Average Adult
Energy <4.2kJkJ 20kJ -
<1kcalkcal 5kcal -
Fat <0.5g <0.5g -
Saturates <0.1g <0.1g -
Carbohydrate <0.5g 1.2g -
Sugars <0.5g <0.5g -
Protein <0.5g <0.5g -
Salt <0.01g <0.01g -",,https://www.sainsburys.co.uk/gol-ui/product/sainsburys-infusions-peppermint-tea-x80--160g,,2024-08-17T07:31:46.072754-04:00
68-786-DRI,Kenco Millicano Americano Instant Coffee 170g,Kenco,Drinks,Special offers,,,£7.50,,£5.50,£4.41 / 100g,7745430,A blend of freeze dried instant coffee and 15% roast and ground coffee.,,https://assets.sainsburys-groceries.co.uk/gol/7745430/1/640x640.jpg,,"Instant Coffee (85%), Roast and Ground Coffee (15%)",https://www.sainsburys.co.uk/gol-ui/product/kenco-millicano-tin-170g,,2024-08-17T07:31:58.194164-04:00
68-787-DRI,Nescafe Azera Americano Intense Instant Coffee 90g,Nescafe,Drinks,Special offers,,,£6.50,,£3.50,£7.22 / 100g,7620350,Soluble coffee with finely ground roasted coffee,,https://assets.sainsburys-groceries.co.uk/gol/7620350/1/640x640.jpg,,"Soluble Coffee, Roast and Ground Coffee (5%)",https://www.sainsburys.co.uk/gol-ui/product/nescaf%C3%A9-azera-intenso-instant-coffee-100g,,2024-08-17T07:32:10.305204-04:00
68-788-DRI,Nescafé Gold Cappuccino Unsweetened Instant Coffee Sachets x8,Nescafé,Drinks,Special offers,,,£2.35,,£3.60,£2.07 / 100g,7857039,Instant coffee beverage. Unsweetened taste.,,https://assets.sainsburys-groceries.co.uk/gol/7857039/1/640x640.jpg,"Per 100ml** Per mug** %RI*
Energy 99kJ 235kJ -
24kcal 56kcal 3%
Fat 0.8g 1.9g 3%
of which saturates 0.7g 1.6g 8%
Carbohydrate 3.1g 7.4g 3%
of which sugars 1.6g 3.9g 4%
Fibre 0.3g 0.8g -
Protein 0.8g 1.8g 4%
Salt 0.1g 0.24g 4%
*Reference Intake of an average adult (8400kJ/2000kcal)
**One sachet + 200ml water, makes 240ml; used as basis for per 100ml
Makes 8 mugs","Skimmed Milk Powder† (31%), Glucose Syrup†, Coffee† (16%) (Instant Coffee (15%), Roast and Ground Coffee), Coconut Oil, Lactose† (Milk), Acidity Regulators (Sodium Bicarbonate, Citric Acid), Salt†, Natural Flavourings†",https://www.sainsburys.co.uk/gol-ui/product/nescaf%C3%A9-gold-cappuccino-unsweetened-instant-coffee-sachets-x8,,2024-08-17T07:32:17.115271-04:00
68-789-DRI,Taylors of Harrogate Decaffé Roast Ground Coffee 200g,Taylors,Drinks,Special offers,,,£4.30,,£3.00,£2.15 / 100g,8170693,Decaffeinated ground coffee,,https://assets.sainsburys-groceries.co.uk/gol/8170693/1/640x640.jpg,,Decaffeinated Arabica Coffee (100%),https://www.sainsburys.co.uk/gol-ui/product/taylors-of-harrogate-decaff%C3%A9-ground-roast-coffee-200g,,2024-08-17T07:32:29.286250-04:00
68-790-DRI,Nescafe Gold Caramel Latte Instant Coffee Sachets x8,Nescafe,Drinks,Special offers,,,£2.35,,£2.25,£1.73 / 100g,6592879,Instant coffee beverage. Caramel flavour,,https://assets.sainsburys-groceries.co.uk/gol/6592879/1/640x640.jpg,"Per 100ml** Per mug** %RI*
Energy 134kJ 296kJ -
32kcal 70kcal 4%
Fat 0.8g 1.8g 3%
of which: saturates 0.7g 1.5g 8%
Carbohydrate 5.3g 11.7g 4%
of which: sugars 3.9g 8.7g 10%
Fibre 0.2g 0.4g -
Protein 0.7g 1.5g 3%
Salt 0.11g 0.25g 4%
*Reference Intake of an average adult (8400kJ/2000kcal)
**One sachet + 200ml water, makes 220ml; used as basis for per 100ml
Makes 8 mugs","Sugar†, Skimmed Milk Powder† (21%), Glucose Syrup†, Coconut Oil, Coffee† (7.5%) (Instant Coffee (7%), Roast and Ground Coffee), Lactose† (Milk), Natural Flavourings†, Acidity Regulators (Sodium Bicarbonate, Citric Acid), Salt†",https://www.sainsburys.co.uk/gol-ui/product/nescafe-gold-caramel-latte-instant-coffee-sachets-x8,,2024-08-17T07:32:36.737114-04:00
68-791-DRI,Sainsbury's Rich Roast Instant Coffee 200g,Sainsbury's,Drinks,"Tea, coffee & hot drinks",All tea & coffee,,£2.25,,£6.40,£1.13 / 100g,1399240,Instant coffee,,https://assets.sainsburys-groceries.co.uk/gol/1399240/1/640x640.jpg,"100g contains  A serving contains  % based on RI for Average Adult
Energy 1275kJ 17kJ -
303kcal 4kcal -
Fat <0.5g <0.5g -
Saturates <0.1g <0.1g -
Carbohydrate 49.0g 1.0g -
Sugars 3.0g <0.5g -
Protein 15.0g <0.5g -
Salt 0.53g <0.01g -",,https://www.sainsburys.co.uk/gol-ui/product/sainsburys-rich-roast-instant-coffee-200g,,2024-08-17T07:32:48.771222-04:00
68-792-DRI,Sainsbury's Gold Roast Instant Coffee 500g,Sainsbury's,Drinks,"Tea, coffee & hot drinks",All tea & coffee,,£6.00,,£3.50,£1.20 / 100g,1398458,Instant coffee,,https://assets.sainsburys-groceries.co.uk/gol/1398458/1/640x640.jpg,"100g contains  A serving contains  % based on RI for Average Adult
Energy 1275kJ 17kJ -
303kcal 4kcal -
Fat <0.5g <0.5g -
Saturates <0.1g <0.1g -
Carbohydrate 49.0g 1.0g -
Sugars 3.0g <0.5g -
Protein 15.0g <0.5g -
Salt 0.16g <0.01g -",,https://www.sainsburys.co.uk/gol-ui/product/sainsburys-gold-roast-instant-coffee-500g,,2024-08-17T07:33:00.821707-04:00
68-793-DRI,"Starbucks Caramel Latte Premium Instant Coffee, 5x21.5g Sachets 107.5g",Starbucks,Drinks,Special offers,,,£2.90,5 for £2.90,£1.50,£2.70 / 100g,8035465,Instant coffee beverage. Caramel flavour,,https://assets.sainsburys-groceries.co.uk/gol/8035465/1/640x640.jpg,"Per 100ml** Per mug** % RI*
Energy 196kJ 374kJ -
46kcal 88kcal 4%
Fat 0.5g 1.0g 1%
of which: saturates 0.5g 0.9g 4%
Carbohydrate 8.5g 16.1g 6%
of which: sugars 7.5g 14.2g 16%
Fibre 0.2g 0.5g -
Protein 1.8g 3.4g 7%
Salt 0.10g 0.18g 4%
*Reference Intake of an average adult (8400kJ/2000kcal)
**One sachet + 180ml water, makes 190ml; used as basis for per 100ml
Makes 5 mugs","Skimmed Milk Powder (39%), Sugar, Glucose Syrup, Coffee (5.8%) (Instant Coffee (5.7%), Roast and Ground Coffee), Coconut Oil, Lactose (Milk), Natural Flavouring, Acidity Regulators (Sodium Bicarbonate, Citric Acid)",https://www.sainsburys.co.uk/gol-ui/product/starbucks-caramel-latte-premium-instant-coffee-15x215g-sachets-1075g,5 x 5x21.5g,2024-08-17T07:33:07.806023-04:00
68-794-DRI,Taylors of Harrogate Yorkshire Tea Bags x40 125g,Taylors,Drinks,"Tea, coffee & hot drinks",All tea & coffee,,£1.75,,£6.00,£1.40 / 100g,8049447,Outstanding Tea Since 1886,,https://assets.sainsburys-groceries.co.uk/gol/8049447/1/640x640.jpg,,,https://www.sainsburys.co.uk/gol-ui/product/taylors-of-harrogate-yorkshire-tea-bags-x40-125g,,2024-08-17T07:33:25.036606-04:00
68-795-DRI,Douwe Egberts Pure Gold Instant Coffee 190g,Douwe,Drinks,Special offers,,,£7.20,,£6.15,£3.79 / 100g,7547432,Freeze dried instant coffee,,https://assets.sainsburys-groceries.co.uk/gol/7547432/1/640x640.jpg,,,https://www.sainsburys.co.uk/gol-ui/product/douwe-egberts-pure-gold-coffee-190g,,2024-08-17T07:33:42.214101-04:00
68-796-DRI,Kenco Decaff Instant Coffee Refill 150g,Kenco,Drinks,Special offers,,,£5.25,,£6.40,£3.50 / 100g,7276604,Freeze dried decaffeinated instant coffee,,https://assets.sainsburys-groceries.co.uk/gol/7276604/1/640x640.jpg,,,https://www.sainsburys.co.uk/gol-ui/product/kenco-decaf-eco-refill-150g,,2024-08-17T07:33:59.214789-04:00
68-797-DRI,Emmi Caffe Latte Skinny Iced Coffee 230ml,Emmi,Drinks,Dairy & eggs,Milk,230ML,£1.85,,£2.50,80p / 100ml,7493061,Reduced Fat* Pasteurised Iced Coffee with Sweeteners.,,https://assets.sainsburys-groceries.co.uk/gol/7493061/1/640x640.jpg,"Per 100 ml Per 230 ml % RI/230ml*** Adult RI
Energy 144 kJ (34 kcal) 331 kJ (78 kcal) 4% 2000 kcal
Fat 0.6 g 1.4 g 2% 70 g
of which saturates 0.4 g 0.9 g 5% 20 g
Carbohydrate 4.3 g 9.9 g 4% 260 g
of which sugars 4.0 g 9.2 g 10% 90 g
Protein 2.9 g 6.7 g 13% 50 g
Salt 0.08 g 0.18 g 3% 6 g
***RI = reference intake of an average adult (8400 kJ/2000 kcal)","Partly Skimmed Milk 83% (0.7% Fat), Brewed Arabica Coffee** 17%, Sweeteners: Cyclamate and Saccharin, Lactase, **Rainforest Alliance Certified™",https://www.sainsburys.co.uk/gol-ui/product/emmi-caffe-latte-light-iced-coffee-230ml,,2024-08-17T07:34:06.803909-04:00
68-798-DRI,Cadbury Hot Chocolate Instant Jar 300g,Cadbury,Drinks,"Tea, coffee & hot drinks",Hot chocolate & milky drinks,,£4.00,,,£1.33 / 100g,2156583,Instant hot chocolate drink.,100 g,https://assets.sainsburys-groceries.co.uk/gol/2156583/1/640x640.jpg,"Per 100 g Per serving (28 g + 200 ml water) %* Per serving (28 g + 200 ml water)
1679 kJ 470 kJ 6 %
Energy 398 kcal 112 kcal -
Fat 7.5 g 2.1 g 3 %
of which Saturates 5.2 g 1.5 g 7 %
Carbohydrate 69 g 19 g 7 %
of which Sugars 61 g 17 g 19 %
Fibre 8.8 g 2.5 g -
Protein 8.4 g 2.4 g 5 %
Salt 0.88 g 0.25 g 4 %
*Reference intake of an average adult (8400 kJ / 2000 kcal)
Approximately 10 servings per pack","Sugar, Fat-Reduced Cocoa Powder (15 %), Whey Powder (from Milk), Glucose Syrup, Skimmed Milk Powder, Palm Oil, Soluble Maize Fibre, Milk Chocolate (3.5%) (Milk, Sugar, Cocoa Butter, Cocoa Mass, Vegetable Fats (Palm, Shea), Emulsifier (E442), Flavourings), Anti-Caking Agent (E551), Salt, Milk Protein, Acidity Regulator (E501), Flavourings (contain Milk), Thickener (E407), Emulsifier (E471)",https://www.sainsburys.co.uk/gol-ui/product/cadbury-chocolate-break-drink-400g,,2024-08-17T07:34:19.134577-04:00
68-799-DRI,Twinings Everyday Teabags 232g x80,Twinings,Drinks,Special offers,,,£4.80,,£3.00,£2.07 / 100g,8150831,Great taste 2023,,https://assets.sainsburys-groceries.co.uk/gol/8150831/1/640x640.jpg,,100% Black Tea,https://www.sainsburys.co.uk/gol-ui/product/twinings-everyday-tea-bags-232g,,2024-08-17T07:34:31.275885-04:00
68-800-DRI,Evian Natural Bottled Mineral Still Water 6x1.5L,Evian,Drinks,Special offers,,1.5L,£5.50,6 for £5.50,£1.00,6p / 100ml,2421070,Natural Mineral Water,,https://assets.sainsburys-groceries.co.uk/gol/2421070/1/640x640.jpg,"Composition in mg/litre
Sodium Na+ 6.5
Silica SiO2 15
Bicarbonates HCO3¯ 360
Sulphates SO4¯ ¯ 14
Chlorides Cl¯ 10
Nitrates NO3¯ 3.8
Dry residue 180° C: 345mg/L- pH = 7.2",,https://www.sainsburys.co.uk/gol-ui/product/evian-mineral-water-6x15l,6 x 6x1.5L,2024-08-17T07:34:43.752907-04:00
68-801-DRI,Evian Natural Bottled Mineral Still Water 6x500ml,Evian,Drinks,Water,Still water,500ML,£3.20,6 for £3.20,£1.00,11p / 100ml,2232911,Natural Mineral Water,,https://assets.sainsburys-groceries.co.uk/gol/2232911/1/640x640.jpg,"Composition in mg/litre
Sodium Na+ 6.5
Silica SiO2 15
Bicarbonates HCO3- 360
Sulphates SO4-- 14
Chlorides CI- 10
Nitrates NO3- 3.8
Dry residue 180°C: 345mg/L- pH = 7.2",,https://www.sainsburys.co.uk/gol-ui/product/evian-mineral-water-6x500ml,6 x 6x500ml,2024-08-17T07:34:55.677923-04:00
68-802-DRI,Evian Natural Bottled Mineral Still Water 12x330ml,Evian,Drinks,Water,Bigger multipacks,330ML,£4.75,12 for £4.75,£1.00,12p / 100ml,6313236,Natural Mineral Water,,https://assets.sainsburys-groceries.co.uk/gol/6313236/1/640x640.jpg,"Composition in mg/litre
Sodium Na+ 6.5
Silica SiO2 15
Bicarbonates HCO3- 360
Sulphates SO4-- 14
Chlorides CI- 10
Nitrates NO3- 3.8
Dry residue 180°C: 345mg/L- pH = 7.2",,https://www.sainsburys.co.uk/gol-ui/product/evian-mineral-water-12x330ml,12 x 12x330ml,2024-08-17T07:35:08.568976-04:00
68-803-DRI,Sainsbury's Still British Spring Water 4x2L,Sainsbury's,Drinks,Water,Bigger multipacks,2L,£1.85,4 for £1.85,£2.50,2p / 100ml,6319494,no design on shrink wrap,,https://assets.sainsburys-groceries.co.uk/gol/6319494/1/640x640.jpg,"Sodium 1mg 1mg -
Bicarbonate 16mg 16mg -
Sulphate 5mg 5mg -
Nitrate 1mg 1mg -
Dry Residue @ 180C 22mg 22mg -
pH 7.2 7.2 -",,https://www.sainsburys.co.uk/gol-ui/product/sainsburys-caledonian-still-water-4x2l,4 x 4x2L,2024-08-17T07:35:20.513081-04:00
68-804-DRI,Sainsburys British Sparkling Spring water 4x2L,Sainsburys,Drinks,Water,Bigger multipacks,2L,£1.95,4 for £1.95,£2.50,2p / 100ml,6319530,Carbonated Spring water,,https://assets.sainsburys-groceries.co.uk/gol/6319530/1/640x640.jpg,,,https://www.sainsburys.co.uk/gol-ui/product/sainsburys-caledonian-sparkling-water-4x2l,4 x 4x2L,2024-08-17T07:35:38.125855-04:00
68-805-DRI,Sainsbury's British Spring Water 12x500ml,Sainsbury's,Drinks,Water,Bigger multipacks,500ML,£2.00,12 for £2.00,£2.50,3p / 100ml,7862433,Still Spring Water,,https://assets.sainsburys-groceries.co.uk/gol/7862433/1/640x640.jpg,"Sodium 1mg 1mg -
Bicarbonate 16mg 16mg -
Sulphate 5mg 5mg -
Nitrate 1mg 1mg -
Dry Residue @ 180C 22mg 22mg -
pH 7.2 7.2 -",,https://www.sainsburys.co.uk/gol-ui/product/sainsburys-caledonian-water-12x500ml,12 x 12x500ml,2024-08-17T07:35:50.209872-04:00
68-806-DRI,Nestle Pure Life Still Spring Water 12x500ml,Nestle,Drinks,Water,Bigger multipacks,500ML,£2.50,12 for £2.50,£1.00,4p / 100ml,7535133,Spring Water Still,,https://assets.sainsburys-groceries.co.uk/gol/7535133/1/640x640.jpg,"Typical Analysis (mg/l)
Sodium 11.9
Bicarbonate 184.6
Sulphate 9.7
pH at source 6.5
Dry residue at 180°C 248.0",,https://www.sainsburys.co.uk/gol-ui/product/nestle-pure-life-still-spring-water-12x500ml,12 x 12x500ml,2024-08-17T07:36:02.265482-04:00
68-807-DRI,Buxton Sparkling Natural Mineral Water 8x500ml,Buxton,Drinks,Water,Bigger multipacks,500ML,£3.00,8 for £3.00,£2.50,8p / 100ml,6027918,Carbonated natural mineral water,,https://assets.sainsburys-groceries.co.uk/gol/6027918/1/640x640.jpg,"Typical Analysis mg/l
Sodium 24
Bicarbonate 248
Sulphate 13
Nitrate <0.1
Dry residue at 180°C 280
pH at source 7.4",,https://www.sainsburys.co.uk/gol-ui/product/buxton-sparkling-mineral-water-8x500ml,8 x 8x500ml,2024-08-17T07:36:14.809389-04:00
68-808-DRI,Highland Spring Still Water 6x1.5L,Highland,Drinks,Water,Bigger multipacks,1.5L,£4.00,6 for £4.00,£1.00,4p / 100ml,2954950,Still Spring Water.,,https://assets.sainsburys-groceries.co.uk/gol/2954950/1/640x640.jpg,"Average analysis mg/l:
Bicarbonate 150
Nitrate (as NO3) 3.1
Sodium 5.6
Sulphate 5.3
Dry residue at 180°C 170
pH 7.8",,https://www.sainsburys.co.uk/gol-ui/product/highland-spring-water-6x15l,6 x 6x1.5L,2024-08-17T07:36:26.842150-04:00
68-809-DRI,Highland Spring Still Water 12x500ml,Highland,Drinks,Water,Bigger multipacks,500ML,£3.50,12 for £3.50,£1.00,6p / 100ml,6468080,Still Spring Water.,,https://assets.sainsburys-groceries.co.uk/gol/6468080/1/640x640.jpg,,,https://www.sainsburys.co.uk/gol-ui/product/highland-spring-water-12x500ml,12 x 12x500ml,2024-08-17T07:36:44.134079-04:00
68-810-DRI,"Sainsbury's Sparkling Flavoured Water, Blackcurrant & Cherry 1L",Sainsbury's,Drinks,Fizzy drinks,Fruit flavoured,1L,75p,,£1.00,8p / 100ml,7544205,Carbonated no added sugar blackcurrant and cherry flavoured spring water drink with sweetener.,100 ml,https://assets.sainsburys-groceries.co.uk/gol/7544205/1/640x640.jpg,"Typical Values Per 100ml  Per serving (250ml)  % based on RI for Average Adult
Energy <4.2kJkJ 8kJ -
<1kcalkcal 2kcal -
Fat <0.5g <0.5g -
Saturates <0.1g <0.1g -
Carbohydrate <0.5g <0.5g -
Sugars <0.5g <0.5g -
Fibre <0.5g <0.5g -
Protein <0.5g <0.5g -
Salt <0.01g <0.01g -",,https://www.sainsburys.co.uk/gol-ui/product/sainsburys-blackcurrant---cherry-sparkling-flavoured-water-1l,,2024-08-17T07:36:56.220527-04:00
68-811-DRI,Sainsbury's British Still Spring Water 5L,Sainsbury's,Drinks,Water,Bigger multipacks,5L,£1.50,,£1.00,3p / 100ml,6731645,JS Spring Still Water,,https://assets.sainsburys-groceries.co.uk/gol/6731645/1/640x640.jpg,"Sodium 1mg 1mg -
Bicarbonate 16mg 16mg -
Sulphate 5mg 5mg -
Nitrate 1mg 1mg -
Dry Residue @ 180C 22mg 22mg -
pH 7.2 7.2 -",,https://www.sainsburys.co.uk/gol-ui/product/sainsburys-caledonian-still-water-5l-6731645-p-44,,2024-08-17T07:37:08.267341-04:00
68-812-DRI,Sainsbury's British Spring Sparkling Water 2L,Sainsbury's,Drinks,Water,Sparkling water,2L,85p,,£2.50,4p / 100ml,425889,Carbonated Spring water,,https://assets.sainsburys-groceries.co.uk/gol/425889/1/640x640.jpg,"Sodium 1mg 1mg -
Bicarbonate 14mg 14mg -
Sulphate 1mg 1mg -
Nitrate 1mg 1mg -
Dry Residue @ 180C 22mg 22mg -
pH 5.5 5.5 -",,https://www.sainsburys.co.uk/gol-ui/product/sainsburys-caledonian-scottish-water--sparkling-2l,,2024-08-17T07:37:20.473637-04:00
68-813-DRI,"Sainsbury's Sparkling Flavoured Water, Lemon & Lime 1L",Sainsbury's,Drinks,Fizzy drinks,Fruit flavoured,1L,75p,,£1.00,8p / 100ml,1320640,Carbonated no added sugar lemon and lime flavoured spring water drink with sweetener,100 ml,https://assets.sainsburys-groceries.co.uk/gol/1320640/1/640x640.jpg,"Typical Values Per 100ml  Per serving (250ml)  % based on RI for Average Adult
Energy 5kJ 12kJ -
1kcal 3kcal -
Fat <0.5g <0.5g -
Saturates <0.1g <0.1g -
Carbohydrate <0.5g <0.5g -
Sugars <0.5g <0.5g -
Fibre <0.5g <0.5g -
Protein <0.5g <0.5g -
Salt 0.02g 0.05g 1%",,https://www.sainsburys.co.uk/gol-ui/product/sainsburys-lemon---lime-flavoured-sparkling-water-1l,,2024-08-17T07:37:32.650191-04:00
68-814-DRI,"Sainsbury's Sparkling Flavoured Water, Mango & Passionfruit 1L",Sainsbury's,Drinks,Fizzy drinks,Fruit flavoured,1L,75p,,£1.00,8p / 100ml,7544249,Carbonated no added sugar mango and passion fruit flavoured spring water drink with sweetener,250 ml,https://assets.sainsburys-groceries.co.uk/gol/7544249/1/640x640.jpg,"Typical Values per 100ml  per 250ml serving  % based on RI for Average Adult
Energy <4.2kJkJ 8kJ -
<1kcalkcal 2kcal -
Fat <0.5g <0.5g -
Saturates <0.1g <0.1g -
Carbohydrate <0.5g <0.5g -
Sugars <0.5g <0.5g -
Fibre <0.5g <0.5g -
Protein <0.5g <0.5g -
Salt <0.01g 0.02g -",,https://www.sainsburys.co.uk/gol-ui/product/sainsburys-mango---passionfruit-sparkling-flavoured-water-1l,,2024-08-17T07:37:44.711846-04:00
68-815-DRI,Highland Spring Sparkling Spring Water 8x500ml,Highland,Drinks,Water,Bigger multipacks,500ML,£3.00,8 for £3.00,£2.50,8p / 100ml,7916815,Carbonated Spring Water.,,https://assets.sainsburys-groceries.co.uk/gol/7916815/1/640x640.jpg,"Average analysis mg/l:
Bicarbonate 150
Nitrate (as NO3) 3.1
Sodium 5.6
Sulphate 5.3
Dry residue at 180°C 170
pH at source 7.8",,https://www.sainsburys.co.uk/gol-ui/product/highland-spring-sparkling-spring-water-8x500ml,8 x 8x500ml,2024-08-17T07:37:56.843505-04:00
68-816-DRI,Sainsbury's No Added Sugar Sparkling Apple & Elderflower Flavoured Spring Water 1L,Sainsbury's,Drinks,Water,Flavoured & vitamin water,1L,75p,,£1.00,8p / 100ml,7916835,Carbonated no added sugar apple and elderflower flavoured spring water with sweeteners,250 ml,https://assets.sainsburys-groceries.co.uk/gol/7916835/1/640x640.jpg,"Typical Values per 100ml  per 250ml serving  % based on RI for Average Adult
Energy <4.2kJkJ 8kJ -
<1kcalkcal 2kcal -
Fat <0.5g <0.5g -
Saturates <0.1g <0.1g -
Carbohydrate <0.5g <0.5g -
Sugars <0.5g <0.5g -
Fibre <0.5g <0.5g -
Protein <0.5g <0.5g -
Salt <0.01g 0.02g -",,https://www.sainsburys.co.uk/gol-ui/product/sainsburys-no-added-sugar-sparkling-apple-elderflower-flavoured-spring-water-1l,,2024-08-17T07:38:09.198053-04:00
68-817-DRI,Buxton Still Natural Mineral Water 8x500ml,Buxton,Drinks,Special offers,,500ML,£2.50,8 for £2.50,£2.50,6p / 100ml,7425280,Still Natural Mineral Water,,https://assets.sainsburys-groceries.co.uk/gol/7425280/1/640x640.jpg,"Typical Analysis mg/l
Sodium 24
Bicarbonate 248
Sulphate 13
Nitrate <0.1
Dry residue at 180°C 280
pH at source 7.4",,https://www.sainsburys.co.uk/gol-ui/product/buxton-still-8x500ml,8 x 8x500ml,2024-08-17T07:38:21.380232-04:00
68-818-DRI,San Pellegrino Sparkling Natural Mineral Water 6x1L,San,Drinks,Water,Bigger multipacks,1L,£7.00,6 for £7.00,£2.50,12p / 100ml,3495926,Carbonated Natural Mineral Water,,https://assets.sainsburys-groceries.co.uk/gol/3495926/1/640x640.jpg,"Typical Analysis (mg/L)
Sulfate SO42- 401
Bicarbonate HCO3- 244
Total Dissolved Solids at 180°C: mg/L 853
Sodium Na+ 30.0
Silicium SiO2 7.3
Nitrate NO3- 2.8",,https://www.sainsburys.co.uk/gol-ui/product/san-pellegrino-sparkling-mineral-water-6x1l,6 x 6x1L,2024-08-17T07:38:33.292528-04:00
68-819-DRI,Buxton Still Natural Mineral Water 6x1.5L,Buxton,Drinks,Water,Bigger multipacks,1.5L,£4.25,6 for £4.25,£1.00,5p / 100ml,3117064,Still Natural Mineral Water,,https://assets.sainsburys-groceries.co.uk/gol/3117064/1/640x640.jpg,"Typical Analysis mg/l
Sodium 24
Bicarbonate 248
Sulphate 13
Nitrate <0.1
Dry residue at 180°C 280
pH at source 7.4",,https://www.sainsburys.co.uk/gol-ui/product/buxton-mineral-water-6x15l,6 x 6x1.5L,2024-08-17T07:38:45.803751-04:00
68-820-DRI,Vita Coco The Original Coconut Water 1L,Vita,Drinks,Fruit juice & drinks,All fruit juice & smoothies,1L,£4.00,,£2.50,40p / 100ml,7284374,Coconut Water,,https://assets.sainsburys-groceries.co.uk/gol/7284374/1/640x640.jpg,"per 100ml:
Energy 77kJ (18kcal)
Fat 0g
(of which saturates 0g)
Carbohydrate 4.5g
(of which sugars 4g)
Protein 0g
Salt 0.06g
*: Reference Intake","Coconut Water (99%), Fructose (<1%), Vitamin C",https://www.sainsburys.co.uk/gol-ui/product/vita-coco-coconut-water-1l,,2024-08-17T07:38:52.702931-04:00
68-821-DRI,"Sainsbury's Sparkling Flavoured Water, Strawberry & Kiwi 1L",Sainsbury's,Drinks,Fizzy drinks,Fruit flavoured,1L,75p,,£1.00,8p / 100ml,6407656,Carbonated no added sugar strawberry and kiwi flavoured spring water drink with sweetener,250 ml,https://assets.sainsburys-groceries.co.uk/gol/6407656/1/640x640.jpg,"Typical Values per 100ml  per 250ml serving  % based on RI for Average Adult
Energy <4.2kJkJ 9kJ -
<1kcalkcal 2kcal -
Fat <0.5g <0.5g -
Saturates <0.1g <0.1g -
Carbohydrate <0.5g <0.5g -
Sugars <0.5g <0.5g -
Protein <0.5g <0.5g -
Salt <0.01g <0.01g -",,https://www.sainsburys.co.uk/gol-ui/product/sainsburys-strawberry---kiwi-sparkling-water-1l,,2024-08-17T07:39:04.843590-04:00
68-822-DRI,San Pellegrino Sparkling Natural Mineral Water 6x500ml,San,Drinks,Special offers,,500ML,£4.00,6 for £4.00,£3.25,13p / 100ml,8066619,Carbonated Natural Mineral Water,,https://assets.sainsburys-groceries.co.uk/gol/8066619/1/640x640.jpg,"Typical Analysis (mg/L)
Sulphate SO4^2- 401
Bicarbonate HCO3- 244
Sodium Na+ 30.0
Silica Residue SiO^2 7.3
Strontium Sr^2+ 2.9
Nitrate NO3- 2.8
Total Dissolved Solids (at 180°C: mg/L 853
pH at the source: 7.7",,https://www.sainsburys.co.uk/gol-ui/product/san-pellegrino-sparkling-water-6x500ml,6 x 6x500ml,2024-08-17T07:39:17.227336-04:00
68-823-DRI,Volvic Touch of Fruit Sugar Free Strawberry Flavoured Water 1.5L,Volvic,Drinks,Special offers,,1.5L,£1.40,,£1.00,9p / 100ml,3315118,Still Natural Mineral Water Flavoured Drink with Sweeteners.,100 ml,https://assets.sainsburys-groceries.co.uk/gol/3315118/1/640x640.jpg,"Per 100 ml Per Serving 250 ml % RI* (250 ml)
Energy 3 kJ 7 kJ 0%
1 kcal 2 kcal 0%
Fat 0 g 0 g 0%
Of which Saturates 0 g 0 g 0%
Carbohydrate 0 g 0 g 0%
Of which Sugars 0 g 0 g 0%
Protein 0 g 0 g 0%
Salt <0.01 g <0.01 g 0%
*RI = Reference intake of an average adult (8400 kJ / 2000 kcal)
This bottle contains 6 servings of 250 ml","Volvic Natural Mineral Water (99.8%), Acid (Citric Acid), Natural Strawberry Flavouring with other Natural Flavourings, Preservative (Potassium Benzoate), Sweeteners (Sucralose, Acesulfame K)",https://www.sainsburys.co.uk/gol-ui/product/volvic-touch-of-fruit-sugarfree-strawberry-15l,,2024-08-17T07:39:24.019567-04:00
68-824-DRI,Volvic Touch of Fruit Sugar Free Lemon & Lime Flavoured Water 1.5L,Volvic,Drinks,Special offers,,1.5L,£1.40,,£1.00,9p / 100ml,3488027,Still Natural Mineral Water Flavoured Drink with Sweeteners.,100 ml,https://assets.sainsburys-groceries.co.uk/gol/3488027/1/640x640.jpg,"Per 100 ml Per Serving 250 ml % RI* (250 ml)
Energy 5 kJ 11 kJ 0%
1 kcal 3 kcal 0%
Fat 0 g 0 g 0%
Of which Saturates 0 g 0 g 0%
Carbohydrate 0 g 0 g 0%
Of which Sugars 0 g 0 g 0%
Protein 0 g 0 g 0%
Salt <0.01 g <0.01 g 0%
*RI = Reference intake of an average adult (8400 kJ / 2000 kcal)
This bottle contains 6 servings of 250 ml","Volvic Natural Mineral Water (99.6%), Acid (Citric Acid), Natural Lemon and Lime Flavouring with other Natural Flavourings, Preservative (Potassium Benzoate), Sweeteners (Acesulfame K, Sucralose)",https://www.sainsburys.co.uk/gol-ui/product/volvic-touch-of-fruit-sugarfree-lemon---lime-15l,,2024-08-17T07:39:30.844259-04:00
68-825-DRI,Aqua Libra Sparkling Water Infused with Cucumber Mint & Lime 4x330ml,Aqua,Drinks,Special offers,,330ML,£3.35,4 for £3.35,£2.00,25p / 100ml,8071193,"Cucumber, Mint and Lime Flavour Sparkling Water Drink.",,https://assets.sainsburys-groceries.co.uk/gol/8071193/1/640x640.jpg,"per 100ml:
Energy 3kJ/
1kcal
Contains negligible amounts of fat, saturates, carbohydrate, sugars, protein and salt","Sparkling Water, Lemon Juice from Concentrate, Natural Flavourings",https://www.sainsburys.co.uk/gol-ui/product/aqua-libra-sparkling-water-infused-with-cucumber-mint-lime-4x330ml,4 x 4x330ml,2024-08-17T07:39:37.626345-04:00
68-826-DRI,Volvic Natural Bottled Mineral Still Water 6x1.5L,Volvic,Drinks,Water,Bigger multipacks,1.5L,£4.75,6 for £4.75,£1.00,5p / 100ml,2561714,Harness the power of the volcano with Volvic natural mineral water:●Naturally filtered through six layers of volcanic rock●Unique mineral content●Sourced from a nature reserve in Europe●Recyclable bottle,,https://assets.sainsburys-groceries.co.uk/gol/2561714/1/640x640.jpg,"Mineral Composition (mg / L)
Sulphates 9
Sodium 12
Bicarbonates 74
Silica 32
Chlorides 15
Nitrates 7.3
Dry Residue 180°C: 130 mg/Litre
pH: 7",,https://www.sainsburys.co.uk/gol-ui/product/volvic-mineral-water-6x15l,6 x 6x1.5L,2024-08-17T07:39:49.607223-04:00
68-827-DRI,"Sainsbury's Still Flavoured Water, Strawberry & Kiwi 1L",Sainsbury's,Drinks,Water,Flavoured & vitamin water,1L,75p,,£1.00,8p / 100ml,7544258,Still no added sugar strawberry and kiwi flavoured spring water drink with sweetener,250 ml,https://assets.sainsburys-groceries.co.uk/gol/7544258/1/640x640.jpg,"Typical Values per 100ml  per 250ml serving  % based on RI for Average Adult
Energy <4.2kJkJ 9kJ -
<1kcalkcal 2kcal -
Fat <0.5g <0.5g -
Saturates <0.1g <0.1g -
Carbohydrate <0.5g <0.5g -
Sugars <0.5g <0.5g -
Protein <0.5g <0.5g -
Salt <0.01g <0.01g -",,https://www.sainsburys.co.uk/gol-ui/product/sainsburys-strawberry---kiwi-still-flavoured-water-1l,,2024-08-17T07:40:01.107100-04:00
68-828-DRI,"Sainsbury's Still Flavoured Water, Lemon & Lime 1L",Sainsbury's,Drinks,Water,Flavoured & vitamin water,1L,75p,,£1.00,8p / 100ml,7544256,Still no added sugar lemon and lime flavoured spring water drink with sweetener,250 ml,https://assets.sainsburys-groceries.co.uk/gol/7544256/1/640x640.jpg,"Typical Values per 100ml  per 250ml serving  % based on RI for Average Adult
Energy 5kJ 12kJ -
1kcal 3kcal -
Fat <0.5g <0.5g -
Saturates <0.1g <0.1g -
Carbohydrate <0.5g <0.5g -
Sugars <0.5g <0.5g -
Fibre <0.5g <0.5g -
Protein <0.5g <0.5g -
Salt 0.02g 0.05g 1%",,https://www.sainsburys.co.uk/gol-ui/product/sainsburys-lemon---lime-still-flavoured-water-1l,,2024-08-17T07:40:13.050611-04:00
68-829-DRI,Sainsbury's British Sparkling Spring Water 12x500ml,Sainsbury's,Drinks,Water,Bigger multipacks,500ML,£2.75,12 for £2.75,£1.00,5p / 100ml,8125311,Carbonated Spring water,,https://assets.sainsburys-groceries.co.uk/gol/8125311/1/640x640.jpg,"Sodium <0.8mg <0.8mg -
Bicarbonate <13.5mg <13.5mg -
Sulphate <1.4mg <1.4mg -
Nitrate <0.5mg <0.5mg -
Dry Residue @ 180C <21.9mg <21.9mg -
pH 5.5 5.5 -",,https://www.sainsburys.co.uk/gol-ui/product/sainsburys-british-spring-water-12x500ml,12 x 12x500ml,2024-08-17T07:40:25.152952-04:00
68-830-DRI,Volvic Touch of Fruit Sugar Free Summer Fruits Flavoured Water 1.5L,Volvic,Drinks,Special offers,,1.5L,£1.40,,£1.00,9p / 100ml,7878751,Still Natural Mineral Water Flavoured Drink with Sweeteners.,100 ml,https://assets.sainsburys-groceries.co.uk/gol/7878751/1/640x640.jpg,"Per 100 ml Per Serving 250 ml % RI* (250 ml)
Energy 2 kJ 5 kJ 0%
0 kcal 1 kcal 0%
Fat 0 g 0 g 0%
Of which Saturates 0 g 0 g 0%
Carbohydrate 0 g 0 g 0%
Of which Sugars 0 g 0 g 0%
Protein 0 g 0 g 0%
Salt <0.01 g <0.01 g 0%
*RI = Reference intake of an average adult (8400 kJ/ 2000 kcal)
This bottle contains 6 servings of 250ml","Volvic Natural Mineral Water (99.8%), Acidity Regulator (Citric Acid), Natural Summerfruit (Raspberry, Strawberry, Blackcurrant) Flavouring with other Natural Flavourings, Preservative (Potassium Benzoate), Sweeteners (Acesulfame K, Sucralose)",https://www.sainsburys.co.uk/gol-ui/product/volvic-touch-of-fruit-sugar-free-summer-fruits-flavoured-water-15l,,2024-08-17T07:40:32.601724-04:00
68-831-DRI,Volvic Touch of Fruit Sugar Free Special Edition Mango Passion Flavoured Water 1.5L,Volvic,Drinks,Special offers,,1.5L,£1.40,,£1.00,9p / 100ml,7993155,Still Natural Mineral Water Flavoured Drink with Sweeteners.,100 ml,https://assets.sainsburys-groceries.co.uk/gol/7993155/1/640x640.jpg,"Per 100 ml Per Serving 250 ml % RI* (250 ml)
Energy 3 kJ 8 kJ 0%
1 kcal 2 kcal 0%
Fat 0 g 0 g 0%
Of which Saturates 0 g 0 g 0%
Carbohydrate 0 g 0 g 0%
Of which Sugars 0 g 0 g 0%
Protein 0 g 0 g 0%
Salt <0.01 g <0.01 g 0%
*RI = Reference intake of an average adult (8400 kJ / 2000 kcal)
This bottle contains 6 servings of 250 ml","Volvic Natural Mineral Water (99.8%), Acid (Citric Acid), Natural Mango and Passion Fruit Flavouring with other Natural Flavourings, Preservative (Potassium Benzoate), Sweeteners (Acesulfame K, Sucralose)",https://www.sainsburys.co.uk/gol-ui/product/volvic-touch-of-fruit-sugar-free-special-edition-mango-passion-flavoured-water-15l,,2024-08-17T07:40:39.256062-04:00
68-832-DRI,San Pellegrino Sparkling Natural Mineral Water 1L,San,Drinks,Special offers,,1L,£1.60,,£1.00,16p / 100ml,6731637,Carbonated Natural Mineral Water,,https://assets.sainsburys-groceries.co.uk/gol/6731637/1/640x640.jpg,"Typical Analysis (mg/L)
Sulphate SO4^2- 402
Bicarbonate HCO3 - 243
Sodium Na+ 31.2
Silica Residue SiO2 7.1
Nitrate NO3- 2.9
Strontium Sr^2+ 2.7
Total Dissolved Solids at (180°C): mg/L 854
pH at the source: 7.6",,https://www.sainsburys.co.uk/gol-ui/product/san-pellegrino-sparkling-water-1l,,2024-08-17T07:40:51.615814-04:00
68-833-DRI,Sainsbury's Raspberry & Rhubarb Sparkling Water 1L,Sainsbury's,Drinks,Water,Flavoured & vitamin water,1L,75p,,£1.00,8p / 100ml,8084898,Carbonated no added sugar rhubarb and raspberry flavoured spring water drink with sweetener,250 ml,https://assets.sainsburys-groceries.co.uk/gol/8084898/1/640x640.jpg,"Typical Values per 100ml  per 250ml serving  % based on RI for Average Adult
Energy <4.2kJkJ 9kJ -
<1kcalkcal 2kcal -
Fat <0.5g <0.5g -
Saturates <0.1g <0.1g -
Carbohydrate <0.5g <0.5g -
Sugars <0.5g <0.5g -
Fibre <0.5g <0.5g -
Protein <0.5g <0.5g -
Salt 0.01g 0.04g 1%",,https://www.sainsburys.co.uk/gol-ui/product/sainsburys-raspberry-rhubarb-sparkling-water-1l,,2024-08-17T07:41:03.624813-04:00
68-834-DRI,Volvic Touch of Fruit Sugar Free Watermelon Flavoured Water 1.5L,Volvic,Drinks,Special offers,,1.5L,£1.40,,£1.00,9p / 100ml,7878748,Still Natural Mineral Water Flavoured Drink with Sweeteners.,100 ml,https://assets.sainsburys-groceries.co.uk/gol/7878748/1/640x640.jpg,"Per 100 ml Per Serving 250 ml % RI* (250 ml)
Energy 3 kJ 8 kJ 0%
1 kcal 2 kcal 0%
Fat 0 g 0 g 0%
Of which Saturates 0 g 0 g 0%
Carbohydrate 0 g 0 g 0%
Of which Sugars 0 g 0 g 0%
Protein 0 g 0 g 0%
Salt <0.01 g <0.01 g 0%
*RI = Reference intake of an average adult (8400 kJ / 2000 kcal)
This bottle contains 6 servings of 250 ml","Volvic Natural Mineral Water (99.8%), Acid (Citric Acid), Natural Watermelon Flavouring with other Natural Flavourings, Preservative (Potassium Benzoate), Sweeteners (Acesulfame K, Sucralose)",https://www.sainsburys.co.uk/gol-ui/product/volvic-touch-of-fruit-sugar-free-watermelon-flavoured-water--special-edition-15l,,2024-08-17T07:41:10.310988-04:00
68-835-DRI,Aqua Libra Sparkling Water Infused with Blood Orange & Mango 4x330ml,Aqua,Drinks,Special offers,,330ML,£3.35,4 for £3.35,£2.00,25p / 100ml,8144760,Blood Orange and Mango Flavour Sparkling Water Drink.,,https://assets.sainsburys-groceries.co.uk/gol/8144760/1/640x640.jpg,"per 100ml:
Energy 2kJ/
0.5kcal
Contains negligible amounts of fat, saturates, carbohydrate, sugars, protein and salt","Sparkling Water, Lemon Juice from Concentrate, Natural Blood Orange Flavouring with other Natural Flavourings",https://www.sainsburys.co.uk/gol-ui/product/aqua-libra-sparkling-water-infused-with-blood-orange-mango-4x330ml,4 x 4x330ml,2024-08-17T07:41:17.258329-04:00
68-836-DRI,Volvic Touch of Fruit Sugar Free Peach & Raspberry Flavoured Water 1.5L,Volvic,Drinks,Special offers,,1.5L,£1.40,,£1.00,14p / 100ml,8128289,Still Natural Mineral Water Flavoured Drink with Sweeteners and Vitamin B6.,100 ml,https://assets.sainsburys-groceries.co.uk/gol/8128289/1/640x640.jpg,"Per 100 ml Per Serving 250 ml % RI* (250 ml)
Energy 6 kJ 16 kJ 0%
1 kcal 4 kcal 0%
Fat 0 g 0 g 0%
Of which Saturates 0 g 0 g 0%
Carbohydrate 0 g 0 g 0%
Of which Sugars 0 g 0 g 0%
Protein 0 g 0 g 0%
Salt <0.01 g <0.01 g 0%
*RI = Reference intake of an average adult (8400 kJ/ 2000 kcal)
This bottle contains 6 servings of 250ml","Volvic Natural Mineral Water (99.6%), Acid (Citric Acid), Natural Peach Flavouring, Natural Raspberry Flavouring with other Natural Flavourings, Preservative (Potassium Benzoate), Sweeteners (Acesulfamek, Sucralose), Vitamin B6",https://www.sainsburys.co.uk/gol-ui/product/volvic-touch-of-fruit-sugar-free-peach-raspberry-natural-flavoured-water-15l,,2024-08-17T07:41:23.856880-04:00
68-837-DRI,Aqua Libra Sparkling Water Infused with Raspberry & Blackcurrant 4x330ml,Aqua,Drinks,Special offers,,330ML,£3.35,4 for £3.35,£2.00,25p / 100ml,8071198,Raspberry and Blackcurrant Flavour Sparkling Water Drink.,,https://assets.sainsburys-groceries.co.uk/gol/8071198/1/640x640.jpg,"per 100ml:
Energy 3kJ/
0.6kcal
Contains negligible amounts of fat, saturates, carbohydrate, sugars, protein and salt","Sparkling Water, Lemon Juice from Concentrate, Natural Flavourings",https://www.sainsburys.co.uk/gol-ui/product/aqua-libra-sparkling-water-infused-with-raspberry-blackcurrant-4x330ml,4 x 4x330ml,2024-08-17T07:41:30.868388-04:00
68-838-DRI,"Sainsbury's Still Flavoured Water Strawberry & Kiwi, No Added Sugar 4x500ml",Sainsbury's,Drinks,Water,Flavoured & vitamin water,500ML,£1.80,4 for £1.80,£1.00,9p / 100ml,7824796,Still no added sugar strawberry and kiwi flavoured spring water drink with sweetener,,https://assets.sainsburys-groceries.co.uk/gol/7824796/1/640x640.jpg,"Typical Values per 100ml  per bottle  % based on RI for Average Adult
Energy <4.2kJkJ 18kJ -
<1kcalkcal 4kcal -
Fat <0.5g <0.5g -
Saturates <0.1g <0.1g -
Carbohydrate <0.5g <0.5g -
Sugars <0.5g <0.5g -
Protein <0.5g <0.5g -
Salt <0.01g <0.01g -",,https://www.sainsburys.co.uk/gol-ui/product/sainsburys-strawberry---kiwi-still-water-4x500ml,4 x 4x500ml,2024-08-17T07:41:42.896278-04:00
68-839-DRI,"Sainsbury's Sparkling Flavoured Water Lemon & Lime, No Added Sugar 4x500ml",Sainsbury's,Drinks,Fizzy drinks,Fruit flavoured,500ML,£1.80,4 for £1.80,£1.00,9p / 100ml,7824805,Carbonated no added sugar lemon and lime flavoured spring water drink with sweetener,,https://assets.sainsburys-groceries.co.uk/gol/7824805/1/640x640.jpg,"Typical Values per 100ml  per bottle  % based on RI for Average Adult
Energy 5kJ 24kJ -
1kcal 6kcal -
Fat <0.5g <0.5g -
Saturates <0.1g <0.1g -
Carbohydrate <0.5g <0.5g -
Sugars <0.5g <0.5g -
Protein <0.5g <0.5g -
Salt 0.02g 0.10g 2%",,https://www.sainsburys.co.uk/gol-ui/product/sainsburys-sparkling-lemon---lime-water-4x500ml,4 x 4x500ml,2024-08-17T07:41:55.189415-04:00
68-840-DRI,Sainsburys British Spring Water Still 2L,Sainsburys,Drinks,Water,Still water,2L,85p,,£1.00,4p / 100ml,425896,Still Spring Water,,https://assets.sainsburys-groceries.co.uk/gol/425896/1/640x640.jpg,"Sodium 1mg 1mg -
Bicarbonate 16mg 16mg -
Sulphate 5mg 5mg -
Nitrate 1mg 1mg -
Dry Residue @ 180C 22mg 22mg -
pH 7.2 7.2 -",,https://www.sainsburys.co.uk/gol-ui/product/sainsburys-caledonian-scottish-water--still-2l,,2024-08-17T07:42:07.761325-04:00
68-841-DRI,Alpro Coconut Milk Chilled Dairy Alternative 1L,Alpro,Drinks,Dairy & chilled essentials,,1L,£2.00,,£2.50,£2.00 / ltr,7693771,"Coconut drink with rice and added calcium and vitamins, flash pasteurised.",,https://assets.sainsburys-groceries.co.uk/gol/7693771/1/640x640.jpg,"per 100 ml
Energy 85 kJ /
20 kcal
Fat 0.8 g
of which Saturates 0.8 g
Carbohydrate 2.7 g
of which Sugars 1.9 g
Fibre 0.0 g
Protein 0.1 g
Salt 0.13 g
D2 0.75 µg*
B12 0.38 µg*
Minerals:
* = 15% of the nutrient reference values
** Reference intake of an average adult (8400 kJ / 2000 kcal)","Water, Coconut Milk ([8.6%] [Water, Coconut Cream [4%]), Rice [3.3%], Calcium (Tri-Calcium Phosphate), Stabilisers [Guar Gum, Gellan Gum, Xanthan Gum], Sea Salt, Flavourings, Vitamins B12, D2",https://www.sainsburys.co.uk/gol-ui/product/alpro-fresh-coconut-drink-1l,,2024-08-17T07:42:14.578256-04:00
68-842-DRI,One Living Ginger Kombucha with Turmeric 4x250ml,One,Drinks,Fruit juice & drinks,All fruit juice & smoothies,250ML,£5.25,4 for £5.25,£1.50,53p / 100ml,8007001,"Unpasteurised Sparkling Kombucha with Natural Flavours, Added Sweetener and B Vitamins",,https://assets.sainsburys-groceries.co.uk/gol/8007001/1/640x640.jpg,"Per 100ml % RI
Energy (kJ/kcal) 14/
3 -
Fat 0.0g -
Of Which Saturates 0.0g -
Carbohydrate 0.2g -
Of Which Sugars* 0.0g -
Protein 0.0g -
Salt 0.00g -
B6 50% RI Per Can 0.28mg 20% RI
B12 50% RI Per Can 0.50µg 20% RI
RI = Reference Intake
*During Our Fermentation Process","Kombucha (Filtered Water, Sencha Green Tea, Raw Cane Sugar*, Live Kombucha Cultures), Botanical Extracts (Ginger Root, Pepper, Turmeric), Natural Flavouring, Sweetener: Steviol Glycosides From Stevia, B Vitamins (Niacin, B6, Biotin, B12), *During Fermentation Process, the Live Cultures Consume the Sugar",https://www.sainsburys.co.uk/gol-ui/product/no1-living-ginger-kombucha-4x250ml,4 x 4x250ml,2024-08-17T07:42:21.682080-04:00
68-843-DRI,"Sainsbury's Still Flavoured Water Lemon & Lime, No Added Sugar 4x500ml",Sainsbury's,Drinks,Water,Flavoured & vitamin water,500ML,£1.80,4 for £1.80,£1.00,9p / 100ml,7824808,Still no added sugar lemon and lime flavoured spring water drink with sweetener,,https://assets.sainsburys-groceries.co.uk/gol/7824808/1/640x640.jpg,"Typical Values per 100ml  per bottle  % based on RI for Average Adult
Energy 5kJ 24kJ -
1kcal 6kcal -
Fat <0.5g <0.5g -
Saturates <0.1g <0.1g -
Carbohydrate <0.5g <0.5g -
Sugars <0.5g <0.5g -
Protein <0.5g <0.5g -
Salt 0.02g 0.10g 2%",,https://www.sainsburys.co.uk/gol-ui/product/sainsburys-lemon---lime-still-water-4x500ml,4 x 4x500ml,2024-08-17T07:42:33.904535-04:00
68-844-DRI,San Pellegrino Sparkling Natural Mineral Water Glass 750ml,San,Drinks,Water,Sparkling water,750ML,£1.75,,£3.25,23p / 100ml,2335889,Carbonated Natural Mineral Water,,https://assets.sainsburys-groceries.co.uk/gol/2335889/1/640x640.jpg,"Typical Analysis (mg/L)
Sulphate SO4^2- 402
Bicarbonate HCO3- 243
Sodium Na+ 31.2
Silica Residue SiO2 7.1
Nitrate NO3- 2.9
Strontium Sr^2+ 2.7
Total Dissolved Solids at (180°C): mg/L 854
pH at the source: 7.6",,https://www.sainsburys.co.uk/gol-ui/product/san-pellegrino-sparkling-mineral-water-750ml,,2024-08-17T07:42:46.027561-04:00
68-845-DRI,Evian Natural Bottled Mineral Still Water 4x750ml,Evian,Drinks,"Sports, energy & wellbeing",All,750ML,£3.60,4 for £3.60,£1.00,12p / 100ml,6608125,Natural Mineral Water,,https://assets.sainsburys-groceries.co.uk/gol/6608125/1/640x640.jpg,"Composition in mg/litre
Sodium Na+ 6.5
Silica SiO2 15
Bicarbonates HCO3- 360
Sulphates SO4-- 14
Chlorides CI- 10
Nitrates NO3- 3.8
Dry residue 180°C: 345mg/L- pH = 7.2",,https://www.sainsburys.co.uk/gol-ui/product/evian-natural-mineral-water-4x750ml-sports-cap-,4 x 4x750ml,2024-08-17T07:42:57.992939-04:00
68-846-DRI,Highland Spring Sparkling Water 1.5L,Highland,Drinks,Water,Sparkling water,1.5L,£1.20,,£1.00,8p / 100ml,2495934,Carbonated Spring Water.,,https://assets.sainsburys-groceries.co.uk/gol/2495934/1/640x640.jpg,"Average analysis mg/l:
Bicarbonate 150
Nitrate (as NO3) 3.1
Sodium 5.6
Sulphate 5.3
Dry residue at 180°C 170
pH at source 7.8",,https://www.sainsburys.co.uk/gol-ui/product/highland-spring-sparkling-water-15l,,2024-08-17T07:43:09.965004-04:00
68-847-DRI,Perfectly Clear Still Red Apple Flavour Spring Water 1.5L,Perfectly,Drinks,Fizzy drinks,Fruit flavoured,1.5L,£1.00,,£1.00,7p / 100ml,8054086,Still Spring Water with Natural Red Apple Flavour & Sweetener,100 ml,https://assets.sainsburys-groceries.co.uk/gol/8054086/1/640x640.jpg,"Per 100ml Per serving 250ml %RI*
Energy 5kJ 13kJ <1%
1kcal 3kcal <1%
Fat 0g 0g 0%
of which saturates 0g 0g 0%
Carbohydrates 0g 0g 0%
of which sugars 0g 0g 0%
Protein 0g 0g 0%
Salt 0g 0g 0%
*RI= Reference intake of an average adult (8400kJ/2000kcal)
This bottle contains 6 servings","Spring Water, Acid (Malic Acid), Natural Apple Flavouring, Preservatives (Potassium Sorbate, Sodium Benzoate), Sweetener (Sucralose)",https://www.sainsburys.co.uk/gol-ui/product/perfectly-clear-red-apple-15l,,2024-08-17T07:43:17.272966-04:00
68-848-DRI,Volvic Touch of Fruit Strawberry Flavoured Water 1.5L,Volvic,Drinks,Special offers,,1.5L,£1.40,,£1.00,9p / 100ml,6608131,Still Natural Mineral Water Flavoured Drink with Sugar and Sweetener,100 ml,https://assets.sainsburys-groceries.co.uk/gol/6608131/1/640x640.jpg,"Per 100 ml Per Serving 250 ml % RI* (250 ml)
Energy 41 kJ 103 kJ 1%
10 kcal 25 kcal 1%
Fat 0 g 0 g 0%
Of which Saturates 0 g 0 g 0%
Carbohydrate 2.3 g 5.8 g 2%
Of which Sugars 2.3 g 5.8 g 6%
Protein 0 g 0 g 0%
Salt <0.01 g <0.01 g 0%
*RI = Reference intake of an average adult (8400 kJ/ 2000 kcal)
This bottle contains 6 servings of 250ml","Volvic Natural Mineral Water (97.5%), Sugar (2.3%), Acid (Citric Acid), Natural Strawberry Flavouring with other Natural Flavourings, Preservative (Potassium Benzoate), Sweetener (Steviol Glycosides from Stevia), Natural Flavouring",https://www.sainsburys.co.uk/gol-ui/product/volvic-touch-of-fruit-original--strawberry-15l,,2024-08-17T07:43:24.192220-04:00
68-849-DRI,Nexba Naturally Sugar Free Elderflower & Lemon Kombucha 1L,Nexba,Drinks,Fruit juice & drinks,All fruit juice & smoothies,1L,£3.00,,£1.50,30p / 100ml,8005718,All natural,,https://assets.sainsburys-groceries.co.uk/gol/8005718/1/640x640.jpg,"Per 100ml
Energy 2kJ /
1kcal
Fat 0g
of which saturates 0g
Carbohydrate 1.0g
Protein 0g
Salt 0.14g","Sparkling Natural Spring Water, Kombucha (Purified Water, Oolong Tea, Sugars⁰, Kombucha Cultures) Acid (Acetic Acid), Vitamin C), Acid (Citric Acid), Goodsweet® Natural Sweeteners (Steviol Glycosides), Fibre, Natural Flavours (Lemon), Live Cultures (Bacillus Coagulans), ⁰Sugar fully consumed during fermentation",https://www.sainsburys.co.uk/gol-ui/product/nexba-elderflower-lemon-kombucha-1l,,2024-08-17T07:43:30.547444-04:00
68-850-DRI,San Pellegrino Essenza Sparkling Water Lemon 4x330ml,San,Drinks,Fizzy drinks,Fruit flavoured,330ML,£3.50,4 for £3.50,£3.00,27p / 100ml,8188405,Carbonated Beverage with Natural Mineral Water and Natural Flavourings. Lemon and Lemon Zest Flavoured,,https://assets.sainsburys-groceries.co.uk/gol/8188405/1/640x640.jpg,"Per 100 ml Per Can
Energy 4 kJ 14 kJ
1 kcal 3 kcal
Carbohydrate 0.0 g 0.0 g
Of Which Sugars 0.0 g 0.0 g
1 Can = 1 Serving
Cluster Contains 4 Servings","Natural Mineral Water, Carbon Dioxide, Natural Lemon Flavouring with other Natural Flavourings",https://www.sainsburys.co.uk/gol-ui/product/san-pellegrino-essenza-sparkling-water-lemon-4x330ml,4 x 4x330ml,2024-08-17T07:43:37.484394-04:00
68-851-DRI,Dash British Sparkling Spring Water Infused with Raspberry 4 x 330ml,Dash,Drinks,200 calories or less snacking,200 calories or less snacking,330ML,£4.50,,£4.25,34p / 100ml,7969605,Sparkling Spring Water with Natural Flavours and Raspberry Extract.,,https://assets.sainsburys-groceries.co.uk/gol/7969605/1/640x640.jpg,"Per 100ml:
Energy 6kJ/
1kcal
Fat 0g
of which saturates 0g
Carbohydrates 0.1g
of which sugars 0g
Protein 0g
Salt 0.003g","Carbonated Spring Water, Raspberry Extract, Natural Flavourings, Citric Acid",https://www.sainsburys.co.uk/gol-ui/product/dash-british-sparkling-spring-water-infused-with-raspberries-4-x-330ml-7969605-p,,2024-08-17T07:43:44.376265-04:00
68-852-DRI,Evian Natural Bottled Mineral Still Water 1.5L,Evian,Drinks,Water,Still water,1.5L,£1.35,,£1.00,9p / 100ml,7869211,"For every moment in your day, evian natural mineral water: •Is naturally filtered through layers of glacial rocks •Contains naturally occurring minerals •Contains a balance of minerals including calcium, magnesium and potassium •Recyclable packaging•Bottled in a 100% renewably powered site",,https://assets.sainsburys-groceries.co.uk/gol/7869211/1/640x640.jpg,"Composition in mg/litre:
Sodium Na+ 6.5
Silica SiO₂ 15
Bicarbonates HCO₃¯ 360
Sulphates SO₄¯ ¯ 14
Chlorides CI¯ 10
Nitrates NO₃¯ 3.8
Dry residue 180°C: 345mg/L- pH = 7.2",,https://www.sainsburys.co.uk/gol-ui/product/evian-natural-mineral-water-15l,,2024-08-17T07:43:57.024131-04:00
68-854-DRI,Dash Lime Infused Sparkling Water 4x330ml,Dash,Drinks,Special offers,,330ML,£4.50,4 for £4.50,£1.00,34p / 100ml,8182646,Sparkling Spring Water with Lime Extract and Natural Flavours.,,https://assets.sainsburys-groceries.co.uk/gol/8182646/1/640x640.jpg,"per 100ml:
Energy 7kJ/
2kcal
Fat 0g
of which saturates 0g
Carbohydrates 0g
of which sugars 0g
Protein 0g
Salt 0.001g","Carbonated Spring Water, Lime Extract, Natural Flavourings, Acid, Citric Acid",https://www.sainsburys.co.uk/gol-ui/product/dash-lime-infused-sparkling-water-4x330ml,4 x 4x330ml,2024-08-17T07:44:16.435561-04:00
68-855-DRI,Highland Spring Still Water 750ml,Highland,Drinks,Water,Still water,750ML,£1.50,,£1.00,20p / 100ml,7972875,Still Spring Water.,,https://assets.sainsburys-groceries.co.uk/gol/7972875/1/640x640.jpg,"Average analysis mg/l:
Bicarbonate 150
Nitrate (as NO3) 3.1
Sodium 5.6
Sulphate 5.3
Dry residue at 180°C 170
pH 7.8",,https://www.sainsburys.co.uk/gol-ui/product/highland-spring-still-spring-water-750ml,,2024-08-17T07:44:28.584070-04:00
68-856-DRI,Volvic Touch of Fruit Lemon & Lime Flavoured Water 1.5L,Volvic,Drinks,Special offers,,1.5L,£1.40,,£1.00,9p / 100ml,6608139,Still Natural Mineral Water Flavoured Drink with Sugar and Sweetener.,100 ml,https://assets.sainsburys-groceries.co.uk/gol/6608139/1/640x640.jpg,"Per 100 ml Per Serving 250 ml % RI* (250 ml)
Energy 43 kJ 107 kJ 1%
10 kcal 26 kcal 1%
Fat 0 g 0 g 0%
Of which Saturates 0 g 0 g 0%
Carbohydrate 2.3 g 5.8 g 2%
Of which Sugars 2.3 g 5.8 g 6%
Protein 0 g 0 g 0%
Salt <0.01 g <0.01 g 0%
*RI = Reference intake of an average adult (8400 kJ/ 2000 kcal)
This bottle contains 6 servings of 250ml","Volvic Natural Mineral Water (97.4%), Sugar (2.3%), Acid (Citric Acid), Natural Lemon and Lime Flavouring with other Natural Flavourings, Preservative (Potassium Benzoate), Sweetener (Steviol Glycosides from Stevia), Natural Flavouring",https://www.sainsburys.co.uk/gol-ui/product/volvic-touch-of-fruit-original-lemon---lime-15l,,2024-08-17T07:44:35.216373-04:00
68-857-DRI,San Pellegrino Essenza Sparkling Water Tangerine & Strawberry 4x330ml,San,Drinks,Mixers & adult soft drinks,Adult soft drinks,330ML,£3.50,4 for £3.50,£3.00,27p / 100ml,8188417,Infused with Tangerine & Wild Strawberry Natural Flavourings,,https://assets.sainsburys-groceries.co.uk/gol/8188417/1/640x640.jpg,"Per 100 ml Per Can
Energy 4 kJ 14 kJ
1 kcal 3 kcal
Carbohydrate 0 g 0 g
of which:
Sugars 0 g 0 g
Contains Negligible Amounts of Fat, Saturates, Protein and Salt
1 Can = 1 Serving
Cluster Contains 4 Servings","Natural Mineral Water, Carbon Dioxide, Natural Tangerine Flavouring with Other Natural Flavourings, Natural Wild Strawberry Flavouring with Other Natural Flavourings",https://www.sainsburys.co.uk/gol-ui/product/san-pellegrino-essenza-tangerine-strawberry-sparkling-water-4x330ml,4 x 4x330ml,2024-08-17T07:44:42.018853-04:00
68-858-DRI,Vita Coco Coconut Water 4x330ml,Vita,Drinks,Fruit juice & drinks,Coconut water,330ML,£4.80,4 for £4.80,£4.00,36p / 100ml,7701656,Coconut Water,,https://assets.sainsburys-groceries.co.uk/gol/7701656/1/640x640.jpg,"per 100ml:
Energy 77kJ (18kcal)
Fat 0g
(of which saturates 0g)
Carbohydrate 4.5g
(of which sugars 4g)
Protein 0g
Salt 0.04g
*: Reference Intake","Coconut Water (99%), Fructose (<1%), Vitamin C",https://www.sainsburys.co.uk/gol-ui/product/vita-coco-coconut-water-4x330ml,4 x 4x330ml,2024-08-17T07:44:48.872411-04:00
68-859-DRI,Volvic Touch of Fruit Sugar Free Kiwi & Lime Flavoured Water 1.5L,Volvic,Drinks,Special offers,,1.5L,£1.40,,£1.00,9p / 100ml,8154192,Still Natural Mineral Water Flavoured Drink with Sweeteners.,100 ml,https://assets.sainsburys-groceries.co.uk/gol/8154192/1/640x640.jpg,"Per 100 ml Per Serving 250 ml % RI* (250 ml)
Energy 2 kJ 6 kJ 0%
1 kcal 1 kcal 0%
Fat 0 g 0 g 0%
Of which Saturates 0 g 0 g 0%
Carbohydrate 0 g 0 g 0%
Of which Sugars 0 g 0 g 0%
Protein 0 g 0 g 0%
Salt <0.01 g <0.01 g 0%
*RI = Reference intake of an average adult (8400 kJ/ 2000 kcal)
This Bottle Contains 6 Servings of 250 ml","Volvic Natural Mineral Water (99.8%), Acid (Citric Acid), Natural Lemon and Lime Flavouring with other Natural Flavourings, Preservative (Potassium Benzoate), Natural Kiwi Flavouring with other Natural Flavourings, Sweeteners (Acesulfame K, Sucralose)",https://www.sainsburys.co.uk/gol-ui/product/volvic-touch-of-fruit-kiwi-lime-15l,,2024-08-17T07:44:55.636222-04:00
68-860-DRI,Capri-Sun Jungle 8x200ml,Capri-Sun,Drinks,Special offers,,200ML,£3.00,8 for £3.00,£2.50,19p / 100ml,8158751,Fruit Juice Drink with Sugar and Sweetener,,https://assets.sainsburys-groceries.co.uk/gol/8158751/1/640x640.jpg,"100ml: 200ml
Energy 82kJ/
19kcal 164kJ/
38kcal
Carbohydrate 4.4g 8.8g
of which sugars 4.4g 8.8g
Fat, saturates, protein, salt - negligible amount","Water, Fruit Juices from Concentrate 9.5% (Lemon 4.7%, Orange 4.2%, Pineapple 0.5%, Passion Fruit 0.1%), Sugar, Guava Puree 0.5%, Natural Flavouring, Sweetener (Steviol Glycosides from Stevia), Antioxidant (Ascorbic Acid)",https://www.sainsburys.co.uk/gol-ui/product/capri-sun-jungle-8x200ml,8 x 8x200ml,2024-08-17T07:45:02.490843-04:00
68-861-DRI,Capri-Sun Orange 8 x 200ml,Capri-Sun,Drinks,Juice & smoothies,All juice & smoothies,200ML,£3.00,,£2.50,19p / 100ml,7987553,Fruit Juice Drink with Sugar and Sweetener,,https://assets.sainsburys-groceries.co.uk/gol/7987553/1/640x640.jpg,"per 100ml: per 200ml: (%¹):
Energy: 81kJ 162kJ -
: 19kcal 38kcal 2%
Carbohydrate: 4.4g 8.8g 3%
of which sugars: 4.4g 8.8g 10%
Fat, saturates, protein, salt - negligible amount
¹Reference intake of an average adult (8400kJ/2000kcal)","Water, Fruit Juices from Concentrate 10% (Orange 6%, Lemon 4%), Sugar, Natural Orange Flavouring with other Natural Flavourings, Sweetener (Steviol Glycosides), Antioxidant (Ascorbic Acid), Sweetener from a Natural Source",https://www.sainsburys.co.uk/gol-ui/product/capri-sun-orange-8-x-200ml,,2024-08-17T07:45:09.962147-04:00
68-862-DRI,Capri-Sun Tropical 8 x 200ml,Capri-Sun,Drinks,Juice & smoothies,All juice & smoothies,200ML,£3.00,,£2.50,19p / 100ml,7987505,Fruit Juice Drink with Sugar and Sweetener,,https://assets.sainsburys-groceries.co.uk/gol/7987505/1/640x640.jpg,"per 100ml: per 200ml
Energy 81kJ /
19kcal 162kJ /
38kcal
Carbohydrate 4.4g 8.8g
of which sugars 4.4g 8.8g
Fat, saturates, protein, salt - negligible amount","Water, Fruit Juices from Concentrate 10% (Lemon 4%, Orange 3.5%, Apple 1%, Pineapple 1%, Passion Fruit 0.5%), Sugar, Natural Flavouring, Sweetener (Steviol Glycosides from Stevia), Antioxidant (Ascorbic Acid), Sweetener from a Natural Source",https://www.sainsburys.co.uk/gol-ui/product/capri-sun-tropical-8-x-200ml,,2024-08-17T07:45:17.411753-04:00
68-863-DRI,Sainsbury's Pure Apple Juice 6x200ml,Sainsbury's,Drinks,Juice & smoothies,All juice & smoothies,200ML,£2.00,6 for £2.00,£2.50,17p / 100ml,6611608,Apple juice from concentrate,,https://assets.sainsburys-groceries.co.uk/gol/6611608/1/640x640.jpg,"Typical Values per 100ml  Per carton  % based on RI for Average Adult
Energy 193kJ 387kJ -
46kcal 91kcal 5%
Fat <0.5g <0.5g 1%
Saturates <0.1g <0.1g -
Carbohydrate 10.5g 21.0g 8%
Sugars 9.2g 18.4g 20%
Starch 1.3g 2.6g -
Fibre <0.5g <0.5g -
Protein <0.5g <0.5g -
Salt 0.06g 0.13g 2%",,https://www.sainsburys.co.uk/gol-ui/product/sainsburys-pure-apple-juice-6x200ml,6 x 6x200ml,2024-08-17T07:45:29.969301-04:00
68-864-DRI,Happy Monkey Strawberry & Banana Kids Smoothie 4x180ml,Happy,Drinks,Fruit juice & drinks,All fruit juice & smoothies,180ML,£2.30,4 for £2.30,£2.00,32p / 100ml,7006875,Happy monkey smoothies are made from a blend of crushed fruit and fruit juice from concentrate.,,https://assets.sainsburys-groceries.co.uk/gol/7006875/1/640x640.jpg,"Per 100ml
Energy 228kJ/
(54kcal)
Fat trace
of which saturates trace
Carbohydrates 13.2g
of which sugars* 12.7g
Fibre 0.3g
Protein 0.2g
Salt trace
*Naturally found in fruit juice","Apple Juice from Concentrate, Banana Puree (12%), Crushed Strawberries (2%), Crushed Raspberries, Natural Flavour",https://www.sainsburys.co.uk/gol-ui/product/happy-monkey-strawberry---banana-kids-smoothie-4x180ml,4 x 4x180ml,2024-08-17T07:45:37.946733-04:00
68-865-DRI,Sainsbury's Pure Orange Juice 6x200ml,Sainsbury's,Drinks,Juice & smoothies,All juice & smoothies,200ML,£2.50,6 for £2.50,£2.50,21p / 100ml,6611619,Orange juice from concentrate,,https://assets.sainsburys-groceries.co.uk/gol/6611619/1/640x640.jpg,"Typical Values per 100ml  Per carton  % based on RI for Average Adult
Energy 176kJ 353kJ -
42kcal 83kcal 4%
Fat <0.5g <0.5g 1%
Saturates <0.1g <0.1g -
Mono-unsaturates <0.1g <0.1g -
Polyunsaturates <0.1g <0.1g -
Carbohydrate 8.6g 17.1g 7%
Sugars 8.0g 16.0g 18%
Starch 0.6g 1.1g -
Fibre <0.5g <0.5g -
Protein 0.6g 1.3g 3%
Salt 0.08g 0.15g 3%",,https://www.sainsburys.co.uk/gol-ui/product/sainsburys-pure-orange-juice-6x200ml,6 x 6x200ml,2024-08-17T07:45:50.486702-04:00
68-866-DRI,"innocent Kids Strawberries, Raspberries & Apples Smoothies 4x150ml",innocent,Drinks,Dairy & chilled essentials,,150ML,£3.60,4 for £3.60,£2.00,60p / 100ml,8013061,"This innocent smoothie is a blend of whole crushed fruit, pure fruit juices and nothing else.",,https://assets.sainsburys-groceries.co.uk/gol/8013061/1/640x640.jpg,"per: 100ml per: 150ml
Energy 210kJ 315kJ
50kcal 74kcal
Fat <0.5g <0.5g
(of which saturates) <0.1g 0.2g
Carbohydrate 12g 18g
(of which sugars) 10g 15g
Fibre 0.6g 0.8g
Protein <0.5g 0.8g
Salt <0.01g <0.01g
* % Reference Intake of adults
Contains only sugars found naturally in fruit
150ml = 1 serving
4 servings in this pack","1/2 of a Pressed Apple (47%), 1/3 of a Squeezed Orange, 1/3 of a Mashed Banana**, 3 Pressed Grapes, 3/4 of a Crushed Strawberry (5.5%), 1 Crushed Blackberry, A Crushed Raspberry (1.6%), **Rainforest Alliance Certified",https://www.sainsburys.co.uk/gol-ui/product/innocent-kids-strawberry-raspb-4x150ml,4 x 4x150ml,2024-08-17T07:45:57.776911-04:00
68-867-DRI,"innocent Kids Strawberries, Kiwis & Apples Super Smoothies with Vitamins & Iron 4x150ml",innocent,Drinks,Fruit juice & drinks,All fruit juice & smoothies,150ML,£4.10,4 for £4.10,£2.50,68p / 100ml,8027508,"This innocent super smoothie is a blend of crushed fruit, pure fruit juices, vegetables and vitamin C, with added vitamin D and iron and absolutely nothing else.",,https://assets.sainsburys-groceries.co.uk/gol/8027508/1/640x640.jpg,"per: 100ml per: 150ml
Energy 194kJ 291kJ
46kcal 69kcal
Fat 0g 0g
of which saturates 0g 0g
Carbohydrate 10g 16g
of which sugars 9.4g 14g
Fibre 0.96g 1.4g
Protein 0.5g 0.74g
Salt 0.01g 0.02g
150ml = 1 serving
4 servings in this pack
Contains naturally occurring sugars from fruit & vegetables
*% Reference Intake of adults","1/2 of a Pressed Apple (45%), 1/3 of a Pressed Carrot, 1 Crushed Strawberry (12%), 1/4 of a Crushed Kiwi (12%), 1/4 of a Mashed Banana**, A splash of Squeezed Orange, A splash of Pressed Beetroot, Some Vitamin D and Iron, **Rainforest Alliance Certified",https://www.sainsburys.co.uk/gol-ui/product/innocent-kids-super-smoothie-strawberry-burstx4,4 x 4x150ml,2024-08-17T07:46:05.400943-04:00
68-868-DRI,Happy Monkey Orange & Mango Kids Smoothie 4x180ml,Happy,Drinks,Fruit juice & drinks,All fruit juice & smoothies,180ML,£2.30,4 for £2.30,£2.50,32p / 100ml,7009646,Happy monkey smoothies are made from a Blend of Crushed fruit and fruit juice from concentrate.,,https://assets.sainsburys-groceries.co.uk/gol/7009646/1/640x640.jpg,"Per 100ml RI*
Energy 228kJ/
(54kCal) 3%
Fat trace <1%
of which saturates trace <1%
Carbohydrates 12.6g 5%
of which sugars* 12.1g 4.5%
Fibre 0.3g 1.2%
Protein 0.2g <1%
Salt trace <0.01%
-16% RI (Per 100ml) 29% RI (Per 180ml)
*Naturally found in fruit juice
RI's *Reference intake of an average adult 8400kj/2000kcal","Orange Juice from Concentrate (43%), Apple Juice from Concentrate, Crushed Banana, Mango Juice from Concentrate (1%), Pineapple Juice from Concentrate, Natural Flavour",https://www.sainsburys.co.uk/gol-ui/product/happy-monkey-orange---mango-kids-smoothie-4x180ml,4 x 4x180ml,2024-08-17T07:46:13.395374-04:00
68-869-DRI,"Innocent Kids Oranges, Mangoes & Pineapples Smoothies 4x150ml",Innocent,Drinks,Fruit juice & drinks,All fruit juice & smoothies,150ML,£3.60,4 for £3.60,£2.00,60p / 100ml,8013053,"This Innocent smoothie is a blend of whole crushed fruit, pure fruit juices and nothing else.",,https://assets.sainsburys-groceries.co.uk/gol/8013053/1/640x640.jpg,"per: 100ml per: 150ml
Energy 230kJ 345kJ
54kcal 81kcal
Fat <0.5g <0.5g
(of which saturates) <0.1g 0.2g
Carbohydrate 13g 19g
(of which sugars) 11g 17g
Fibre 0.8g 1.2g
Protein 0.7g 1g
Salt <0.01g <0.01g
* % Reference Intake of adults
Contains only sugars found naturally in fruit
150ml = 1 serving
4 servings in this pack","1 Squeezed Orange (51%), A Slice of Pressed Pineapple (26%), 1/3 of a Mashed Banana**, A Chunk of Crushed Mango (1.8%), Some Crushed Peach, **Rainforest Alliance Certified",https://www.sainsburys.co.uk/gol-ui/product/innocent-kids-orange-mango-4x150ml,4 x 4x150ml,2024-08-17T07:46:20.628587-04:00
68-870-DRI,Sainsbury's Pure Apple Juice 3x200ml,Sainsbury's,Drinks,Juice & smoothies,All juice & smoothies,200ML,£1.15,3 for £1.15,£2.50,19p / 100ml,6006317,Apple juice from concentrate,,https://assets.sainsburys-groceries.co.uk/gol/6006317/1/640x640.jpg,"Typical Values per 100ml  Per carton  % based on RI for Average Adult
Energy 193kJ 387kJ -
46kcal 91kcal 5%
Fat <0.5g <0.5g 1%
Saturates <0.1g <0.1g -
Carbohydrate 10.5g 21.0g 8%
Sugars 9.2g 18.4g 20%
Starch 1.3g 2.6g -
Fibre <0.5g <0.5g -
Protein <0.5g <0.5g -
Salt 0.06g 0.13g 2%",,https://www.sainsburys.co.uk/gol-ui/product/sainsburys-pure-apple-juice-3x200ml,3 x 3x200ml,2024-08-17T07:46:33.591242-04:00
68-871-DRI,"innocent Kids Mangoes, Peaches & Apricots Super Smoothies with Vitamins & Iron 4x150ml",innocent,Drinks,Fruit juice & drinks,All fruit juice & smoothies,150ML,£4.10,4 for £4.10,£2.50,68p / 100ml,8027499,"This innocent super smoothie is a blend of crushed fruit, pure fruit juices, vegetables and vitamin C, with added vitamin D and iron and absolute nothing else.",,https://assets.sainsburys-groceries.co.uk/gol/8027499/1/640x640.jpg,"per: 100ml per: 150ml
Energy 206kJ 309kJ
49kcal 73kcal
Fat 0.25g 0.37g
of which saturates 0.07g 0.11g
Carbohydrate 11g 16g
of which sugars 9.4g 14g
Fibre 1g 1.6g
Protein 0.57g 0.86g
Salt 0.01g 0.02g
150ml = 1 serving
4 servings in this pack
Contains naturally occurring sugars from fruit & vegetables
*% Reference Intake of adults","1/3 of a Pressed Apple (28%), 1/3 of a Pressed Carrot, A Dash of Crushed Peach (16%), 1/3 of a Squeezed Orange, 1/5 of a Crushed Mango (12%), 1/5 of a Crushed Apricot (7%), A Dash of Mashed Banana**, A Chunk of Crushed Pumpkin, Some Vitamin D and Iron, **Rainforest Alliance Certified",https://www.sainsburys.co.uk/gol-ui/product/innocent-kids-super-smoothie-mango-fandango-x4,4 x 4x150ml,2024-08-17T07:46:41.447228-04:00
68-872-DRI,"innocent Kids Strawberries, Raspberries & Apples Smoothies 10x150ml",innocent,Drinks,Fruit juice & drinks,All fruit juice & smoothies,150ML,£6.00,10 for £6.00,£2.00,40p / 100ml,8012636,"This innocent smoothie is a blend of whole crushed fruit, pure fruit juices and nothing else",,https://assets.sainsburys-groceries.co.uk/gol/8012636/1/640x640.jpg,"per: 100ml per: 150ml
Energy 210kJ 315kJ
50kcal 74kcal
Fat <0.5g <0.5g
(of which saturates) <0.1g 0.2g
Carbohydrate 12g 18g
(of which sugars) 10g 15g
Fibre 0.6g 0.8g
Protein <0.5g 0.8g
Salt <0.01g <0.01g
* % Reference Intake of adults
Contains only sugars found naturally in fruit
150ml = 1 serving
10 servings in this pack","1/2 of a Pressed Apple (47%), 1/3 of a Squeezed Orange, 1/3 of a Mashed Banana**, 3 Pressed Grapes, 3/4 of a Crushed Strawberry (5.5%), 1 Crushed Blackberry, A Crushed Raspberry (1.6%), **Rainforest Alliance Certified",https://www.sainsburys.co.uk/gol-ui/product/innocent-kids-strwbrry-raspber10x150ml,10 x 10x150ml,2024-08-17T07:46:49.264433-04:00
68-873-DRI,innocent Kids Apples & Blackcurrants Smoothies 4x150ml,innocent,Drinks,Fruit juice & drinks,All fruit juice & smoothies,150ML,£3.60,4 for £3.60,£2.00,60p / 100ml,8013182,"This Innocent smoothie is a blend of whole crushed fruit, pure fruit juices and nothing else.",,https://assets.sainsburys-groceries.co.uk/gol/8013182/1/640x640.jpg,"per: 100ml per: 150ml
Energy 231kJ 346kJ
54kcal 81kcal
Fat <0.5g <0.5g
(of which saturates) <0.1g 0.2g
Carbohydrate 13g 20g
(of which sugars) 10g 15g
Fibre 0.6g 0.8g
Protein <0.5g 0.6g
Salt <0.01g <0.01g
* % Reference Intake of adults
Contains only sugars found naturally in frui
150ml = 1 serving
4 servings in this pack","1 Pressed Apple (70%), 1/3 of a Mashed Banana**, 4 Pressed Grapes, 8 Crushed Blackcurrants (4%), **Rainforest Alliance Certified",https://www.sainsburys.co.uk/gol-ui/product/innocent-kids-apple-blkcrrant-4x150ml,4 x 4x150ml,2024-08-17T07:46:56.576922-04:00
68-874-DRI,Fruit Shoot Orange Kids Juice Drink 8x200ml,Fruit,Drinks,Juice & smoothies,Kids juice & smoothies,200ML,£3.60,8 for £3.60,£2.50,23p / 100ml,7009570,Low Calorie Orange Soft Drink with Sweeteners.,,https://assets.sainsburys-groceries.co.uk/gol/7009570/1/640x640.jpg,"Per 100ml
Energy 26kJ/
6kcal
Carbohydrate 1.2g
of which sugars 1.2g
Salt 0.03g
Contains negligible amounts of fat, saturates and protein","Water, Orange Juice from Concentrate (12%), Acid (Citric Acid), Carrot and Apple Concentrates, Acidity Regulator (Sodium Citrate), Antioxidant (Ascorbic Acid), Sweeteners (Sucralose, Acesulfame K), Natural Flavouring",https://www.sainsburys.co.uk/gol-ui/product/robinsons-fruit-shoot-orange--low-sugar-8x200ml,8 x 8x200ml,2024-08-17T07:47:04.370972-04:00
68-875-DRI,Sainsbury's Pure Orange Juice 3x200ml,Sainsbury's,Drinks,Juice & smoothies,All juice & smoothies,200ML,£1.25,3 for £1.25,£2.50,21p / 100ml,6006313,Orange juice from concentrate,,https://assets.sainsburys-groceries.co.uk/gol/6006313/1/640x640.jpg,"Typical Values per 100ml  Per carton  % based on RI for Average Adult
Energy 176kJ 353kJ -
42kcal 83kcal 4%
Fat <0.5g <0.5g 1%
Saturates <0.1g <0.1g -
Mono-unsaturates <0.1g <0.1g -
Polyunsaturates <0.1g <0.1g -
Carbohydrate 8.6g 17.1g 7%
Sugars 8.0g 16.0g 18%
Starch 0.6g 1.1g -
Fibre <0.5g <0.5g -
Protein 0.6g 1.3g 3%
Salt 0.08g 0.15g 3%",,https://www.sainsburys.co.uk/gol-ui/product/sainsburys-pure-orange-juice-3x200ml,3 x 3x200ml,2024-08-17T07:47:17.525059-04:00
68-876-DRI,Sainsbury's No Added Sugar Fruit Slurps Summer Fruits Juice Drink 6x250ml,Sainsbury's,Drinks,Juice & smoothies,All juice & smoothies,250ML,£1.95,6 for £1.95,£2.50,13p / 100ml,7978533,Summer fruits juice drink from concentrate with sweetener,,https://assets.sainsburys-groceries.co.uk/gol/7978533/1/640x640.jpg,"Typical Values Per 100ml  per bottle  % based on RI for Average Adult
Energy 18kJ 44kJ -
4kcal 10kcal 1%
Fat <0.5g <0.5g -
Saturates <0.1g <0.1g -
Carbohydrate 0.8g 2.0g 1%
Sugars 0.7g 1.8g 2%
Fibre <0.5g <0.5g -
Protein <0.5g <0.5g -
Salt 0.06g 0.15g 3%",,https://www.sainsburys.co.uk/gol-ui/product/sainsburys-no-added-sugar-fruit-slurps-summerfruits-juice-drink-6x250ml,6 x 6x250ml,2024-08-17T07:47:30.189607-04:00
68-877-DRI,Robinsons Mini Apple & Blackcurrant On the Go Squash 66ml,Robinsons,Drinks,Vegan,All vegan,66ML,£2.25,,£2.50,£3.41 / 100ml,7685502,Highly Concentrated Low Calorie Apple and Blackcurrant Soft Drink with Sweeteners. Made with Real Juice.,,https://assets.sainsburys-groceries.co.uk/gol/7685502/1/640x640.jpg,"per 100ml Diluted:
Energy 4kJ/
0.9kcal
Salt 0.04g
Contains negligible amounts of fat, saturates, carbohydrate, sugars and protein","Water, Fruit Juices from Concentrate (Apple 34%, Blackcurrant 4%), Acids (Citric Acid, Malic Acid), Acidity Regulator (Sodium Citrate), Concentrates (Carrot, Apple, Blueberry, Hibiscus), Sweeteners (Acesulfame K, Sucralose), Natural Flavouring, Preservatives (Potassium Sorbate, Sodium Metabisulphite)",https://www.sainsburys.co.uk/gol-ui/product/robinsons-squash-apple---blackcurrent-66ml,,2024-08-17T07:47:38.161422-04:00
68-878-DRI,"Innocent Kids Peaches, Passion Fruits & Oranges Smoothies 4x150ml",Innocent,Drinks,Fruit juice & drinks,All fruit juice & smoothies,150ML,£3.60,4 for £3.60,£2.00,60p / 100ml,8013187,"This innocent smoothie is a blend of whole crushed fruit, pure fruit juices and nothing else.",,https://assets.sainsburys-groceries.co.uk/gol/8013187/1/640x640.jpg,"per: 100ml per: 150ml
Energy 250kJ 375kJ
59kcal 88kcal
Fat <0.5g <0.5g
(of which saturates) <0.1g 0.2g
Carbohydrate 14g 21g
(of which sugars) 12g 18g
Fibre <0.5g 0.7g
Protein 0.7g 1g
Salt <0.01g <0.01g
* % Reference Intake of adults
Contains only sugars found naturally in fruit
150ml = 1 serving
10 servings in this pack","14 Pressed Grapes, 1/2 of a Squeezed Orange (35%), A Slice of Crushed Peach (15%), 1/4 of a Mashed Banana**, A Dash of Passion Fruit (1.5%), **Rainforest Alliance Certified",https://www.sainsburys.co.uk/gol-ui/product/innocent-kids-peach-pssn-fruit-4x150ml,4 x 4x150ml,2024-08-17T07:47:45.532329-04:00
68-879-DRI,"innocent Kids Cherries, Strawberries & Apples Smoothies 4x150ml",innocent,Drinks,Fruit juice & drinks,All fruit juice & smoothies,150ML,£3.60,4 for £3.60,£2.00,60p / 100ml,8013219,"This innocent smoothie is a blend of whole crushed fruit, pure fruit juices and nothing else.",,https://assets.sainsburys-groceries.co.uk/gol/8013219/1/640x640.jpg,"per: 100ml per: 150ml
Energy 204kJ 306kJ
48kcal 72kcal
Fat <0.5g <0.5g
(of which saturates) <0.1g 0.2g
Carbohydrate 11g 17g
(of which sugars) 9.8g 15g
Fibre 1.3g 1.9g
Protein <0.5g 0.6g
Salt <0.01g <0.01g
* % Reference Intake of adults
Contains only sugars found naturally in fruit
150ml = 1 serving
4 servings in this pack","3/4 of a Pressed Apple (59%), 5 Pressed Grapes, 2 Crushed Strawberries (11%), 1/5 of a Mashed Banana**, 3 Crushed Cherries (6.5%), **Rainforest Alliance Certified",https://www.sainsburys.co.uk/gol-ui/product/innocent-kids-cherry-strwberry4x150ml,4 x 4x150ml,2024-08-17T07:47:52.689557-04:00
68-880-DRI,Cawston Press Apple & Pear Juice 3x200ml,Cawston,Drinks,Juice & smoothies,All juice & smoothies,200ML,£2.25,3 for £2.25,£2.50,38p / 100ml,7549268,Apple & pear juice drink,,https://assets.sainsburys-groceries.co.uk/gol/7549268/1/640x640.jpg,"Per 100ml
Energy 117kJ/
27kcal
Fat < 0.1g
of which saturates 0.0g
Carbohydrate 6.4g
of which sugars** 6.4g
Protein 0.1g
Salt 0.0g
*Nutrient reference values
**Naturally occurring sugar from fruit","54% Pressed Apple Juice, Still Water, 6% Pear Puree, Antioxidant: Vitamin C (Ascorbic Acid)",https://www.sainsburys.co.uk/gol-ui/product/cawston-press-kids-blend-apple---pear-juice-3x200ml,3 x 3x200ml,2024-08-17T07:48:00.491676-04:00
68-881-DRI,Robinsons Mini Passion Fruit & Mango On The Go Squash 66ml,Robinsons,Drinks,Vegan,All vegan,66ML,£2.25,,£2.50,£3.41 / 100ml,7811654,Highly Concentrated Low Calorie Passion Fruit and Mango Soft Drink with Sweeteners. Made with real juice.,,https://assets.sainsburys-groceries.co.uk/gol/7811654/1/640x640.jpg,"per 100ml Diluted:
Energy 4kJ/
0.9kcal
Salt 0.03g
Contains negligible amounts of fat, saturates, carbohydrate, sugars and protein","Water, Fruit Juices from Concentrate (Passion Fruit 23%, Mango 15%), Acid (Citric Acid), Acidity Regulator (Sodium Citrate), Sweeteners (Sucralose, Acesulfame K), Natural Flavouring, Natural Colour (Carotenes), Preservatives (Potassium Sorbate, Sodium Metabisulphite)",https://www.sainsburys.co.uk/gol-ui/product/robinsons-squashd-passion-fruit---mango--no-added-sugar-66ml,,2024-08-17T07:48:08.284606-04:00
68-882-DRI,"Innocent Kids Oranges, Mangoes & Pineapples Smoothies 10x150ml",Innocent,Drinks,Fruit juice & drinks,All fruit juice & smoothies,150ML,£6.00,10 for £6.00,£2.00,40p / 100ml,8012579,"This innocent smoothie is a blend of whole crushed fruit, pure fruit juices and nothing else",,https://assets.sainsburys-groceries.co.uk/gol/8012579/1/640x640.jpg,"per: 100ml per: 150ml
Energy 230kJ 345kJ
54kcal 81kcal
Fat <0.5g <0.5g
(of which saturates) <0.1g 0.2g
Carbohydrate 13g 19g
(of which sugars) 11g 17g
Fibre 0.8g 1.2g
Protein 0.7g 1g
Salt <0.01g <0.01g
* % Reference Intake of adults
Contains only sugars found naturally in fruit
150ml = 1 serving
10 servings in this pack","1 Squeezed Orange (51%), A Slice of Pressed Pineapple (26%), 1/3 of a Mashed Banana**, A Chunk of Crushed Mango (1.8%), Some Crushed Peach, **Rainforest Alliance Certified",https://www.sainsburys.co.uk/gol-ui/product/innocent-kids-orange-mango-10x150ml,10 x 10x150ml,2024-08-17T07:48:15.970089-04:00
68-883-DRI,Sainsbury's Pure Pineapple Juice 3x200ml,Sainsbury's,Drinks,Juice & smoothies,All juice & smoothies,200ML,£1.25,3 for £1.25,£2.50,21p / 100ml,6006319,Pineapple juice from concentrate,,https://assets.sainsburys-groceries.co.uk/gol/6006319/1/640x640.jpg,"Typical Values Per 100ml  Per carton  % based on RI for Average Adult
Energy 212kJ 425kJ -
50kcal 100kcal 5%
Fat <0.5g <0.5g Less than 1%
Saturates 0g 0g -
Carbohydrate 11.4g 22.8g 9%
Sugars 10.7g 21.4g 24%
Starch 0.7g 1.4g -
Fibre <0.5g <0.5g -
Protein <0.5g 0.5g 1%
Salt 0.07g 0.13g 2%",,https://www.sainsburys.co.uk/gol-ui/product/sainsburys-pure-pineapple-juice-3x200ml,3 x 3x200ml,2024-08-17T07:48:28.231294-04:00
68-884-DRI,Sainsbury's No Added Sugar Fruit Slurps Orange & Pineapple Flavoured 6x250ml,Sainsbury's,Drinks,Juice & smoothies,All juice & smoothies,250ML,£1.95,6 for £1.95,£2.50,13p / 100ml,7978542,No added sugar orange & pineapple flavoured water soft drink with sweeteners,,https://assets.sainsburys-groceries.co.uk/gol/7978542/1/640x640.jpg,"Typical Values Per 100ml  per bottle  % based on RI for Average Adult
Energy <4.2kJkJ 7kJ -
<1kcalkcal 2kcal -
Fat <0.5g <0.5g -
Saturates <0.1g <0.1g -
Carbohydrate <0.5g <0.5g -
Sugars <0.5g <0.5g -
Fibre <0.5g <0.5g -
Protein <0.5g <0.5g -
Salt 0.04g 0.09g 2%",,https://www.sainsburys.co.uk/gol-ui/product/sainsburys-no-added-sugar-fruit-slurps-orange-pineapple-flavoured-6x250ml,6 x 6x250ml,2024-08-17T07:48:40.763493-04:00
68-885-DRI,Fruit Shoot Summer Fruits Kids Juice Drink 8x200ml,Fruit,Drinks,Juice & smoothies,Kids juice & smoothies,200ML,£3.60,8 for £3.60,£2.50,23p / 100ml,7009553,Low Calorie Summer Fruits Soft Drink with Sweeteners.,,https://assets.sainsburys-groceries.co.uk/gol/7009553/1/640x640.jpg,"Per 100ml
Energy 18kJ/
4kcal
Carbohydrate 0.7g
of which sugars 0.7g
Salt 0.04g
Contains negligible amounts of fat, saturates and protein","Water, Fruit Juices from Concentrate (Apple 5%, Strawberry 2%, Raspberry 1%), Acid (Citric Acid), Natural Strawberry Flavouring with other Natural Flavourings, Acidity Regulator (Sodium Citrate), Concentrates (Sweet Potato, Safflower, Carrot, Lemon), Antioxidant (Ascorbic Acid), Sweeteners (Acesulfame K, Sucralose)",https://www.sainsburys.co.uk/gol-ui/product/robinsons-fruit-shoot-summer-fruits--low-sugar-8x200ml,8 x 8x200ml,2024-08-17T07:48:48.485678-04:00
68-886-DRI,Sainsbury's No Added Sugar Fruit Slurps Orange Juice Drink 6 x 250ml,Sainsbury's,Drinks,,,250ML,£1.95,,£2.50,13p / 100ml,7978539,Orange juice drink from concentrate with sweetener,,https://assets.sainsburys-groceries.co.uk/gol/7978539/1/640x640.jpg,"Typical Values per 100ml  Per bottle  % based on RI for Average Adult
Energy 16kJ 40kJ -
4kcal 9kcal -
Fat <0.5g <0.5g -
Saturates <0.1g <0.1g -
Carbohydrate 0.7g 1.8g 1%
Sugars 0.7g 1.8g 2%
Fibre <0.5g <0.5g -
Protein <0.5g <0.5g -
Salt 0.02g 0.04g 1%",,https://www.sainsburys.co.uk/gol-ui/product/sainsburys-no-added-sugar-fruit-slurps-orange-juice-drink-6-x-250ml,,2024-08-17T07:49:06.275968-04:00
68-887-DRI,Fruit Shoot Apple & Blackcurrant Kids Juice Drink 8x200ml,Fruit,Drinks,Juice & smoothies,Kids juice & smoothies,200ML,£3.60,8 for £3.60,£2.50,23p / 100ml,3451243,Low Calorie Apple and Blackcurrant Soft Drink with Sweeteners.,,https://assets.sainsburys-groceries.co.uk/gol/3451243/1/640x640.jpg,"Per 100ml
Energy 18kJ/
4kcal
Carbohydrate 0.8g
of which sugars 0.7g
Salt 0.03g
Contains negligible amounts of fat, saturates and protein","Water, Fruit Juices from Concentrate (Apple 6%, Blackcurrant 2%), Acid (Citric Acid), Natural Flavourings, Acidity Regulator (Sodium Citrate), Carrot and Blueberry Concentrate, Antioxidant (Ascorbic Acid), Sweeteners (Acesulfame K, Sucralose)",https://www.sainsburys.co.uk/gol-ui/product/robinsons-fruit-shoot-apple---blackcurrant--no-added-sugar-8x200ml,8 x 8x200ml,2024-08-17T07:49:14.079054-04:00
68-888-DRI,"Sainsbury's Pure Apple Juice, SO Organic 3x200ml",Sainsbury's,Drinks,Organic,All organic,200ML,£1.50,3 for £1.50,£2.50,25p / 100ml,1349009,Organic apple juice,,https://assets.sainsburys-groceries.co.uk/gol/1349009/1/640x640.jpg,"Typical Values per 100ml  Per carton  % based on RI for Average Adult
Energy 197kJ 393kJ -
46kcal 93kcal 5%
Fat <0.5g <0.5g 1%
Saturates <0.1g <0.1g -
Carbohydrate 10.7g 21.4g 8%
Sugars 8.9g 17.8g 20%
Starch 1.8g 3.6g -
Fibre <0.5g <0.5g -
Protein <0.5g <0.5g -
Salt 0.05g 0.11g 2%",,https://www.sainsburys.co.uk/gol-ui/product/sainsburys-apple-juice--so-organic-3x200ml,3 x 3x200ml,2024-08-17T07:49:27.213140-04:00
68-889-DRI,Sainsbury's No Added Sugar Tropical Juice Drink from Concentrate 3× 200ml,Sainsbury's,Drinks,Juice & smoothies,All juice & smoothies,200ML,£1.00,,£2.50,17p / 100ml,7892958,No added sugar tropical juice drink from concentrate with sweeteners,,https://assets.sainsburys-groceries.co.uk/gol/7892958/1/640x640.jpg,"Typical Values per 100ml  Per carton  % based on RI for Average Adult
Energy 37kJ 74kJ -
9kcal 17kcal 1%
Fat <0.5g <0.5g -
Saturates <0.1g <0.1g -
Mono-unsaturates <0.1g <0.1g -
Polyunsaturates <0.1g <0.1g -
Carbohydrate 1.8g 3.6g 1%
Sugars 1.3g 2.5g 3%
Starch 0.5g 1.0g -
Fibre <0.5g <0.5g -
Protein <0.5g <0.5g -
Salt <0.01g 0.02g -",,https://www.sainsburys.co.uk/gol-ui/product/sainsburys-no-added-sugar-tropical-juice-drink-from-concentrate-3%C3%97-200ml,,2024-08-17T07:49:39.924229-04:00
68-890-DRI,Capri Sun Orange 15x200ml,Capri,Drinks,Juice & smoothies,All juice & smoothies,200ML,£5.00,15 for £5.00,£2.50,17p / 100ml,8007878,Fruit Juice Drink with Sugar and Sweetener,,https://assets.sainsburys-groceries.co.uk/gol/8007878/1/640x640.jpg,"per 100ml: per 200ml: (%¹):
Energy 81kJ/
, : 19kcal 162kJ, : 38kcal 2%
Carbohydrate 4.4g 8.8g 3%
of which sugars 4.4g 8.8g 10%
Fat, saturates, protein, salt - negligible amount
¹Reference intake of an average adult (8400kJ/2000kcal)","Water, Fruit Juices from Concentrate 10% (Orange 6%, Lemon 4%), Sugar, Natural Orange Flavouring with other Natural Flavourings, Sweetener (Steviol Glycosides), Antioxidant (Ascorbic Acid), Sweetener from a Natural Source",https://www.sainsburys.co.uk/gol-ui/product/capri-sun-orange-15pk,15 x 15x200ml,2024-08-17T07:49:48.272447-04:00
68-891-DRI,Tropicana Pure Smooth Orange Fruit Juice 300ml,Tropicana,Drinks,Fruit juice & drinks,Orange juice,300ML,£1.90,,,63p / 100ml,7736185,I'm 1 of Your 5 a Day!,,https://assets.sainsburys-groceries.co.uk/gol/7736185/1/640x640.jpg,"Per 100ml Per 150ml¹ (%*)
Energy 172 kJ 258 kJ -
40 kcal 61 kcal (3%)
Fat 0g 0g (0%)
of which
saturates 0g 0g (0%)
Carbohydrate 9.3g 14g -
of which
sugars² 8.6g 13g (14%)
Fibre 0g 0g -
Protein 0.8g 1.2g -
Salt 0g 0g (0%)
¹This pack contains 2 servings
²Contains naturally occurring sugars from juice
*Reference Intake of an average adult (8400kJ/2000kcal)",100% Orange Juice,https://www.sainsburys.co.uk/gol-ui/product/tropicana-smooth-orange-300ml,,2024-08-17T07:50:00.855499-04:00
68-892-DRI,Ribena Blackcurrant Juice Drink Cartons 6x250ml,Ribena,Drinks,Juice & smoothies,All juice & smoothies,250ML,£2.65,6 for £2.65,£2.50,18p / 100ml,7857650,Blackcurrant Juice Drink with sugar and sweeteners,,https://assets.sainsburys-groceries.co.uk/gol/7857650/1/640x640.jpg,"per 100ml %RI* per 250ml pack %RI*
Energy, kJ/kcal 82/
19 - 205/
48 -
Carbohydrate, g 4.4 - 11.0 -
of which sugars, g 4.3 - 10.7 -
Salt, g 0.06 - 0.14 -
Contains negligible amounts of - Fat, Saturates and Protein.
*RI = Reference Intake","Water, Blackcurrant Juice from Concentrate (6%), Sugar, Thickener (Polydextrose), Acidity Regulator (Sodium Gluconate), Vitamin C, Acid (Citric Acid), Natural Flavouring, Sweeteners (Acesulfame K, Sucralose)",https://www.sainsburys.co.uk/gol-ui/product/ribena-blackcurrant-6x250ml,6 x 6x250ml,2024-08-17T07:50:08.565341-04:00
68-893-DRI,Cawston Press Apple & Mango Juice 3x200ml,Cawston,Drinks,Juice & smoothies,All juice & smoothies,200ML,£2.25,3 for £2.25,£2.50,38p / 100ml,7549264,Apple & mango juice drink,,https://assets.sainsburys-groceries.co.uk/gol/7549264/1/640x640.jpg,"Per 100ml
Energy 113kJ/
27kcal
Fat <0.1g
of which saturates 0.0g
Carbohydrate 6.2g
of which sugars** 6.2g
Protein 0.1g
Salt 0.0g
*Nutrient reference values
**Naturally occurring sugar from fruit","52% Pressed Apple Juice, Still Water, 8% Mango Puree, Antioxidant: Vitamin C (Ascorbic Acid)",https://www.sainsburys.co.uk/gol-ui/product/cawston-press-the-original-apple---mango-juice-3x200ml,3 x 3x200ml,2024-08-17T07:50:16.670470-04:00
68-894-DRI,Robinsons Mini Summer Fruits On the Go Squash 66ml,Robinsons,Drinks,Vegan,All vegan,66ML,£2.25,,£2.50,£3.41 / 100ml,7685496,Highly Concentrated Low Calorie Summer Fruits Soft Drink with Sweeteners. Made with real juice.,,https://assets.sainsburys-groceries.co.uk/gol/7685496/1/640x640.jpg,"per 100ml Diluted:
Energy 5kJ/
1kcal
Salt 0.03g
Contains negligible amounts of fat, saturates, carbohydrate, sugars and protein","Fruit Juices from Concentrate (Apple 37%, Strawberry 1%, Plum 1%, Blackcurrant 1%, Cherry 0.6%), Water, Acid (Citric Acid), Natural Colour (Anthocyanins), Acidity Regulator (Sodium Citrate), Natural Flavouring, Sweeteners (Sucralose, Acesulfame K), Preservatives (Potassium Sorbate, Sodium Metabisulphite)",https://www.sainsburys.co.uk/gol-ui/product/robinsons-squash-summer-fruits-66ml,,2024-08-17T07:50:24.560353-04:00
68-895-DRI,Copella Cloudy Apple Fruit Juice 300ml,Copella,Drinks,Fruit juice & drinks,Apple juice,300ML,£1.85,,,62p / 100ml,7736199,Apple Juice,,https://assets.sainsburys-groceries.co.uk/gol/7736199/1/640x640.jpg,"per 100 ml per 150 ml (%*)
Energy 197kJ 296kJ
46kcal 69kcal (4%)
Fat 0g 0g (0%)
of which saturates 0g 0g (0%)
Carbohydrate 11g 16g
of which sugars¹ 10g 15g (17%)
Fibre 0.7g 1.1g
Protein 0.2g 0.3g
Salt 0g 0g (1%)
* Reference intake of an average adult (8400 kJ / 2000 kcal)
¹Contains naturally occurring sugars from juice
This pack contains 2 servings","Apple Juice, Antioxidant: Ascorbic Acid (Vitamin C)",https://www.sainsburys.co.uk/gol-ui/product/copella-apple-300ml,,2024-08-17T07:50:36.903708-04:00
68-896-DRI,Fruit Shoot Hydro Blackcurrant Kids Water Drink 8x200ml,Fruit,Drinks,Juice & smoothies,Kids juice & smoothies,200ML,£3.60,8 for £3.60,£2.50,16p / 100ml,7546136,Sugar Free Still Water Drink with Natural Blackcurrant Flavouring and Sweeteners.,,https://assets.sainsburys-groceries.co.uk/gol/7546136/1/640x640.jpg,"Per 100ml:
Energy 2kJ/
0.6kcal
Salt 0.01g
Contains negligible amounts of fat, saturates, carbohydrate, sugars and protein","Water, Acids (Malic Acid, Citric Acid), Natural Blackcurrant Flavouring with other Natural Flavourings, Acidity Regulator (Sodium Citrate), Sweeteners (Acesulfame K, Sucralose)",https://www.sainsburys.co.uk/gol-ui/product/robinsons-fruitshoot-hydro-juice-drink--blackcurrant-8x200ml,8 x 8x200ml,2024-08-17T07:50:44.926226-04:00
68-897-DRI,Fruit Shoot Apple Kids Juice Drink 8x200ml,Fruit,Drinks,Juice & smoothies,Kids juice & smoothies,200ML,£3.60,8 for £3.60,£2.50,23p / 100ml,6350300,Low Calorie Apple Soft Drink with Sweeteners.,,https://assets.sainsburys-groceries.co.uk/gol/6350300/1/640x640.jpg,"Per 100ml
Energy 22kJ/
5kcal
Carbohydrate 0.9g
of which sugars 0.8g
Salt 0.04g
Contains negligible amounts of fat, saturates and protein","Water, Apple Juice from Concentrate (8%), Acid (Malic Acid), Natural Apple Flavouring with other Natural Flavourings, Acidity Regulator (Sodium Citrate), Concentrates (Apple, Safflower, Hibiscus, Lemon), Sweeteners (Acesulfame K, Sucralose)",https://www.sainsburys.co.uk/gol-ui/product/robinsons-fruit-shoot-apple--low-sugar-8x200ml,8 x 8x200ml,2024-08-17T07:50:52.602917-04:00
68-898-DRI,"Sainsbury's Orange Juice Drink, SO Organic 3x200ml",Sainsbury's,Drinks,Organic,All organic,200ML,£1.60,3 for £1.60,£2.50,27p / 100ml,1349016,Organic orange juice,,https://assets.sainsburys-groceries.co.uk/gol/1349016/1/640x640.jpg,"Typical Values per 100ml  Per carton  % based on RI for Average Adult
Energy 187kJ 374kJ -
44kcal 88kcal 4%
Fat <0.5g <0.5g 1%
Saturates 0g 0g -
Mono-unsaturates 0g 0g -
Polyunsaturates <0.1g 0.2g -
Carbohydrate 9.6g 19.3g 7%
Sugars 8.4g 16.8g 19%
Starch 1.2g 2.5g -
Fibre <0.5g <0.5g -
Protein <0.5g 0.6g 1%
Salt 0.07g 0.14g 2%",,https://www.sainsburys.co.uk/gol-ui/product/sainsburys-orange-juice-drink--so-organic-3x200ml,3 x 3x200ml,2024-08-17T07:51:05.025720-04:00
68-899-DRI,Fruit Shoot Apple & Blackcurrant Kids Juice Drink 4x200ml,Fruit,Drinks,Juice & smoothies,Kids juice & smoothies,200ML,£2.00,4 for £2.00,£2.50,25p / 100ml,3451205,Low Calorie Apple and Blackcurrant Soft Drink with Sweeteners.,,https://assets.sainsburys-groceries.co.uk/gol/3451205/1/640x640.jpg,"Per 100ml
Energy 18kJ/
4kcal
Carbohydrate 0.8g
of which sugars 0.8g
Salt 0.03g
Contains negligible amounts of fat, saturates and protein","Water, Fruit Juices from Concentrate (Apple 6%, Blackcurrant 2%, Plum), Acid (Citric Acid), Natural Flavourings, Acidity Regulator (Sodium Citrate), Carrot and Blueberry Concentrate, Antioxidant (Ascorbic Acid), Sweeteners (Acesulfame K, Sucralose)",https://www.sainsburys.co.uk/gol-ui/product/robinsons-fruit-shoot-blackcurrant---apple--low-sugar-4x200ml,4 x 4x200ml,2024-08-17T07:51:12.792255-04:00
68-900-DRI,Robinsons Mini Orange On the Go Squash 66ml,Robinsons,Drinks,Vegan,All vegan,66ML,£2.25,,£2.50,£3.41 / 100ml,7827532,Highly Concentrated Low Calorie Orange Soft Drink with Sweeteners. Made with real Juice.,,https://assets.sainsburys-groceries.co.uk/gol/7827532/1/640x640.jpg,"per 100ml Diluted:
Energy 4kJ/
0.9kcal
Salt 0.04g
Contains negligible amounts of fat, saturates, carbohydrate, sugars and protein","Water, Orange Fruit from Concentrate (40%), Acid (Citric Acid), Acidity Regulator (Sodium Citrate), Natural Orange Flavouring with other Natural Flavourings, Sweeteners (Sucralose, Acesulfame K), Emulsifier (Glycerol Esters of Wood Rosins), Stabiliser (Sucrose Acetate Isobutyrate), Preservatives (Potassium Sorbate, Sodium Metabisulphite), Natural Colour (Carotenes)",https://www.sainsburys.co.uk/gol-ui/product/robinsons-squashd-orange-66ml,,2024-08-17T07:51:20.790739-04:00
68-901-DRI,Capri-Sun Blackcurrant 8 x 200ml,Capri-Sun,Drinks,Juice & smoothies,All juice & smoothies,200ML,£3.00,,£2.50,19p / 100ml,7987562,Fruit Juice Drink with Sugar and Sweetener,,https://assets.sainsburys-groceries.co.uk/gol/7987562/1/640x640.jpg,"per 100ml: per 200ml (%¹):
Energy: 82kJ/
19kcal 164kJ/
38kcal (2%)
Carbohydrate: 4.5g 9.0g (3%)
of which sugars: 4.5g 8.8g (10%)
Fat, saturates, protein, salt - negligible amount
¹)Reference intake of an average adult (8400kJ/2000kcal)","Water, Fruit Juices from Concentrate 10% (Blackcurrant 3.8%, Lemon 3.2%, Apple 3%), Sugar, Natural Flavouring, Sweetener (Steviol Glycosides from Stevia), Antioxidant (Ascorbic Acid)",https://www.sainsburys.co.uk/gol-ui/product/capri-sun-blackcurrant-8-x-200ml,,2024-08-17T07:51:28.100770-04:00
68-902-DRI,Ribena Blackcurrant Juice Drink 4x500ml,Ribena,Drinks,Fruit juice & drinks,All fruit juice & smoothies,500ML,£3.50,4 for £3.50,£2.50,18p / 100ml,7970547,Blackcurrant juice drink with sugar and sweeteners,,https://assets.sainsburys-groceries.co.uk/gol/7970547/1/640x640.jpg,"per 100ml %RI* per 250ml %RI*
Energy, kJ/kcal 89/
21 - 223/
52 -
Carbohydrate, g 4.8 - 11.9 -
of which sugars, g 4.6 - 11.6 -
Salt, g 0.06 - 0.14 -
Contains negligible amounts of - Fat, Saturates and Protein.
*RI = Reference Intake","Water, Blackcurrant Juice from Concentrate (6%), Sugar, Vitamin C, Thickener (Polydextrose), Acid (Citric Acid), Acidity Regulator (Sodium Gluconate), Extracts of (Carrot and Hibiscus), Flavourings, Sweeteners (Acesulfame K, Sucralose)",https://www.sainsburys.co.uk/gol-ui/product/ribena-blackcurrant-4-x-500ml-7970547-p,4 x 4x500ml,2024-08-17T07:51:36.252008-04:00
68-903-DRI,Ribena No Added Sugar Strawberry Juice Drink Cartons 6x250ml,Ribena,Drinks,Juice & smoothies,All juice & smoothies,250ML,£2.65,6 for £2.65,£2.50,18p / 100ml,7916694,No Added Sugar Strawberry Juice Drink with sweeteners,,https://assets.sainsburys-groceries.co.uk/gol/7916694/1/640x640.jpg,"per 100ml %RI* per 250ml %RI*
Energy, kJ/kcal 18/
4 - 45/
11 -
Carbohydrate, g 0.5 - 1.3 -
of which sugars, g 0.5 - 1.3 -
Salt, g 0.05 - 0.12 -
Contains negligible amounts of - Fat, Saturates and Protein. Contains naturally occurring sugars present in the fruit juice at approx. 0.5g per 100ml
*RI = Reference Intake","Water, Strawberry Juice from Concentrate (5%), Extracts of (Carrot and Blackcurrant), Acid (Citric Acid), Acidity Regulator (Sodium Gluconate), Thickener (Polydextrose), Vitamin C, Natural Flavourings, Sweeteners (Aspartame, Acesulfame K)",https://www.sainsburys.co.uk/gol-ui/product/ribena-strawberry-cartons-6x250ml,6 x 6x250ml,2024-08-17T07:51:43.943267-04:00
68-904-DRI,Sainsbury's Kids Apple 3x200ml,Sainsbury's,Drinks,Juice & smoothies,All juice & smoothies,200ML,£1.00,3 for £1.00,£2.50,17p / 100ml,7743717,No added sųgar apple juice drink from concentrate with sweetener,,https://assets.sainsburys-groceries.co.uk/gol/7743717/1/640x640.jpg,"Typical Values per 100ml  Per carton  % based on RI for Average Adult
Energy 31kJ 63kJ -
7kcal 15kcal 1%
Fat <0.5g <0.5g -
Saturates <0.1g <0.1g -
Carbohydrate 1.3g 2.5g 1%
Sugars 1.3g 2.5g 3%
Fibre <0.5g <0.5g -
Protein <0.5g <0.5g 1%
Salt <0.01g 0.02g -",,https://www.sainsburys.co.uk/gol-ui/product/sainsburys-kids-apple-3x200ml,3 x 3x200ml,2024-08-17T07:51:56.551144-04:00
68-905-DRI,Capri-Sun Zero Orange 8x200ml,Capri-Sun,Drinks,Juice & smoothies,All juice & smoothies,200ML,£3.00,8 for £3.00,£2.50,19p / 100ml,7987543,Fruit Juice Drink with Sweetener,,https://assets.sainsburys-groceries.co.uk/gol/7987543/1/640x640.jpg,"per 100ml: per 200ml (%¹):
Energy 16kJ 31kJ
: 4kcal 7kcal (0%)
Carbohydrate: 0.6g 1.2g (0%)
of which sugars: 0,6g 1.2g (0%)
Fat, saturates, protein, salt - negligible amount
¹) Reference intake of an average adult (8400kJ/2000kcal)","Water, Fruit Juices from Concentrate 8% (Orange 6%, Lemon 2%), Acid (Citric Acid), Sweetener (Sucralose), Natural Orange Flavouring with other Natural Flavourings, Antioxidant (Ascorbic Acid), Contains Naturally Occuring Sugars",https://www.sainsburys.co.uk/gol-ui/product/capri-sun-no-added-sugar-orange-8-x-200ml,8 x 8x200ml,2024-08-17T07:52:05.245511-04:00
68-906-DRI,Robinsons Mini Lemon & Lime On The Go Squash 66ml,Robinsons,Drinks,Vegan,All vegan,66ML,£2.25,,£2.20,£3.41 / 100ml,7994193,Highly Concentrated Low Calorie Lemon and Lime Soft Drink with Sweeteners. Made with real juice.,,https://assets.sainsburys-groceries.co.uk/gol/7994193/1/640x640.jpg,"per 100ml Diluted:
Energy 6kJ/
1kcal
Salt 0.07g
Contains negligible amounts of fat, saturates, carbohydrate, sugars and protein","Fruit Juices from Concentrate (Lemon 19%, Lime 18%), Water, Acid (Citric Acid), Acidity Regulator (Sodium Citrate), Natural Lemon and Lime Flavourings with other Natural Flavourings, Sweeteners (Sucralose, Acesulfame K), Preservatives (Potassium Sorbate, Sodium Metabisulphite)",https://www.sainsburys.co.uk/gol-ui/product/robinsons-squashd-lemon-lime-66ml,,2024-08-17T07:52:12.889512-04:00
68-907-DRI,Radnor Fizz Forest Fruits x4 330ml,Radnor,Drinks,Fizzy drinks,Fruit flavoured,330ML,£2.25,,,17p / 100ml,8098869,Forest Fruits flavoured sparkling white grape & apple fruit juice drink from concentrate with sweetener,,https://assets.sainsburys-groceries.co.uk/gol/8098869/1/640x640.jpg,"Per 100ml
Energy 95kJ/
22kcal
Fat <0.5g
Of which saturates <0.1g
Carbohydrate 5.1g
*Of which sugars 5.1g
Protein <0.5g
Salt <0.01g
*Contains Naturally Occurring Sugars","Carbonated Spring Water, Fruit Juices from Concentrate 45% (White Grape 22.5%, Apple 22.5%), Black Carrot Concentrate, Acid: Citric Acid, Flavouring, Preservatives; Potassium Sorbate, Dimethyl Dicarbonate, Sweetener: Sucralose",https://www.sainsburys.co.uk/gol-ui/product/radnor-fizz-forest-fruits-4x330ml,,2024-08-17T07:52:25.905015-04:00
68-908-DRI,Fruit Shoot Orange Kids Juice Drink 24x200ml,Fruit,Drinks,Juice & smoothies,All juice & smoothies,200ML,£6.75,24 for £6.75,£2.50,14p / 100ml,8001335,Low Calorie Orange Soft Drink with Sweeteners.,,https://assets.sainsburys-groceries.co.uk/gol/8001335/1/640x640.jpg,"Per 100ml
Energy 26kJ/
6kcal
Carbohydrate 1.2g
of which sugars 1.2g
Salt 0.03g
Contains negligible amounts of fat, saturates and protein","Water, Orange Juice from Concentrate (12%), Acid (Citric Acid), Carrot and Apple Concentrates, Acidity Regulator (Sodium Citrate), Antioxidant (Ascorbic Acid), Sweeteners (Sucralose, Acesulfame K), Natural Flavouring",https://www.sainsburys.co.uk/gol-ui/product/fruit-shoot-orange-kids-juice-drink-24x200ml,24 x 24x200ml,2024-08-17T07:52:33.947967-04:00
68-909-DRI,Ocean Spray Cranberry Classic Juice Drink 3x200ml,Ocean,Drinks,Juice & smoothies,All juice & smoothies,200ML,£2.25,3 for £2.25,£2.50,38p / 100ml,2877730,Cranberry Juice Drink with Sugar and Sweetener,,https://assets.sainsburys-groceries.co.uk/gol/2877730/1/640x640.jpg,"per 100ml (RI*) per 200ml (%RI*)
Energy 108kJ - 216kJ /
-
25kcal - 50kcal (2%)
Carbohydrate 5.8g - 11.6g (5%)
of which sugars 4.7g - 9.4g (11%)
Fat, Saturates, Protein, Salt - negligible amount
*Reference Intake of an average adult (8400kJ/2000kcal)","Water, Cranberry Juice from Concentrate (27%), Sugar, Thickener (Pectin), Vitamin C, Vegetable and Fruit Concentrate (Carrot, Cranberry), Sweetener (Steviol Glycosides, a Sweetener from Natural Stevia Leaves), Natural Flavouring",https://www.sainsburys.co.uk/gol-ui/product/ocean-spray-cranberry-classic-juice-drink-3x200ml,3 x 3x200ml,2024-08-17T07:52:41.353378-04:00
68-910-DRI,Capri-Sun Zero Blackcurrant & Apple 8x200ml,Capri-Sun,Drinks,Juice & smoothies,All juice & smoothies,200ML,£3.00,8 for £3.00,£2.50,19p / 100ml,7987560,Fruit Juice Drink with Sweetener,,https://assets.sainsburys-groceries.co.uk/gol/7987560/1/640x640.jpg,"per 100ml: per 200ml (%¹):
Energy: 15kJ 30kJ
: 4kcal 7kcal (0%)
Carbohydrate: 0.5g 1.1g (0%)
of which sugars: 0.5g 1.0g (0%)
Fat, saturates, protein, salt - negligible amount
¹)Reference intake of an average adult (8400kJ/2000kcal)","Water, Fruit Juices from Concentrate 5% (Apple 4%, Blackcurrant 1%), Acid (Citric Acid), Natural Flavouring, Sweetener (Sucralose), Antioxidant (Ascorbic Acid), Contains Naturally Occuring Sugars",https://www.sainsburys.co.uk/gol-ui/product/capri-sun-no-added-sugar-blackcurrant-8-x-200ml,8 x 8x200ml,2024-08-17T07:52:48.613073-04:00
68-911-DRI,Cawston Apple & Summer Berries Fruit Water 3x200ml,Cawston,Drinks,Special offers,,200ML,£2.25,3 for £2.25,£2.20,38p / 100ml,8155085,"Apple, Strawberry & Raspberry Juice Drink",,https://assets.sainsburys-groceries.co.uk/gol/8155085/1/640x640.jpg,"Per 100ml
Energy 107kJ/
25kcal
Fat 0.1g
Of which Saturates 0.0g
Carbohydrate 5.8g
Of which Sugars** 5.5g
Protein 0.3g
Salt 0.0g
**Naturally occurring sugar from fruit","54% Pressed Apple Juice, Still Water, 4% Strawberry Puree, 2% Raspberry Puree, Antioxidant: Vitamin C (Ascorbic Acid)",https://www.sainsburys.co.uk/gol-ui/product/cawston-apple-summer-berries-fruit-water-3x200ml,3 x 3x200ml,2024-08-17T07:52:56.368981-04:00
68-912-DRI,Ribena No Added Sugar Blackcurrant Juice Drink Cartons 6x250ml,Ribena,Drinks,Juice & smoothies,Kids juice & smoothies,250ML,£2.65,6 for £2.65,£2.50,18p / 100ml,8042482,No Added Sugar Blackcurrant Juice Drink with sweeteners,,https://assets.sainsburys-groceries.co.uk/gol/8042482/1/640x640.jpg,"per 100ml %RI* per 250ml %RI*
Energy, kJ/kcal 16/
4 - 40/
10 -
Carbohydrate, g 0.6 - 1.4 -
of which sugars, g 0.4 - 1.1 -
Salt, g 0.01 - 0.01 -
Contains negligible amounts of - Fat, Saturates and Protein.
*RI = Reference Intake","Water, Blackcurrant Juice from Concentrate (6%), Thickener (Polydextrose), Vitamin C, Natural Blackcurrant Flavourings, Sweeteners (Acesulfame K, Sucralose), Acid (Malic Acid)",https://www.sainsburys.co.uk/gol-ui/product/ribena-no-added-sugar-blackcurrant-juice-drink-cartons-6x250ml,6 x 6x250ml,2024-08-17T07:53:04.171304-04:00
68-913-DRI,Radnor Fizz Tropical x4 330ml,Radnor,Drinks,Fizzy drinks,Fruit flavoured,330ML,£2.25,,£2.50,17p / 100ml,8098765,Tropical flavoured sparkling white grape & apple fruit juice drink from concentrate with sweetener,,https://assets.sainsburys-groceries.co.uk/gol/8098765/1/640x640.jpg,"Per 100ml
Energy 94kJ/
22kcal
Fat <0.5g
Of which saturates <0.1g
Carbohydrate 5.2g
*Of which sugars 5.2g
Protein <0.5g
Salt <0.01g
*Contains Naturally Occurring Sugars","Carbonated Spring Water, Fruit Juices from Concentrate 45% (White Grape 22.5%, Apple 22.5%), Acid: Citric Acid, Flavourings, Colour: Beta-Carotene, Stabiliser; Acacia Gum, Glycerol Esters of Wood Rosins, Preservatives; Potassium Sorbate, Dimethyl Dicarbonate, Sweetener: Sucralose",https://www.sainsburys.co.uk/gol-ui/product/radnor-frizz-tropical-4x330ml,,2024-08-17T07:53:11.784956-04:00
68-914-DRI,Fruit Shoot Orange Kids Juice Drink 4x200ml,Fruit,Drinks,Juice & smoothies,Kids juice & smoothies,200ML,£2.00,4 for £2.00,£2.50,25p / 100ml,7009615,Low Calorie Orange Soft Drink with Sweeteners.,,https://assets.sainsburys-groceries.co.uk/gol/7009615/1/640x640.jpg,"Per 100ml
Energy 26kJ/
6kcal
Carbohydrate 1.2g
of which sugars 1.2g
Salt 0.03g
Contains negligible amounts of fat, saturates and protein","Water, Orange Juice from Concentrate (12%), Acid (Citric Acid), Carrot and Apple Concentrates, Acidity Regulator (Sodium Citrate), Antioxidant (Ascorbic Acid), Sweeteners (Sucralose, Acesulfame K), Natural Flavouring",https://www.sainsburys.co.uk/gol-ui/product/fruit-shoot-orange-low-sugar-4x200ml,4 x 4x200ml,2024-08-17T07:53:19.746158-04:00
68-915-DRI,Tropicana Pure Orange Fruit Juice with Bits 300ml,Tropicana,Drinks,Fruit juice & drinks,Orange juice,300ML,£1.90,,,63p / 100ml,7736188,I'm 1 of Your 5 A Day!,,https://assets.sainsburys-groceries.co.uk/gol/7736188/1/640x640.jpg,"Per 100ml Per 150ml¹ (%*)
Energy 175 kJ 262 kJ -
41 kcal 62 kcal (3%)
Fat 0g 0g (0%)
of which
saturates 0g 0g (0%)
Carbohydrate 9.3g 14g -
of which
sugars² 8.6g 13g (14%)
Fibre 0.4g 0.6g -
Protein 0.8g 1.2g -
Salt 0g 0g (0%)
¹This pack contains 2 servings
²Contains naturally occurring sugars from juice
*Reference Intake of an average adult (8400kJ/2000kcal)",100% Orange Juice,https://www.sainsburys.co.uk/gol-ui/product/tropicana-original-300ml,,2024-08-17T07:53:32.596856-04:00
68-916-DRI,Fruit Shoot Hydro Apple & Raspberry Kids Water Drink 8x200ml,Fruit,Drinks,Juice & smoothies,Kids juice & smoothies,200ML,£3.60,8 for £3.60,£2.50,23p / 100ml,7811717,Sugar Free Still Water Drink with Natural Apple and Raspberry Flavourings and Sweeteners.,,https://assets.sainsburys-groceries.co.uk/gol/7811717/1/640x640.jpg,"Per 100ml:
Energy 3kJ/
0.7kcal
Salt 0.01g
Contains negligible amounts of fat, saturates, carbohydrate, sugars and protein","Water, Acids (Malic Acid, Citric Acid), Natural Apple and Raspberry Flavourings with other Natural Flavourings, Acidity Regulator (Sodium Citrate), Sweeteners (Acesulfame K, Sucralose)",https://www.sainsburys.co.uk/gol-ui/product/robinsons-fruit-shoot-hydro-spring-water-apple---raspberry--no-added-sugar-8x200ml,8 x 8x200ml,2024-08-17T07:53:40.377412-04:00
68-917-DRI,"Sainsbury's Blackcurrant, No Added Sugar 3x200ml",Sainsbury's,Drinks,Juice & smoothies,All juice & smoothies,200ML,£1.00,3 for £1.00,£2.50,17p / 100ml,7743722,No added sugar blackcurrant juice drink with sweetener,,https://assets.sainsburys-groceries.co.uk/gol/7743722/1/640x640.jpg,"Typical Values per 100ml  Per carton  % based on RI for Average Adult
Energy 29kJ 58kJ -
7kcal 14kcal 1%
Fat <0.5g <0.5g -
Saturates <0.1g <0.1g -
Mono-unsaturates <0.1g <0.1g -
Polyunsaturates <0.1g <0.1g -
Carbohydrate 1.1g 2.1g 1%
Sugars 0.7g 1.5g 2%
Starch <0.5g 0.6g -
Fibre <0.5g <0.5g -
Protein <0.5g <0.5g 1%
Salt 0.02g 0.03g 1%",,https://www.sainsburys.co.uk/gol-ui/product/sainsburys-blackcurrant--no-added-sugar-3x250ml,3 x 3x200ml,2024-08-17T07:53:53.380698-04:00
68-918-DRI,Robinsons Vitality Benefit Drops Peach Mango & Passion Fruit with Vitamin B3 66ml,Robinsons,Drinks,Vegan,All vegan,66ML,£2.75,,£2.50,£3.72 / 100ml,8120672,Highly Concentrated Low Calorie Orange and Guava Soft Drink with Sweeteners and Vitamin C.,,https://assets.sainsburys-groceries.co.uk/gol/8120672/1/640x640.jpg,"per 100ml Diluted:
Energy 5kJ/
1kcal
Salt 0.05g
Contains negligible amounts of fat, saturates, carbohydrate, sugars and protein
*Reference intake","Water, Fruit Juices from Concentrate (Orange 39%, Guava 0.7%), Acid (Citric Acid), Acidity Regulator (Sodium Citrate), Natural Orange Flavouring with Other Natural Flavourings, Sweeteners (Sucralose, Acesulfame K), Vitamin C, Stabiliser (Acacia Gum), Preservatives (Potassium Sorbate, Sodium Metabisulphite), Carrot Concentrate, Natural Colour (Carotenes)",https://www.sainsburys.co.uk/gol-ui/product/robinsons-vitality-benefit-drops-peach-mango-passion-fruit-with-vitamin-b3-66ml,,2024-08-17T07:54:01.090648-04:00
68-919-DRI,Rubicon Mango Fruit Juice Drink 288ml,Rubicon,Drinks,Special offers,,288ML,75p,,£2.00,26p / 100ml,7568864,Mango Juice Drink with Sugars & Sweeteners,,https://assets.sainsburys-groceries.co.uk/gol/7568864/1/640x640.jpg,"per 100ml
Energy 81kJ /
21kcal
Fat 0.5g
of which saturates <0.1g
Carbohydrate 4.5g
of which sugars 4.4g
Protein <0.5g
Salt <0.01g
*Percentage of the reference intake of an average adult","Water, Mango Puree (19%), Sugar, Fructose, Acid (Citric Acid), Stabilisers (Guar Gum, Xanthan Gum), Vitamin C, Flavourings, Sweeteners (Sucralose, Acesulfame K)",https://www.sainsburys.co.uk/gol-ui/product/rubicon-still-mango-juice-drink-288ml--7568864-p,,2024-08-17T07:54:08.237264-04:00
