idx,name,brand,aisle,subaisle,subsubaisle,size,price,multi_price,old_price,pricePerUnit,itemNum,description,serving,img_urls,item_label,item_ingredients,url,pack,timeStamp
66-0-DRI,Diet Coke 8x330ml,Diet,Drinks,Discover,Coca Cola & Pizza,330ML,£4.95,8 for £4.95,£3.75,19p / 100ml,7517148,Sparkling Low Calorie Soft Drink with Plant Extracts with Sweeteners,,https://assets.sainsburys-groceries.co.uk/gol/7517148/1/640x640.jpg,"100 ml 330 ml (%*)
Energy 1.6 kJ 5 kJ (0%)
0.4 kcal 1 kcal (0%)
Fat 0 g 0 g (0%)
of which saturates 0 g 0 g (0%)
Carbohydrate 0 g 0 g (0%)
of which sugars 0 g 0 g (0%)
Protein 0 g 0 g (0%)
Salt 0 g 0 g (0%)
* Reference intake of an average adult (8400 kJ/ 2000 kcal)","Carbonated Water, Colour (Caramel E150d), Sweeteners (Aspartame, Acesulfame K), Natural Flavourings, Caffeine Flavouring, Acids (Phosphoric Acid, Citric Acid)",https://www.sainsburys.co.uk/gol-ui/product/diet-coke-8x330ml,8 x 8x330ml,2024-08-17T12:22:18.805533-04:00
66-1-DRI,Coca-Cola Zero Sugar 24x330ml,Coca-Cola,Drinks,Discover,Coca Cola & Pizza,330ML,£10.75,24 for £10.75,£1.85,14p / 100ml,7962895,Sparkling Low Calorie Soft Drink with Plant Extracts with Sweeteners.,,https://assets.sainsburys-groceries.co.uk/gol/7962895/1/640x640.jpg,"Per: 100 ml Per: 330 ml (%*)
Energy 1.3 kJ 4 kJ (0%)
0.3 kcal 1 kcal -
Fat 0 g 0 g (0%)
of which saturates 0 g 0 g (0%)
Carbohydrate 0 g 0 g (0%)
of which sugars 0 g 0 g (0%)
Protein 0 g 0 g (0%)
Salt 0.01 g 0.03 g (1%)
Per: 100 ml 330 ml -
Sodium 0.00515 g 0.017 g (283%)
* Reference intake of an average adult (8400 kJ/ 2000 kcal)","Carbonated Water, Colour (E150d), Acid (Phosphoric Acid), Sweeteners (Aspartame, Acesulfame-K, Enzymatically Produced Steviol Glycosides), Natural Flavourings, Caffeine Flavouring, Acidity Regulator (Sodium Citrates)",https://www.sainsburys.co.uk/gol-ui/product/coke-zero-sugar-24x330ml,24 x 24x330ml,2024-08-17T12:22:26.895972-04:00
66-2-DRI,Monster Energy Drink Aussie Style Lemonade 4x500ml,Monster,Drinks,Special offers,,500ML,£6.00,4 for £6.00,£5.25,30p / 100ml,8155628,"Carbonated Energy Drink with 2% Lemon Juice from Lemon Juice Concentrate, Taurine, Caffeine, L-Carnitine and B Vitamins with Sugars and Sweetener.",,https://assets.sainsburys-groceries.co.uk/gol/8155628/1/640x640.jpg,"Per 100ml: Per 500ml (%*):
Energy: 177kJ/
(42kcal) 883kJ/
(208kcal) (10%)
Carbohydrate: 11g 53g (20%)
Of which sugars: 9.7g 48g (54%)
Salt: 0.08g 0.4g (7%)
Fat, saturates, protein - negligible amount
*Reference intake of an average adult (8400kJ/2000kcal)
** Daily Reference Intake","Carbonated Water, Sucrose, Lemon Juice from Concentrate (2%), Glucose Syrup, Acids (Citric Acid, Malic Acid), Taurine (0.4%), Flavourings, Acidity Regulators (Sodium Citrates, Potassium Citrates), Caffeine (0.03%), Preservative (Potassium Sorbate), Vitamins (B3, B6, B2, B12), L-Carnitine L-Tartrate (0.004%), Sweetener (Sucralose), Inositol",https://www.sainsburys.co.uk/gol-ui/product/monster-energy-drink-aussie-style-lemonade-4x500ml,4 x 4x500ml,2024-08-17T12:22:33.752261-04:00
66-3-DRI,Cravendale Filtered Fresh Semi Skimmed Milk 2L Fresher for Longer,Cravendale,Drinks,Dairy & chilled essentials,,2L,£2.30,,£2.75,£1.15 / ltr,3216620,"Pasteurised, homogenised, semi-skimmed, fresh filtered milk",,https://assets.sainsburys-groceries.co.uk/gol/3216620/1/640x640.jpg,"per 100ml
Energy 206kJ/
49kcal
Fat 1.7g
of which saturates 1.0g
Carbohydrate 4.8g
of which sugars 4.8g
Protein 3.6g
Salt 0.1g
Phosphorous 97mg (14% RI†)
†RI: Reference intakes of an average adult",,https://www.sainsburys.co.uk/gol-ui/product/cravendale-purefilter-semi-skimmed-milk-2l,,2024-08-17T12:22:46.891625-04:00
66-4-DRI,Pepsi Max No Sugar Cola Cans 24x330ml,Pepsi,Drinks,Discover,"Heineken, Doritos and Pepsi Football snacks and drinks",330ML,£10.50,24 for £10.50,£8.50,13p / 100ml,7730215,Carbonated Low Calorie Cola Flavoured Soft Drink with Sweeteners,,https://assets.sainsburys-groceries.co.uk/gol/7730215/1/640x640.jpg,"Per 100ml Per 330ml
Energy 2kJ/
0.4kcal 7kJ/
1kcal
Fat 0g 0g
of which saturates 0g 0g
Carbohydrate 0g 0g
of which sugars 0g 0g
Protein 0g 0g
Salt 0g 0g
Pack contains 24 servings of 330ml","Carbonated Water, Colour (E150d), Sweeteners (Aspartame, Acesulfame K), Acids (Phosphoric Acid, Citric Acid), Flavourings (Including Caffeine), Preservative (Potassium Sorbate)",https://www.sainsburys.co.uk/gol-ui/product/pepsi-max-24x330ml,24 x 24x330ml,2024-08-17T12:22:54.114921-04:00
66-5-DRI,Sainsbury's Pure Apple Juice 1L,Sainsbury's,Drinks,Juice & smoothies,All juice & smoothies,1L,£1.35,,£2.50,14p / 100ml,100861,Apple juice from concentrate,150 ml,https://assets.sainsburys-groceries.co.uk/gol/100861/1/640x640.jpg,"Typical Values Per 100ml  Per 150ml serving  % based on RI for Average Adult
Energy 193kJ 290kJ -
46kcal 68kcal 3%
Fat <0.5g <0.5g -
Saturates <0.1g <0.1g -
Carbohydrate 10.5g 15.7g 6%
Sugars 9.2g 13.8g 15%
Starch 1.3g 2.0g -
Fibre <0.5g <0.5g -
Protein <0.5g <0.5g -
Salt 0.06g 0.09g 2%",,https://www.sainsburys.co.uk/gol-ui/product/sainsburys-pure-apple-juice-1l,,2024-08-17T12:23:07.292754-04:00
66-6-DRI,"Bollinger Special Cuvee, Non Vintage Champagne 75cl",Bollinger,Drinks,Champagne & sparkling wine,All champagne & sparkling wine,,£58.00,,£39.00,£58.00 / 75cl,2466552,White French Wine,,https://assets.sainsburys-groceries.co.uk/gol/2466552/1/640x640.jpg,,,https://www.sainsburys.co.uk/gol-ui/product/bollinger-special-cuvee-non-vintage-champagne-75cl,,2024-08-17T12:23:25.573887-04:00
66-7-DRI,Cravendale Filtered Fresh Whole Milk 2L Fresher for Longer,Cravendale,Drinks,Dairy & eggs,Milk,2L,£2.30,,£2.75,£1.15 / ltr,3216613,"Pasteurised, homogenised, standardised, whole, fresh filtered milk",,https://assets.sainsburys-groceries.co.uk/gol/3216613/1/640x640.jpg,"per 100ml
Energy 271kJ/
65kcal
Fat 3.6g
of which saturates 2.3g
Carbohydrate 4.7g
of which sugars 4.7g
Protein 3.4g
Salt 0.1g
Phosphorous 99mg (14% RI†)
†RI: Reference intakes of an average adult",,https://www.sainsburys.co.uk/gol-ui/product/cravendale-purefilter-whole-milk-2l,,2024-08-17T12:23:39.270332-04:00
66-8-DRI,Nescafé Azera Americano Instant Coffee 90g,Nescafé,Drinks,Special offers,,,£6.50,,£3.50,£7.22 / 100g,7620344,Soluble coffee with finely ground roasted coffee,,https://assets.sainsburys-groceries.co.uk/gol/7620344/1/640x640.jpg,,"Soluble Coffee, Roast and Ground Coffee (5%)",https://www.sainsburys.co.uk/gol-ui/product/nescaf%C3%A9-azera-americano-instant-coffee-100g,,2024-08-17T12:23:51.630660-04:00
66-9-DRI,Arla Bob Skimmed Milk Tastes like Semi Skimmed 2L,Arla,Drinks,Dairy & chilled essentials,,2L,£2.30,,£2.25,£1.15 / ltr,7787579,"Fresh skimmed milk, enriched with protein. Filtered, standardised, homogenised and pasteurised.",,https://assets.sainsburys-groceries.co.uk/gol/7787579/1/640x640.jpg,"Per 100ml Per 200ml
Energy 176kJ/
41kcal 351kJ/
83kcal
Fat 0.4g 0.8g
of which saturates 0.1g 0.2g
Carbohydrate 4.9g 9.8g
of which sugars 4.9g 9.8g
Protein 4.6g 9.1g
Salt 0.11g 0.23g
†RI = Reference Intake of an average adult
Contains 10 servings",,https://www.sainsburys.co.uk/gol-ui/product/arla-best-of-both-milk-2l,,2024-08-17T12:24:03.959409-04:00
66-10-DRI,La Vieille Ferme Rosé 75cl,La,Drinks,Special offers,,,£7.00,,£8.50,£7.00 / 75cl,8060408,Rosé Wine,,https://assets.sainsburys-groceries.co.uk/gol/8060408/1/640x640.jpg,,,https://www.sainsburys.co.uk/gol-ui/product/la-vieille-ferme-750ml,,2024-08-17T12:24:21.484427-04:00
66-11-DRI,Sainsbury's Pure Orange Juice 1L,Sainsbury's,Drinks,Juice & smoothies,All juice & smoothies,1L,£1.75,,£2.50,18p / 100ml,332965,Orange juice from concentrate,150 ml,https://assets.sainsburys-groceries.co.uk/gol/332965/1/640x640.jpg,"Typical Values Per 100ml  Per 150ml serving  % based on RI for Average Adult
Energy 176kJ 264kJ -
42kcal 62kcal 3%
Fat <0.5g <0.5g -
Saturates <0.1g <0.1g -
Mono-unsaturates <0.1g <0.1g -
Polyunsaturates <0.1g <0.1g -
Carbohydrate 8.6g 12.8g 5%
Sugars 8.0g 12.0g 13%
Starch 0.6g 0.8g -
Fibre <0.5g <0.5g -
Protein 0.6g 0.9g 2%
Salt 0.08g 0.11g 2%",,https://www.sainsburys.co.uk/gol-ui/product/sainsburys-pure-orange-juice-1l,,2024-08-17T12:24:35.048504-04:00
66-12-DRI,"Sainsbury's Conegliano Prosecco, Taste the Difference 75cl",Sainsbury's,Drinks,Special offers,,,£9.75,,£12.00,£9.75 / 75cl,6573987,Conegliano,,https://assets.sainsburys-groceries.co.uk/gol/6573987/1/640x640.jpg,"Typical Values Per 100ml  per 125ml glass  % based on RI for Average Adult
Energy 67kcal 84kcal 4%
279kJ 349kJ -",,https://www.sainsburys.co.uk/gol-ui/product/sainsburys-conegliano-prosecco--taste-the-difference-75cl,,2024-08-17T12:24:48.039665-04:00
66-13-DRI,Yorkshire Tea Bags x240,Yorkshire,Drinks,Special offers,,,£6.30,,£6.00,84p / 100g,2668789,Black tea.,,https://assets.sainsburys-groceries.co.uk/gol/2668789/1/640x640.jpg,,Black Tea,https://www.sainsburys.co.uk/gol-ui/product/yorkshire-everyday-tea-bags-x240,,2024-08-17T12:25:01.374597-04:00
66-14-DRI,Gordon's London Dry Gin 1L,Gordon's,Drinks,Special offers,,1L,£24.00,,£19.00,£24.00 / ltr,2436555,"ABOUT - Created in London by Scotsman Alexander Gordon in 1769, Gordon's London Dry Gin is known and loved worldwide. This classic award-winning gin has earned its reputation as 'the ginniest of gins'.",,https://assets.sainsburys-groceries.co.uk/gol/2436555/1/640x640.jpg,,GIN,https://www.sainsburys.co.uk/gol-ui/product/gordons-dry-gin-1l,,2024-08-17T12:25:14.195409-04:00
66-15-DRI,Bombay Sapphire London Dry Gin 100cl,Bombay,Drinks,Special offers,,,£30.00,,£21.00,£30.00 / ltr,3355909,Distilled London Dry Gin,,https://assets.sainsburys-groceries.co.uk/gol/3355909/1/640x640.jpg,"Per 100ml
Energy (kJ) 920 kJ
Energy (kcal) 220 kcal
Fat 0 g
Saturated Fat 0 g
Carbohydrates 0 g
Sugar 0 g
Protein 0 g
Salt 0 g",,https://www.sainsburys.co.uk/gol-ui/product/bombay-sapphire-gin-1l,,2024-08-17T12:25:27.306681-04:00
66-16-DRI,Cravendale Filtered Fresh Skimmed Milk Fresher for Longer 2L,Cravendale,Drinks,Dairy & chilled essentials,,2L,£2.30,,£2.25,£1.15 / ltr,3419625,"Pasteurised, skimmed, fresh filtered milk",,https://assets.sainsburys-groceries.co.uk/gol/3419625/1/640x640.jpg,"per 100ml
Energy 156kJ/
37kcal
Fat 0.3g
of which saturates 0.1g
Carbohydrate 4.9g
of which sugars 4.9g
Protein 3.6g
Salt 0.1g
Phosphorous 99mg (14% RI†)
†RI: Reference intakes of an average adult",,https://www.sainsburys.co.uk/gol-ui/product/cravendale-skimmed-milk-2l,,2024-08-17T12:25:40.186129-04:00
66-17-DRI,Alpro Almond Milk No Sugars Long Life Dairy Alternative 1L,Alpro,Drinks,Dairy & eggs,Dairy free,1L,£2.10,,£1.50,£2.10 / ltr,7595669,Almond drink with added calcium and vitamins.,,https://assets.sainsburys-groceries.co.uk/gol/7595669/1/640x640.jpg,"per 100 ml
Energy 56 kJ /
13 kcal
Fat 1.1 g
of which Saturates 0.1 g
Carbohydrate 0 g
of which Sugars 0 g
Fibre 0.3 g
Protein 0.4 g
Salt 0.14 g
D2 0.75 µg*
E 1.8 mg*
B12 0.38 µg*
Minerals:
* = 15% of the nutrient reference values","Water, Almond (2.3%), Calcium (Tri-Calcium Phosphate), Sea Salt, Stabilisers (Locust Bean Gum, Gellan Gum), Emulsifier (Lecithins), Vitamins B2, B12, E, D2",https://www.sainsburys.co.uk/gol-ui/product/alpro-almond-milk--unsweetened-uht-1l,,2024-08-17T12:25:48.457595-04:00
66-18-DRI,Yeo Valley Organic Fresh Whole Milk 2L,Yeo,Drinks,Dairy & eggs,Milk,2L,£2.50,,£2.25,£1.25 / ltr,6483740,"Standardised, Homogenised, Pasteurised, Organic Whole Milk",,https://assets.sainsburys-groceries.co.uk/gol/6483740/1/640x640.jpg,"Per 100ml
Energy 273kJ/
65kcal
Fat 3.7g
of which saturates 2.4g
Carbohydrate 4.7g
of which sugars 4.7g
Protein 3.5g
Salt 0.11g
RI† = Reference Intake",,https://www.sainsburys.co.uk/gol-ui/product/yeo-valley-organic-whole-milk-2l,,2024-08-17T12:26:01.433220-04:00
66-19-DRI,Robinsons Double Strength No Added Sugar Squash Apple & Blackcurrant Squash 1.75L,Robinsons,Drinks,Special offers,,1.75L,£3.50,,£2.50,20p / 100ml,7432112,Concentrated Low Calorie Apple and Blackcurrant Soft Drink with Sweeteners.,,https://assets.sainsburys-groceries.co.uk/gol/7432112/1/640x640.jpg,"Per 100ml Diluted† Per 250ml Diluted†
Energy 8kJ/
2kcal 20kJ/
5kcal
Salt 0.02g 0.05g
Contains negligible amounts of fat, saturates, carbohydrate, sugars and protein
†Dilute 1 part concentrate with 9 parts water. It is important to add extra water if given to toddlers
Bottle contains 70 servings","Water, Fruit Juices from Concentrate (Apple 18%, Blackcurrant 2%), Acids (Citric Acid, Malic Acid), Natural Colour (Anthocyanins), Natural Flavouring, Acidity Regulator (Sodium Citrate), Sweeteners (Acesulfame K, Sucralose), Preservatives (Potassium Sorbate, Sodium Metabisulphite), Stabiliser (Cellulose Gum)",https://www.sainsburys.co.uk/gol-ui/product/robinsons-double-concentrate-apple---blackcurrant-squash--no-added-sugar-175l,,2024-08-17T12:26:09.374224-04:00
66-20-DRI,Veuve Clicquot Yellow Label Brut Non Vintage Champagne 75cl,Veuve,Drinks,Champagne & sparkling wine,All champagne & sparkling wine,,£48.00,,£39.00,£48.00 / 75cl,2284071,Champagne - Brut,,https://assets.sainsburys-groceries.co.uk/gol/2284071/1/640x640.jpg,,,https://www.sainsburys.co.uk/gol-ui/product/veuve-clicquot-yellow-label-nv-75cl,,2024-08-17T12:26:27.454968-04:00
66-21-DRI,Tropicana Pure Smooth Orange Fruit Juice 1.5L,Tropicana,Drinks,Dairy & chilled essentials,,1.5L,£4.00,,£3.00,27p / 100ml,7553216,Smooth Orange Juice,150 mL,https://assets.sainsburys-groceries.co.uk/gol/7553216/1/640x640.jpg,"Per 100ml Per 150ml %**
Energy 172kJ/
40kcal 258kJ/
61kcal 3%
Fat 0g 0g 0%
of which saturates 0g 0g 0%
Carbohydrate 9.3g 14g -
of which sugars✝ 8.6g 13g 14%
Fibre 0g 0g -
Protein 0.8g 1.2g -
Salt 0g 0g 0%
✝ Contains naturally occurring sugars
**Reference Intake of an average adult (8400kJ/2000kcal)
1 serving = 150mL. This pack contains 10 servings",Orange Juice,https://www.sainsburys.co.uk/gol-ui/product/tropicana-smooth-orange-juice-175l,,2024-08-17T12:26:35.615566-04:00
66-22-DRI,Coca-Cola Zero Sugar 2L,Coca-Cola,Drinks,Discover,Coca Cola & Pizza,2L,£2.40,,£1.50,12p / 100ml,7900741,Sparkling Low Calorie Soft Drink with Plant Extracts with Sweeteners.,,https://assets.sainsburys-groceries.co.uk/gol/7900741/1/640x640.jpg,"Per: 100 ml Per: 250 ml (%*)
Energy 1.3 kJ 3.3 kJ (0%)
0.3 kcal 1 kcal (0%)
Fat 0 g 0 g (0%)
of which saturates 0 g 0 g (0%)
Carbohydrate 0 g 0 g (0%)
of which sugars 0 g 0 g (0%)
Protein 0 g 0 g (0%)
Salt 0.01 g 0.03 g (0%)
Sodium 0.00515 g 0.01288 g (215%)
* Reference intake of an average adult (8400 kJ/ 2000 kcal)","Carbonated Water, Colour (E150d), Acid (Phosphoric Acid), Sweeteners (Aspartame, Acesulfame-K, Enzymatically Produced Steviol Glycosides), Natural Flavourings, Caffeine Flavouring, Acidity Regulator (Sodium Citrates)",https://www.sainsburys.co.uk/gol-ui/product/coca-cola-zero-sugar-2l,,2024-08-17T12:26:43.318439-04:00
66-23-DRI,Alpro Oat Milk No Sugars Long Life Dairy Alternative 1L,Alpro,Drinks,Dairy & eggs,Dairy free,1L,£2.30,,£1.50,£2.30 / ltr,7984785,Oat drink with added calcium and vitamins.,,https://assets.sainsburys-groceries.co.uk/gol/7984785/1/640x640.jpg,"per 100 ml
Energy 169 kJ /
40 kcal
Fat 1.5 g
of which saturates 0.2 g
Carbohydrate 5.8 g
of which sugars 0 g
Fibre 1.2 g
Protein 0.2 g
Salt 0.11 g
D2 0.75 µg*
Minerals:
* = 15% of the nutrient reference values
** Reference intake of an average adult (8400 kJ / 2000 kcal)","Oat Base [97.0%] [Water, Oat (8.3%]], Soluble Corn Fiber, Sunflower Oil, Calcium [Calcium Carbonate], Sea Salt, Stabiliser [Gellan Gum], Vitamins B2, B12, D2",https://www.sainsburys.co.uk/gol-ui/product/alpro-oat-unsweetened-1l,,2024-08-17T12:26:50.575078-04:00
66-24-DRI,Arla Lactofree Semi Skimmed Milk Drink 1L,Arla,Drinks,Dairy & chilled essentials,,1L,£1.85,,£1.50,£1.85 / ltr,6372891,Lactose Free Pasteurised Homogenised Semi Skimmed Filtered Milk Drink,,https://assets.sainsburys-groceries.co.uk/gol/6372891/1/640x640.jpg,"Per 100ml Per 200ml
Energy 160kJ /
38kcal 320kJ /
76kcal
Fat 1.5g 3.1g
of which saturates 1.0g 1.9g
Carbohydrate 2.6g 5.3g
of which sugars 2.6g 5.2g
Protein 3.4g 6.9g
Salt 0.07g 0.14g
+Reference intake
Contains 5 servings","Semi Skimmed Milk, Lactase Enzym",https://www.sainsburys.co.uk/gol-ui/product/arla-lactofree-fresh-semi-skimmed-dairy-drink-1l,,2024-08-17T12:26:58.747753-04:00
66-25-DRI,Robinsons Double Strength No Added Sugar Squash Orange 1.75L,Robinsons,Drinks,Special offers,,1.75L,£3.50,,£2.50,20p / 100ml,7432110,Concentrated Low Calorie Whole Orange Soft Drink with Sweeteners.,,https://assets.sainsburys-groceries.co.uk/gol/7432110/1/640x640.jpg,"Per 100ml Diluted† Per 250ml Diluted†
Energy 5kJ/
1kcal 13kJ/
3kcal
Salt 0.03g 0.08g
Contains negligible amounts of fat, saturates, carbohydrate, sugars and protein
†Dilute 1 part concentrate with 9 parts water. It is important to add extra water if given to toddlers
Bottle contains 70 Servings","Water, Orange Fruit from Concentrate (20%), Acid (Citric Acid), Acidity Regulator (Sodium Citrate), Natural Orange Flavouring with other Natural Flavourings, Sweeteners (Acesulfame K, Sucralose), Stabilisers (Cellulose Gum, Sucrose Acetate Isobutyrate), Preservatives (Potassium Sorbate, Sodium Metabisulphite), Emulsifier (Glycerol Esters of Wood Rosins), Natural Colour (Carotenes)",https://www.sainsburys.co.uk/gol-ui/product/robinsons-double-strength-no-added-sugar-squash-orange-175l,,2024-08-17T12:27:06.270673-04:00
66-26-DRI,Califia Farms Oat Drink Barista Blend 1L,Califia,Drinks,Dairy & eggs,Dairy free,1L,£2.10,,£1.50,£2.10 / ltr,8005278,UHT Oat Drink with Added Calcium,240 ml,https://assets.sainsburys-groceries.co.uk/gol/8005278/1/640x640.jpg,"Per 100 ml Per portion 240 ml
Energy (kJ) 226 543
Energy (kcal) 54 130
Fat 2,9 g 7,0 g
of which saturates 0,2 g 0,5 g
Carbohydrate 5,8 g 13,9 g
** of which sugars 2,8 g 6,7 g
Fibre 0,8 g 1,9 g
Protein 0,8 g 1,9 g
Salt 0,12 g 0,29 g
Reference Intake (RI) of an average adult (8400kJ/2000kcal)
Contains approximately 4 portions
Servings per package: 4, Serving size: 240 ml
** Naturally Occurring Sugars","Oat Drink (Water, Oats (10%)), Rapeseed Oil, Acidity Regulator (Dipotassium Phosphate), Calcium Carbonate, Tricalcium Phosphate, Sea Salt",https://www.sainsburys.co.uk/gol-ui/product/califia-farms-oat-barista-blend-1l,,2024-08-17T12:27:13.827499-04:00
66-27-DRI,Diet Coke No Caffeine 8 x 330ml,Diet,Drinks,Discover,Coca Cola & Pizza,330ML,£4.95,,£3.75,19p / 100ml,7517206,Sparkling Low Calorie Soft Drink with Plant Extracts with Sweeteners,,https://assets.sainsburys-groceries.co.uk/gol/7517206/1/640x640.jpg,"Per 100ml Per 330ml (%*)
Energy 1.6kJ 5kJ
0.4kcal 1kcal (0%)
Fat 0g 0g 0%
of which saturates 0g 0g 0%
Carbohydrate 0g 0g 0%
of which sugars 0g 0g 0%
Protein 0g 0g 0%
Salt 0g 0g 0%
*Reference intake of an average adult (8400kJ/2000kcal)","Carbonated Water, Colour (Caramel E150d), Sweeteners (Aspartame, Acesulfame K), Acids (Phosphoric Acid, Citric Acid), Natural Flavourings",https://www.sainsburys.co.uk/gol-ui/product/diet-coke-caffeine-free-8x330ml,,2024-08-17T12:27:21.519086-04:00
66-28-DRI,Brancott Estate Sauvignon Blanc White Wine 75cl,Brancott,Drinks,Special offers,,,£8.00,,£10.50,£8.00 / 75cl,2488318,Sauvignon Blanc,,https://assets.sainsburys-groceries.co.uk/gol/2488318/1/640x640.jpg,,,https://www.sainsburys.co.uk/gol-ui/product/brancott-estate-sauvignon-blanc-75cl,,2024-08-17T12:27:39.583431-04:00
66-29-DRI,Pimm's 1L,Pimm's,Drinks,Special offers,,1L,£22.00,,£13.00,£22.00 / ltr,2686448,"ABOUT - Pimm's No.1 is a fruity and refreshing gin-based spirit made from a closely guarded recipe that infuses gin with a delicate combination of botanicals, caramelised orange and warm spices.",,https://assets.sainsburys-groceries.co.uk/gol/2686448/1/640x640.jpg,,"ALCOHOL, FLAVOUR(S), CARAMEL, GIN, LIQUEUR, SUGAR(S)",https://www.sainsburys.co.uk/gol-ui/product/pimms-1l,,2024-08-17T12:27:52.708772-04:00
66-30-DRI,J2O Orange & Passion Fruit 4x275ml,J2O,Drinks,Special offers,,275ML,£4.50,4 for £4.50,£3.00,41p / 100ml,3954676,Orange and Passion Fruit Soft Drink with Sugar and Sweftener,,https://assets.sainsburys-groceries.co.uk/gol/3954676/1/640x640.jpg,"Per 100ml
Energy 81kJ/
19kcal
Carbohydrate 4.1g
of which sugars 4.0g
Contains negligible amounts of fat, saturates, protein and salt",,https://www.sainsburys.co.uk/gol-ui/product/j2o-orange---passion-fruit-4x275ml,4 x 4x275ml,2024-08-17T12:28:05.401843-04:00
66-31-DRI,Diet Coke 2L,Diet,Drinks,Discover,Coca Cola & Pizza,2L,£2.40,,£1.85,12p / 100ml,7900745,Sparkling Low Calorie Soft Drink with Plant Extracts with Sweeteners.,,https://assets.sainsburys-groceries.co.uk/gol/7900745/1/640x640.jpg,"100 ml 250 ml (%*)
Energy 1.6 kJ 4 kJ (0%)
0.4 kcal 1 kcal (0%)
Fat 0 g 0 g (0%)
of which saturates 0 g 0 g (0%)
Carbohydrate 0 g 0 g (0%)
of which sugars 0 g 0 g (0%)
Protein 0 g 0 g (0%)
Salt 0 g 0 g (0%)
* Reference intake of an average adult (8400 kJ/ 2000 kcal)","Carbonated Water, Colour (Caramel E150d), Sweeteners (Aspartame, Acesulfame K), Natural Flavourings, Caffeine Flavouring, Acids (Phosphoric Acid, Citric Acid)",https://www.sainsburys.co.uk/gol-ui/product/diet-coke-2l-7900745-p-44,,2024-08-17T12:28:13.012184-04:00
66-32-DRI,Robinsons Fruit & Barley Summer Fruits Squash No Added Sugar 1L,Robinsons,Drinks,Special offers,,1L,£2.15,,£1.25,22p / 100ml,2666105,"Concentrated Low Calorie Summer Fruits Soft Drink with Barley, Sweeteners and Vitamins.",,https://assets.sainsburys-groceries.co.uk/gol/2666105/1/640x640.jpg,"Per 100ml Diluted† %RI** Per 250ml Diluted† %RI**
Energy 10kJ/
2kcal - 25kJ/
5kcal -
Salt 0.03g - 0.08g -
Contains negligible amounts of fat, saturates, carbohydrate, sugars and protein
*Reference intake of an average adult (8400kJ/2000kcal)
**Reference Intake
Bottle contains 20 servings","Water, Fruit Juices from Concentrate 10% (Apple 9%, Strawberry 0.3%, Plum, Blackcurrant, Cherry 0.1%), Acids (Citric Acid, Malic Acid), Refined Barley Flour (1%), Acidity Regulator (Sodium Citrate), Sweeteners (Acesulfame K, Sucralose), Preservatives (Potassium Sorbate, Sodium Metabisulphite), Vitamins (C, Niacin, B6, D), Natural Flavouring, Carrot Concentrate, Natural Colour (Anthocyanins)",https://www.sainsburys.co.uk/gol-ui/product/robinsons-squash-fruit---barley--summer-fruits-1l,,2024-08-17T12:28:20.533303-04:00
66-33-DRI,Peroni Nastro Azzurro Beer Lager Bottles 12x330ml,Peroni,Drinks,Beer & cider,All beer,330ML,£18.00,12 for £18.00,£13.00,£4.55 / ltr,6546263,Beer,,https://assets.sainsburys-groceries.co.uk/gol/6546263/1/640x640.jpg,"per 100ml
Energy 177 KJ 42 Kcal
Fat 0g
of which Saturates 0g
Carbohydrate 3.2g
of which Sugars 0g
Protein 0.4g
Salt 0g","Water, Barley Malt, Italian Maize, Hops",https://www.sainsburys.co.uk/gol-ui/product/peroni-nastro-azzuro-12x330ml,12 x 12x330ml,2024-08-17T12:28:27.992630-04:00
66-34-DRI,Stella Artois Premium Lager Beer Cans 18x440ml,Stella,Drinks,Beer & cider,All beer,440ML,£18.00,18 for £18.00,£14.00,£2.27 / ltr,7376852,Beer,,https://assets.sainsburys-groceries.co.uk/gol/7376852/1/640x640.jpg,"Per 100ml Per 440ml
Energy 165kJ /
727kJ /
(kJ / kcal) 39kcal 174kcal
Fat 0g 0g
of which saturates 0g 0g
Carbohydrate 3.2g 13.9g
of which sugars 0.3g 1.3g
Protein 0.4g 1.6g
Salt 0g 0.02g","Water, Barley Malt, Maize, Hops",https://www.sainsburys.co.uk/gol-ui/product/stella-artois-premium-lager-beer-cans-18x440ml,18 x 18x440ml,2024-08-17T12:28:36.562229-04:00
66-35-DRI,Bottlegreen Elderflower Cordial 500ml,Bottlegreen,Drinks,Mixers & adult soft drinks,Cordials,500ML,£4.25,,£3.00,85p / 100ml,3752166,Elderflower Cordial.,,https://assets.sainsburys-groceries.co.uk/gol/3752166/1/640x640.jpg,"Per 100ml when diluted 1 part cordial with 15 parts water
Energy 77kj/
18kcal
Fat 0g
of which saturates 0g
Carbohydrate 4.4g
of which sugars 4.4g
Protein 0g
Salt 0g","Sugar, Cotswold Spring Water, Elderflowers, Citric Acid, Natural Flavourings",https://www.sainsburys.co.uk/gol-ui/product/bottlegreen-elderflower-cordial-500ml,,2024-08-17T12:28:43.931725-04:00
66-36-DRI,Foster's Lager Beer Cans 18x440ml,Foster's,Drinks,Beer & cider,All beer,440ML,£15.00,18 for £15.00,£11.00,£1.89 / ltr,7910070,Beer.,,https://assets.sainsburys-groceries.co.uk/gol/7910070/1/640x640.jpg,"per 100ml:
Energy 137kJ/
33kcal
Fat: 0.0g
Saturates: 0.0g
Carbohydrate: 2.8g
Sugars: 0.0g
Protein: 0.0g
Salt: 0.02g","Water, Malted Barley, Glucose Syrup, Barley, Hops, Hop Extract",https://www.sainsburys.co.uk/gol-ui/product/fosters-lager-18x440ml,18 x 18x440ml,2024-08-17T12:28:51.374668-04:00
66-37-DRI,Nescafé Gold Blend Instant Coffee 200g,Nescafé,Drinks,Special offers,,,£7.60,,£6.15,£3.80 / 100g,2035475,Freeze-dried soluble coffee with finely ground roasted coffee,,https://assets.sainsburys-groceries.co.uk/gol/2035475/1/640x640.jpg,,"Soluble Coffee, Roast and Ground Coffee (3%)",https://www.sainsburys.co.uk/gol-ui/product/nescaf%C3%A9-gold-blend-instant-coffee-200g,,2024-08-17T12:29:04.301650-04:00
66-38-DRI,Robinsons Fruit & Barley Apple & Pear Squash No Added Sugar 1L,Robinsons,Drinks,Special offers,,1L,£2.15,,£1.25,22p / 100ml,6405725,"Concentrated Low Calorie Apple and Pear Soft Drink with Barley, Sweeteners and Vitamins.",,https://assets.sainsburys-groceries.co.uk/gol/6405725/1/640x640.jpg,"Per 100ml Diluted† %RI** Per 250ml Diluted† %RI**
Energy 10kJ/
2kcal - 25kJ/
5kcal -
Salt 0.03g - 0.08g -
Contains negligible amounts of fat, saturates, carbohydrate, sugars and protein.
*Reference intake of an average adult (8400kJ/2000kcal)
**Reference Intake
Bottle contains 20 servings
†Dilute 1 part concentrate with 4 parts water.","Water, Fruit Juices from Concentrate (Apple 6%, Pear 4%), Acids (Citric Acid, Malic Acid), Refined Barley Flour (1%), Acidity Regulator (Sodium Citrate), Natural Flavourings, Sweeteners (Acesulfame K, Sucralose), Preservatives (Potassium Sorbate, Sodium Metabisulphite), Vitamins (C, Niacin, B6, D)",https://www.sainsburys.co.uk/gol-ui/product/robinsons-squash-fruit---barley--apple---pear-1l,,2024-08-17T12:29:12.556660-04:00
66-39-DRI,7UP Zero Sugar Lemon & Lime Cans 8x330ml,7UP,Drinks,Fizzy drinks,Bigger multipacks,330ML,£3.70,8 for £3.70,£3.00,14p / 100ml,8166180,Carbonated Low Calorie Lemon and Lime Flavoured Soft Drink with Sweeteners.,,https://assets.sainsburys-groceries.co.uk/gol/8166180/1/640x640.jpg,"Per 100ml Per 330ml
Energy 8kJ/
2kcal 26kJ/
7kcal
Fat 0g 0g
of which Saturates 0g 0g
Carbohydrate 0g 0g
of which Sugars 0g 0g
Protein 0g 0g
Salt 0.04g 0.13g
Pack contains 8 servings of 330ml","Carbonated Water, Acids (Citric Acid, Malic Acid), Natural Lemon and Lime Flavouring, Acidity Regulator (Sodium Citrate), Sweeteners (Aspartame, Acesulfame K), Potassium Chloride, Stabiliser (Pectin)",https://www.sainsburys.co.uk/gol-ui/product/7up-zero-sugar-cans-8x330ml,8 x 8x330ml,2024-08-17T12:29:20.082006-04:00
66-40-DRI,Smirnoff Red Label Vodka 1L,Smirnoff,Drinks,Special offers,,1L,£24.00,,£19.00,£24.00 / ltr,2154251,"ABOUT - Smirnoff No. 21 is a smooth and flawless vodka, made to the specifics of Recipe No. 21 which was developed circa 1917 by Vladimir Smirnov. Popularly refered to as Red Label, this pure grain vodka is triple distilled and charcoal-filtered ten times to remove any impurities. It is the world's best-selling vodka and ideal for mixing or making cocktails.",,https://assets.sainsburys-groceries.co.uk/gol/2154251/1/640x640.jpg,,VODKA,https://www.sainsburys.co.uk/gol-ui/product/smirnoff-red-label-vodka-1l,,2024-08-17T12:29:34.190078-04:00
66-41-DRI,Oyster Bay Sauvignon Blanc 75cl,Oyster,Drinks,Special offers,,,£10.75,,£10.75,£10.75 / 75cl,3475751,,,https://assets.sainsburys-groceries.co.uk/gol/3475751/1/640x640.jpg,,,https://www.sainsburys.co.uk/gol-ui/product/oyster-bay-sauvignon-blanc-75cl,,2024-08-17T12:29:57.325556-04:00
66-42-DRI,Villa Maria Private Bin Sauvignon Blanc 75cl,Villa,Drinks,Special offers,,,£9.00,,£10.75,£9.00 / 75cl,2571843,New Zealand Wine,,https://assets.sainsburys-groceries.co.uk/gol/2571843/1/640x640.jpg,,,https://www.sainsburys.co.uk/gol-ui/product/villa-maria-private-bin-sauvignon-blanc-75cl,,2024-08-17T12:30:15.223645-04:00
66-43-DRI,Nescafe Gold Cappuccino Instant Coffee Sachets x12 15.5g,Nescafe,Drinks,Special offers,,,£2.80,,£2.25,£1.51 / 100g,8053015,Instant coffee beverage,,https://assets.sainsburys-groceries.co.uk/gol/8053015/1/640x640.jpg,"Per 100ml** Per mug** % RI*
Energy 116kJ 255kJ -
27kcal 60kcal 3%
Fat 0.6g 1.3g 2%
of which: saturates 0.5g 1.1g 6%
Carbohydrate 4.7g 10.4g 4%
of which: sugars 3.6g 7.9g 9%
Fibre 0.3g 0.7g -
Protein 0.6g 1.3g 3%
Salt 0.09g 0.19g 4%
*Reference Intake of an average adult (8400kJ/2000kcal)
**One sachet + 200ml water, makes 220ml; used as basis for per 100ml
Makes 12 mugs","Sugar†, Skimmed Milk Powder† (20%), Glucose Syrup†, Instant Coffee† (12%), Coconut Oil, Lactose† (Milk), Acidity Regulators (Sodium Bicarbonate, Citric Acid), Salt†, Natural Flavourings†",https://www.sainsburys.co.uk/gol-ui/product/nescafe-gold-cappuccino-instant-coffee-sachets-x12-155g,,2024-08-17T12:30:23.020372-04:00
66-44-DRI,Robinsons Fruit & Barley Peach Squash No Added Sugar 1L,Robinsons,Drinks,Special offers,,1L,£2.15,,£1.25,22p / 100ml,2666082,"Concentrated Low Calorie Peach Soft Drink with Barley, Sweeteners and Vitamins.",,https://assets.sainsburys-groceries.co.uk/gol/2666082/1/640x640.jpg,"Per 100ml Diluted† %RI** Per 250ml Diluted† %RI**
Energy 10kJ/
2kcal - 25kJ/
5kcal -
Salt 0.03g - 0.08g -
Contains negligible amounts of fat, saturates, carbohydrate, sugars and protein
†Dilute 1 Part Concentrate with 4 Parts Water
**Reference Intake
Bottle contains 20 servings","Water, Peach Juice from Concentrate (10%), Acids (Citric Acid, Malic Acid), Refined Barley Flour (1%), Acidity Regulator (Sodium Citrate), Sweeteners (Acesulfame K, Sucralose), Natural Flavouring, Preservatives (Potassium Sorbate, Sodium Metabisulphite), Vitamins (C, Niacin, B6, D), Natural Colours (Carotenes, Anthocyanins)",https://www.sainsburys.co.uk/gol-ui/product/robinsons-squash-fruit---barley--peach-1l,,2024-08-17T12:30:30.570071-04:00
66-45-DRI,"innocent Kids Strawberries, Raspberries & Apples Smoothies 4x150ml",innocent,Drinks,Dairy & chilled essentials,,150ML,£3.60,4 for £3.60,£2.00,60p / 100ml,8013061,"This innocent smoothie is a blend of whole crushed fruit, pure fruit juices and nothing else.",,https://assets.sainsburys-groceries.co.uk/gol/8013061/1/640x640.jpg,"per: 100ml per: 150ml
Energy 210kJ 315kJ
50kcal 74kcal
Fat <0.5g <0.5g
(of which saturates) <0.1g 0.2g
Carbohydrate 12g 18g
(of which sugars) 10g 15g
Fibre 0.6g 0.8g
Protein <0.5g 0.8g
Salt <0.01g <0.01g
* % Reference Intake of adults
Contains only sugars found naturally in fruit
150ml = 1 serving
4 servings in this pack","1/2 of a Pressed Apple (47%), 1/3 of a Squeezed Orange, 1/3 of a Mashed Banana**, 3 Pressed Grapes, 3/4 of a Crushed Strawberry (5.5%), 1 Crushed Blackberry, A Crushed Raspberry (1.6%), **Rainforest Alliance Certified",https://www.sainsburys.co.uk/gol-ui/product/innocent-kids-strawberry-raspb-4x150ml,4 x 4x150ml,2024-08-17T12:30:38.369294-04:00
66-46-DRI,Lipton Ice Tea Peach Flavoured Still Soft Drink 1.25L,Lipton,Drinks,Discover,Win with Lipton,1.25L,£2.25,,£1.50,18p / 100ml,7312075,Still Soft Drink with Tea Extract and Peach Juice with Sugars and Sweetener.,,https://assets.sainsburys-groceries.co.uk/gol/7312075/1/640x640.jpg,"Per 100 ml Per 250 ml % per 250 ml*
Energy 56 kJ/
13 kcal 141 kJ/
34 kcal 2 %
Fat 0 g 0 g 0 %
- of which saturates 0 g 0 g 0 %
Carbohydrate 3.1 g 7.8 g 3 %
- of which sugars 3.0 g 7.5 g 8 %
Protein 0 g 0 g 0 %
Salt 0.03 g 0.08 g 1 %
* Reference intake of an average adult (8400kJ/2000kcal)
1 portion = 250 ml (Pack contains 5 portions)","Water, Sugars (Sucrose, Fructose), Acids (Malic Acid, Citric Acid), Black Tea Extract (0.12%), Peach Juice from Concentrate (0.1%), Acidity Regulator (Trisodium Citrate), Flavourings, Antioxidant (Ascorbic Acid), Sweetener (Steviol Glycosides from Stevia)",https://www.sainsburys.co.uk/gol-ui/product/lipton-ice-tea-peach-125l,,2024-08-17T12:30:46.050764-04:00
66-47-DRI,Actimel Multifruit Cultured Yogurt Drink 8x100g,Actimel,Drinks,Dairy & eggs,Special offers,,£3.75,8 for £3.75,£2.50,47p / 100g,6005252,"Yogurt drink with L.Casei Danone cultures, vitamins B6 and D and multifruit.",,https://assets.sainsburys-groceries.co.uk/gol/6005252/1/640x640.jpg,"Per 100g %RI*
Energy (kJ/kcal) 322/
76 4
Fat (g) 1.5 2
of which saturates (g) 1.0 5
Carbohydrate (g) 12 4
of which sugars (g) 11 13
Fibre (g) 1.0 -
Protein (g) 2.8 6
Salt (g) 0.10 2
*RI: Reference intake of an average adult (8400 kJ/2000kcal)","Yogurt (Milk), Skimmed Milk, Sugar/Liquid Sugar, Fruit Juice from Concentrate (2.1%) (Pineapple, Peach, Orange, Strawberry), Oligofructose (Fibre), Dextrose, Modified Tapioca Starch, Milk Minerals Concentrate, Natural Flavouring, Acidity Regulators (Citric Acid, Sodium Citrate), Stabiliser (Pectin), Lactobacillus Casei (L.Casei Danone®), Vitamins (B6, D)",https://www.sainsburys.co.uk/gol-ui/product/actimel-yogurt-drink--multi-fruits-8x100g,8 x 8x100g,2024-08-17T12:30:54.076589-04:00
66-48-DRI,Taylors of Harrogate Rich Italian Roast Ground Coffee 200g,Taylors,Drinks,Special offers,,,£4.30,,£3.00,£2.15 / 100g,8170703,Ground coffee,,https://assets.sainsburys-groceries.co.uk/gol/8170703/1/640x640.jpg,,Arabica Coffee (100%),https://www.sainsburys.co.uk/gol-ui/product/taylors-of-harrogate-rich-italian-ground-roast-coffee-200g,,2024-08-17T12:31:06.753139-04:00
66-49-DRI,Biotiful Gut Health Kefir Milk Drink Original 1L,Biotiful,Drinks,Dairy & eggs,Milk,1L,£3.50,,£3.00,35p / 100ml,8034954,Fermented milk traditionally known as kefir,,https://assets.sainsburys-groceries.co.uk/gol/8034954/1/640x640.jpg,"Per 100ml % of reference intake per 100ml 1 serving (250ml)
Energy kcal (kJ) 59 (245) - 148 (612)
Fat (g) 2.9 - 7.3
of which saturates (g) 2.1 - 5.3
Carbohydrates (g) 4.6 - 12
of which sugars*** (g) 2.8 - 7.0
Protein (g) 3.5 - 8.8
Salt (g) 0.10 - 0.25
***Contains naturally occurring sugars","Pasteurised Cow's Milk Fermented with Live Kefir Cultures†, †Includes: Bifidobacterium, Lactobacillus Acidophilus, Lactobacillus Casei, Lactobacillus Rhamnosus",https://www.sainsburys.co.uk/gol-ui/product/biotiful-kefir-original-1l,,2024-08-17T12:31:14.955266-04:00
66-50-DRI,"Sainsbury's Victoria Sponge Cake, Taste the Difference 345g",Sainsbury's,Drinks,Bakery essentials,,,£3.50,,£2.50,£10.14 / kg,6028628,"Sponge sandwiched with buttercream and raspberry jam, topped with a dusting of sugar",,https://assets.sainsburys-groceries.co.uk/gol/6028628/1/640x640.jpg,"Typical Values per 100g  per slice  % based on RI for Average Adult
Energy 1663kJ 956kJ -
397kcal 228kcal 11%
Fat 18.4g 10.6g 15%
Saturates 5.0g 2.8g 14%
Mono-unsaturates 8.6g 4.9g -
Polyunsaturates 3.8g 2.2g -
Carbohydrate 52.6g 30.2g 12%
Sugars 31.2g 17.9g 20%
Starch 21.4g 12.3g -
Fibre 0.9g 0.5g -
Protein 4.8g 2.8g 6%
Salt 0.56g 0.32g 5%",,https://www.sainsburys.co.uk/gol-ui/product/sainsburys-victoria-sponge-cake--taste-the-difference-5,,2024-08-17T12:31:28.093198-04:00
66-51-DRI,"Sainsbury's Cranberry Juice Drink, No Added Sugar 1L",Sainsbury's,Drinks,Juice & smoothies,All juice & smoothies,1L,£1.35,,£2.50,14p / 100ml,1058499,No added sugar cranberry juice drink from concentrate with sweeteners,150 ml,https://assets.sainsburys-groceries.co.uk/gol/1058499/1/640x640.jpg,"Typical Values Per 100ml  Per 150ml serving  % based on RI for Average Adult
Energy 15kJ 23kJ -
4kcal 5kcal -
Fat <0.5g <0.5g -
Saturates <0.1g <0.1g -
Mono-unsaturates <0.1g <0.1g -
Polyunsaturates <0.1g <0.1g -
Carbohydrate 0.5g 0.8g -
Sugars 0.5g 0.8g 1%
Starch <0.5g <0.5g -
Fibre <0.5g <0.5g -
Protein <0.5g <0.5g -
Salt <0.01g <0.01g -",,https://www.sainsburys.co.uk/gol-ui/product/sainsburys-no-added-sugar-cranberry-low-sugar-drink--be-good-to-yourself-1l,,2024-08-17T12:31:40.780418-04:00
66-52-DRI,Taylors of Harrogate Lazy Sunday Roast Ground Coffee 200g,Taylors,Drinks,Special offers,,,£4.30,,£3.00,£2.15 / 100g,8170697,Ground coffee,,https://assets.sainsburys-groceries.co.uk/gol/8170697/1/640x640.jpg,,Arabica Coffee (100%),https://www.sainsburys.co.uk/gol-ui/product/taylors-of-harrogate-lazy-sunday-ground-roast-coffee-200g,,2024-08-17T12:31:54.424656-04:00
66-53-DRI,Actimel Strawberry Cultured Yogurt Drink 8x100g,Actimel,Drinks,Dairy & eggs,Special offers,,£3.75,8 for £3.75,£2.50,47p / 100g,4135692,"Yogurt drink with L.Casei Danone cultures, vitamins D and B6, and strawberry.",,https://assets.sainsburys-groceries.co.uk/gol/4135692/1/640x640.jpg,"Per 100g %RI*
Energy (kJ/kcal) 309/
73 4
Fat (g) 1.5 2
of which saturates (g) 1.0 5
Carbohydrate (g) 11 4
of which sugars (g) 11 12
Fibre (g) 1.0 -
Protein (g) 2.8 6
Salt (g) 0.10 2
*RI: Reference intake of an average adult (8400 kJ/2000 kcal)","Yogurt (Milk), Skimmed Milk, Sugar / Liquid Sugar, Strawberry Purée (2.1%), Oligofructose (Fibre), Dextrose, Modified Starch, Milk Minerals, Natural Flavourings, Acidity Regulators (Citric Acid, Sodium Citrate), Lactobacillus Casei (L. Casei Danone®), Vitamins (D, B6)",https://www.sainsburys.co.uk/gol-ui/product/actimel-yogurt-drink-strawberry-8x100g,8 x 8x100g,2024-08-17T12:32:03.198721-04:00
66-54-DRI,Oatly Oat Drink Barista Edition Chilled 1L,Oatly,Drinks,Dairy & eggs,Dairy free,1L,£2.20,,£1.70,£2.20 / ltr,8117458,Foamable oat drink with added vitamins and minerals.,,https://assets.sainsburys-groceries.co.uk/gol/8117458/1/640x640.jpg,"per 100ml:
Energy 257 kJ/
61 kcal
Fat 3.0g
of which saturates 0.3g
Carbohydrate 7.1g
of which sugars 3.4g*
Fibre 0.8g
Protein 1.1g
Salt 0.10g
*Natural sugars from oats","Water, Oats 10%, Rapeseed Oil, Acidity Regulator (Dipotassium Phosphate), Minerals (Calcium Carbonate, Potassium Iodide), Salt, Vitamins (D2, Riboflavin, B12)",https://www.sainsburys.co.uk/gol-ui/product/oatly-barista-edition-original-oat-drink-1l,,2024-08-17T12:32:10.735573-04:00
66-55-DRI,Nescafé Azera Americano Decaff Instant Coffee 90g,Nescafé,Drinks,Special offers,,,£6.50,,£3.50,£7.22 / 100g,7852029,Decaffeinated soluble coffee with decaffeinated roast and ground coffee,,https://assets.sainsburys-groceries.co.uk/gol/7852029/1/640x640.jpg,,"Decaffeinated Soluble Coffee, Decaffeinated Roast and Ground Coffee (5%)",https://www.sainsburys.co.uk/gol-ui/product/nescaf%C3%A9-azera-americano-decaff-instant-coffee-100g,,2024-08-17T12:32:23.616215-04:00
66-56-DRI,Tetley Everyday Tea Bags Decaffeinated x80 250g,Tetley,Drinks,Special offers,,,£3.70,,£2.00,£1.48 / 100g,2797717,Decaffeinated Black Tea,,https://assets.sainsburys-groceries.co.uk/gol/2797717/1/640x640.jpg,"Per 100ml Infusion
Energy 4kJ 1kcal
Fat 0g
of which saturates 0g
Carbohydrate 0.3g
of which sugars 0g
Protein 0g
Salt 0g","Decaffeinated Black Tea**, **Rainforest Alliance Certified",https://www.sainsburys.co.uk/gol-ui/product/tetley-everyday-tea-bags--decaffeinated-x80-250g,,2024-08-17T12:32:30.874977-04:00
66-57-DRI,Phantom River Sauvignon Blanc 75cl,Phantom,Drinks,Low everyday prices,,,£6.00,,£6.25,£6.00 / 75cl,7628489,Sauvignon Blanc - White Chilean Wine,,https://assets.sainsburys-groceries.co.uk/gol/7628489/1/640x640.jpg,,,https://www.sainsburys.co.uk/gol-ui/product/phantom-river-sauvignon-blanc-75cl,,2024-08-17T12:32:49.283534-04:00
66-58-DRI,Twinings English Breakfast Plant Based Tea Bags x80 200g,Twinings,Drinks,Vegetarian & plant based,,,£4.80,,£3.00,£2.40 / 100g,8150884,Great taste 2023,,https://assets.sainsburys-groceries.co.uk/gol/8150884/1/640x640.jpg,,100% Black Tea,https://www.sainsburys.co.uk/gol-ui/product/twinings-english-breakfast-plant-based-tea-bags-200g-x80,,2024-08-17T12:33:02.485734-04:00
66-59-DRI,Alpro Oat Milk Long Life Dairy Alternative 1L,Alpro,Drinks,Dairy & eggs,Dairy free,1L,£2.10,,£1.50,£2.10 / ltr,7679541,Oat drink with added calcium and vitamins.,,https://assets.sainsburys-groceries.co.uk/gol/7679541/1/640x640.jpg,"per 100ml
Energy 185 kJ /
44 kcal
Fat 1.4 g
of which Saturates 0.2 g
Carbohydrate 6.5 g
of which Sugars 2.6 g
Fibre 1.9 g
Protein 0.4 g
Salt 0.10 g
- D2 0.75 µg*
Minerals:
* = 15% of the nutrient reference values","Oat Base [96.6%] [Water, Oat [9.8%]], Soluble Corn Fibre, Sunflower Oil, Calcium [Tri-Calcium Phosphate), Sea Salt, Stabi- Liser (Gellan Gum), Vitamins B2, B12, D2",https://www.sainsburys.co.uk/gol-ui/product/alpro-long-life-soya-milk-alternative--oat-1l,,2024-08-17T12:33:09.884626-04:00
66-60-DRI,Oatly Organic Oat Drink Long Life 1L,Oatly,Drinks,Dairy & eggs,Dairy free,1L,£2.15,,£1.50,£2.15 / ltr,6338528,Organic oat drink.,,https://assets.sainsburys-groceries.co.uk/gol/6338528/1/640x640.jpg,"per 100 ml:
Energy 166 kJ/
39 kcal
Fat 0.5 g
of which
saturates 0.1 g
Carbohydrate 7.2 g
of which
sugars 3.4 g*
Fibre 0.8 g
Protein 1.1 g
Salt 0.10 g
*Natural sugars from oats","Water, Oats* 10%, Sea Salt, *Organic Ingredient",https://www.sainsburys.co.uk/gol-ui/product/oatly-long-life-oat-milk-altermative-1l,,2024-08-17T12:33:17.656626-04:00
66-61-DRI,"Sainsbury's Chocolate Cake, Taste the Difference 395g",Sainsbury's,Drinks,Birthday & party cakes,,,£3.50,,£2.50,£8.86 / kg,6025401,Chocolate cake layered and topped with Belgian chocolate buttercream,,https://assets.sainsburys-groceries.co.uk/gol/6025401/1/640x640.jpg,"Typical Values per 100g  per slice  % based on RI for Average Adult
Energy 1750kJ 1152kJ -
418kcal 275kcal 14%
Fat 20.0g 13.1g 19%
Saturates 7.5g 5.0g 25%
Mono-unsaturates 8.6g 5.7g -
Polyunsaturates 2.8g 1.8g -
Carbohydrate 53.4g 35.2g 14%
Sugars 35.5g 23.4g 26%
Starch 17.9g 11.8g -
Fibre 1.4g 0.9g -
Protein 5.4g 3.6g 7%
Salt 0.51g 0.34g 6%",,https://www.sainsburys.co.uk/gol-ui/product/sainsburys-belgian-chocolate-fudge-cake--taste-the-difference-5,,2024-08-17T12:33:30.242053-04:00
66-62-DRI,Champagne Lanson Le Black Création 75cl,Champagne,Drinks,Champagne & sparkling wine,All champagne & sparkling wine,,£43.00,,£39.00,£43.00 / 75cl,2193663,Black Label Champagne,,https://assets.sainsburys-groceries.co.uk/gol/2193663/1/640x640.jpg,,,https://www.sainsburys.co.uk/gol-ui/product/lanson-black-label-brut--non-vintage-75cl,,2024-08-17T12:33:48.565549-04:00
66-63-DRI,Robinsons Fruit & Barley Orange Squash No Added Sugar 1L,Robinsons,Drinks,Special offers,,1L,£2.15,,£1.25,22p / 100ml,2666051,"Concentrated Low Calorie Orange Soft Drink with Barley, Sweeteners and Vitamins.",,https://assets.sainsburys-groceries.co.uk/gol/2666051/1/640x640.jpg,"Per 100ml Diluted† %RI** Per 250ml Diluted† %RI**
Energy 9kJ/
2kcal - 23kJ/
5kcal -
Salt 0.03g - 0.08g -
Contains negligible amounts of fat, saturates, carbohydrate, sugars and protein
†Dilute 1 Part Concentrate with 4 Parts Water
**Reference Intake
Bottle contains 20 servings","Water, Orange Juice from Concentrate (7%), Orange Fruit from Concentrate (3%), Acids (Citric Acid, Malic Acid), Refined Barley Flour (1%), Acidity Regulator (Sodium Citrate), Natural Flavouring, Sweeteners (Acesulfame K, Sucralose), Preservatives (Potassium Sorbate, Sodium Metabisulphite), Vitamins (C, Niacin, B6, D), Emulsifier (Glycerol Esters of Wood Rosins), Natural Colour (Carotenes)",https://www.sainsburys.co.uk/gol-ui/product/robinsons-squash-fruit---barley--orange-1l,,2024-08-17T12:33:56.172000-04:00
66-64-DRI,Pepsi Max No Sugar Cola Bottle 1.25L,Pepsi,Drinks,Fizzy drinks,Cola,1.25L,£1.60,,£1.25,13p / 100ml,7953406,Carbonated Low Calorie Cola Flavoured Soft Drink with Sweeteners,,https://assets.sainsburys-groceries.co.uk/gol/7953406/1/640x640.jpg,"Per 100ml Per 250ml
Energy 2kJ/
0.4kcal 5kJ/
1kcal
Fat 0g 0g
of which saturates 0g 0g
Carbohydrate 0g 0g
of which sugars 0g 0g
Protein 0g 0g
Salt 0g 0g
Bottle contains 5 servings","Carbonated Water, Colour (E150d), Sweeteners (Aspartame, Acesulfame K), Acids (Phosphoric Acid, Citric Acid), Flavourings (including Caffeine), Preservative (Potassium Sorbate)",https://www.sainsburys.co.uk/gol-ui/product/pepsi-max-125l,,2024-08-17T12:34:04.113921-04:00
66-65-DRI,Sainsbury's Pure Orange Juice With Bits 1L,Sainsbury's,Drinks,Juice & smoothies,All juice & smoothies,1L,£1.75,,£2.50,18p / 100ml,1323511,Orange juice from concentrate with juicy bits,150 ml,https://assets.sainsburys-groceries.co.uk/gol/1323511/1/640x640.jpg,"Typical Values Per 100ml  Per 150ml serving  % based on RI for Average Adult
Energy 176kJ 265kJ -
42kcal 62kcal 3%
Fat <0.5g <0.5g 1%
Saturates <0.1g <0.1g -
Mono-unsaturates <0.1g <0.1g -
Polyunsaturates 0.1g 0.2g -
Carbohydrate 8.4g 12.5g 5%
Sugars 8.3g 12.4g 14%
Starch <0.5g <0.5g -
Fibre <0.5g <0.5g -
Protein 0.7g 1.0g 2%
Salt 0.10g 0.14g 2%",,https://www.sainsburys.co.uk/gol-ui/product/sainsburys-orange-juice-with-bits-1l,,2024-08-17T12:34:17.993192-04:00
66-66-DRI,Corona Extra Premium Lager Beer Bottles 12x330ml,Corona,Drinks,Beer & cider,All beer,330ML,£15.00,12 for £15.00,£14.00,£3.79 / ltr,6639802,Beer,,https://assets.sainsburys-groceries.co.uk/gol/6639802/1/640x640.jpg,"Per 100ml Per 330ml
Energy (kJ / kcal) 176kJ /
42kcal 581kJ /
139kcal
Fat 0g 0g
of which saturates 0g 0g
Carbohydrate 4.0g 13.2g
of which sugars 0.2g 0.5g
Protein 0.3g 1.0g
Salt 0g 0.02g","Water, Barley Malt, Maize, Hops",https://www.sainsburys.co.uk/gol-ui/product/corona-extra-12x330ml,12 x 12x330ml,2024-08-17T12:34:26.622361-04:00
66-67-DRI,Innocent Pure Orange Juice Smooth 900ml,Innocent,Drinks,Juice & smoothies,All juice & smoothies,900ML,£3.00,,£2.00,33p / 100ml,7437976,Orange juice smooth,150 ml,https://assets.sainsburys-groceries.co.uk/gol/7437976/1/640x640.jpg,"100ml %
Energy 154kJ (36kcal) 231kJ (55kcal)
Fat 0g 0g
(of which saturates) 0g 0g
Carbohydrate 7.8g 12g
(of which sugars) 7.8g 12g
Protein 0.7g 1.1g
Salt 0g 0g
* % Reference Intake
1 serving = 150ml",11 Juicy Oranges squeezed into every bottle,https://www.sainsburys.co.uk/gol-ui/product/innocent-smooth-orange-juice-900ml,,2024-08-17T12:34:34.089125-04:00
66-68-DRI,"Sainsbury's Pinot Grigio, Taste the Difference 75cl",Sainsbury's,Drinks,Special offers,,,£8.25,,£7.75,£8.25 / 75cl,6377156,Pinot Grigio Trentino,,https://assets.sainsburys-groceries.co.uk/gol/6377156/1/640x640.jpg,"Typical Values Per 100ml  per 125ml glass  % based on RI for Average Adult
Energy 72kcal 91kcal -
304kJ 380kJ -",,https://www.sainsburys.co.uk/gol-ui/product/sainsburys-pinot-grigio--taste-the-difference-75cl,,2024-08-17T12:34:47.028870-04:00
66-69-DRI,"Sainsbury's Colombian Coffee & Walnut Cake, Taste the Difference 400g",Sainsbury's,Drinks,Birthday & party cakes,,,£3.50,,£2.50,£8.75 / kg,6025331,Coffee cake layered with coffee buttercream and topped with coffee buttercream and walnuts,,https://assets.sainsburys-groceries.co.uk/gol/6025331/1/640x640.jpg,"Typical Values per 100g  per slice  % based on RI for Average Adult
Energy 1757kJ 1171kJ -
420kcal 280kcal 14%
Fat 20.9g 14.0g 20%
Saturates 7.6g 5.1g 26%
Mono-unsaturates 8.4g 5.6g -
Polyunsaturates 3.8g 2.5g -
Carbohydrate 52.8g 35.2g 14%
Sugars 33.0g 22.0g 24%
Starch 19.8g 13.2g -
Fibre 0.9g 0.6g -
Protein 4.6g 3.0g 6%
Salt 0.36g 0.24g 4%",,https://www.sainsburys.co.uk/gol-ui/product/sainsburys-colombian-coffee-cake-taste-the-difference-400g-serves-6-,,2024-08-17T12:34:59.734199-04:00
66-70-DRI,Clearsprings Sauvignon Blanc 75cl,Clearsprings,Drinks,Low everyday prices,,,£6.00,,£6.50,£6.00 / 75cl,7600175,Sauvignon Blanc,,https://assets.sainsburys-groceries.co.uk/gol/7600175/1/640x640.jpg,,,https://www.sainsburys.co.uk/gol-ui/product/clearsprings-sauvignon-blanc-75cl,,2024-08-17T12:35:17.371829-04:00
66-71-DRI,San Pellegrino Sparkling Natural Mineral Water 6x500ml,San,Drinks,Special offers,,500ML,£4.00,6 for £4.00,£3.25,13p / 100ml,8066619,Carbonated Natural Mineral Water,,https://assets.sainsburys-groceries.co.uk/gol/8066619/1/640x640.jpg,"Typical Analysis (mg/L)
Sulphate SO4^2- 401
Bicarbonate HCO3- 244
Sodium Na+ 30.0
Silica Residue SiO^2 7.3
Strontium Sr^2+ 2.9
Nitrate NO3- 2.8
Total Dissolved Solids (at 180°C: mg/L 853
pH at the source: 7.7",,https://www.sainsburys.co.uk/gol-ui/product/san-pellegrino-sparkling-water-6x500ml,6 x 6x500ml,2024-08-17T12:35:30.089998-04:00
66-72-DRI,San Miguel Premium Lager Beer Bottles 12x330ml,San,Drinks,Low & no alcohol,No alcohol,330ML,£12.50,12 for £12.50,£1.85,£3.16 / ltr,7613831,Premium Lager Beer,,https://assets.sainsburys-groceries.co.uk/gol/7613831/1/640x640.jpg,"Per 100ml:
Energy 188kJ /
45kcal
Fat 0g
Of which Saturates 0g
Carbohydrate 3.7g
Of which Sugars 0.0g
Protein 0.4g
Salt <0.01g","Water, Malted Barley, Hops",https://www.sainsburys.co.uk/gol-ui/product/san-miguel-12x330ml,12 x 12x330ml,2024-08-17T12:35:37.457790-04:00
66-73-DRI,Nescafé Original Instant Coffee 300g,Nescafé,Drinks,Special offers,,,£7.75,,£6.40,£2.58 / 100g,3787410,Soluble coffee,,https://assets.sainsburys-groceries.co.uk/gol/3787410/1/640x640.jpg,,,https://www.sainsburys.co.uk/gol-ui/product/nescaf%C3%A9-original-instant-coffee-300g,,2024-08-17T12:35:55.557349-04:00
66-74-DRI,Volvic Touch of Fruit Sugar Free Strawberry Flavoured Water 1.5L,Volvic,Drinks,Special offers,,1.5L,£1.40,,£1.00,9p / 100ml,3315118,Still Natural Mineral Water Flavoured Drink with Sweeteners.,100 ml,https://assets.sainsburys-groceries.co.uk/gol/3315118/1/640x640.jpg,"Per 100 ml Per Serving 250 ml % RI* (250 ml)
Energy 3 kJ 7 kJ 0%
1 kcal 2 kcal 0%
Fat 0 g 0 g 0%
Of which Saturates 0 g 0 g 0%
Carbohydrate 0 g 0 g 0%
Of which Sugars 0 g 0 g 0%
Protein 0 g 0 g 0%
Salt <0.01 g <0.01 g 0%
*RI = Reference intake of an average adult (8400 kJ / 2000 kcal)
This bottle contains 6 servings of 250 ml","Volvic Natural Mineral Water (99.8%), Acid (Citric Acid), Natural Strawberry Flavouring with other Natural Flavourings, Preservative (Potassium Benzoate), Sweeteners (Sucralose, Acesulfame K)",https://www.sainsburys.co.uk/gol-ui/product/volvic-touch-of-fruit-sugarfree-strawberry-15l,,2024-08-17T12:36:04.260066-04:00
66-75-DRI,Barefoot Merlot Red Wine 75cl,Barefoot,Drinks,Special offers,,,£7.00,,£8.00,£7.00 / 75cl,7315652,"Merlot, Red Wine, California",,https://assets.sainsburys-groceries.co.uk/gol/7315652/1/640x640.jpg,,,https://www.sainsburys.co.uk/gol-ui/product/barefoot-merlot-75cl,,2024-08-17T12:36:21.657767-04:00
66-76-DRI,"Sainsbury's Sauvignon Blanc, Taste the Difference 75cl",Sainsbury's,Drinks,Discover,Taste the Difference Dine in for £12 (valid for deliveries from 10th April),,£7.50,,£6.50,£7.50 / 75cl,8184559,Sauvignon Blanc,,https://assets.sainsburys-groceries.co.uk/gol/8184559/1/640x640.jpg,"Typical Values per 100ml  per 125ml glass  % based on RI for Average Adult
Energy 64kcal 80kcal 4%
266kJ 333kJ -",,https://www.sainsburys.co.uk/gol-ui/product/sainsburys-sauvignon-blanc-taste-the-difference-75cl-8184559-p-44,,2024-08-17T12:36:34.885797-04:00
66-77-DRI,Yellow Tail Shiraz 75cl,Yellow,Drinks,Discover,Curry night,,£7.00,,£7.75,£7.00 / 75cl,6026754,Shiraz,,https://assets.sainsburys-groceries.co.uk/gol/6026754/1/640x640.jpg,,,https://www.sainsburys.co.uk/gol-ui/product/yellow-tail-shiraz-75cl,,2024-08-17T12:36:53.184158-04:00
66-78-DRI,Sprite zero sugar 2L,Sprite,Drinks,Fizzy drinks,Diet & sugar free,2L,£2.00,,£1.00,10p / 100ml,2288888,Sparkling Low Calorie Lemon-Lime Flavour Soft Drink with Sweeteners,,https://assets.sainsburys-groceries.co.uk/gol/2288888/1/640x640.jpg,"100 ml: 250 ml (%*):
Energy: 5 kJ, 1 kcal 13 kJ (0%), 3 kcal (0%)
Fat: 0 g 0 g (0%)
of which saturates: 0 g 0 g (0%)
Carbohydrate: 0 g 0 g (0%)
of which sugars: 0 g 0 g (0%)
Protein: 0 g 0 g (0%)
Salt: 0.03 g 0.08 g (1%)
Sodium: 11.9 mg 29.75 mg (496%)
* Reference intake of an average adult (8400 kJ/ 2000 kcal)","Carbonated Water, Acids (Citric Acid, Tartaric Acid), Acidity Regulator (Sodium Citrates), Sweeteners (Aspartame, Acesulfame-K, Sucralose), Natural Lemon, Lime Flavourings",https://www.sainsburys.co.uk/gol-ui/product/sprite-zero-2l,,2024-08-17T12:37:01.274235-04:00
66-79-DRI,Sainsbury's Pure Tomato Juice 1L,Sainsbury's,Drinks,Juice & smoothies,All juice & smoothies,1L,£1.35,,£4.00,14p / 100ml,6365350,Tomato juice from concentrate,150 ml,https://assets.sainsburys-groceries.co.uk/gol/6365350/1/640x640.jpg,"Typical Values Per 100ml  Per 150ml serving  % based on RI for Average Adult
Energy 76kJ 114kJ -
18kcal 27kcal 1%
Fat <0.5g <0.5g -
Saturates <0.1g <0.1g -
Carbohydrate 2.7g 4.0g 2%
Sugars 2.6g 3.9g 4%
Fibre 0.8g 1.2g -
Protein 0.6g 0.8g 2%
Salt 0.43g 0.65g 11%",,https://www.sainsburys.co.uk/gol-ui/product/sainsburys-pure-tomato-juice-1l,,2024-08-17T12:37:14.102738-04:00
66-80-DRI,Birra Moretti Lager Beer Bottle 18x330ml,Birra,Drinks,Beer & cider,All beer,330ML,£23.00,18 for £23.00,£20.00,£3.87 / ltr,8068848,Beer.,,https://assets.sainsburys-groceries.co.uk/gol/8068848/1/640x640.jpg,"per 100ml
Energy: 157 kJ /
37 kcal","Water, Malted Barley, Maize, Hops, Hop Extract",https://www.sainsburys.co.uk/gol-ui/product/birra-moretti-lager-beer-bottle-18x330ml,18 x 18x330ml,2024-08-17T12:37:21.592607-04:00
66-81-DRI,Grant's Triple Wood Blended Scotch Whisky 1L,Grant's,Drinks,Discover,Whisky flavours worth exploring,1L,£21.25,,£18.50,£21.25 / ltr,2405131,Triple Wood Blended Scotch Whisky,,https://assets.sainsburys-groceries.co.uk/gol/2405131/1/640x640.jpg,,,https://www.sainsburys.co.uk/gol-ui/product/grants-triple-wood-blended-scotch-whisky-1l-2405131-p,,2024-08-17T12:37:39.806346-04:00
66-82-DRI,Peroni Nastro Azzurro 0.0% Alcohol Free Beer Lager Bottles 4x330ml,Peroni,Drinks,Low & no alcohol,All low & no alcohol,330ML,£5.50,4 for £5.50,£4.25,£4.17 / ltr,7962162,Beer,,https://assets.sainsburys-groceries.co.uk/gol/7962162/1/640x640.jpg,"(per 100ml)
kJ 99
kcal 23
Fat 0g
of which Saturates 0g
Carbohydrates 5.6g
of which Sugars 0.8g
Protein 0.2g
Salt 0g","Water, Barley Malt, Italian Maize, Hops, Natural Flavours",https://www.sainsburys.co.uk/gol-ui/product/peroni-libera-4x330ml,4 x 4x330ml,2024-08-17T12:37:48.352528-04:00
66-83-DRI,Volvic Touch of Fruit Sugar Free Lemon & Lime Flavoured Water 1.5L,Volvic,Drinks,Special offers,,1.5L,£1.40,,£1.00,9p / 100ml,3488027,Still Natural Mineral Water Flavoured Drink with Sweeteners.,100 ml,https://assets.sainsburys-groceries.co.uk/gol/3488027/1/640x640.jpg,"Per 100 ml Per Serving 250 ml % RI* (250 ml)
Energy 5 kJ 11 kJ 0%
1 kcal 3 kcal 0%
Fat 0 g 0 g 0%
Of which Saturates 0 g 0 g 0%
Carbohydrate 0 g 0 g 0%
Of which Sugars 0 g 0 g 0%
Protein 0 g 0 g 0%
Salt <0.01 g <0.01 g 0%
*RI = Reference intake of an average adult (8400 kJ / 2000 kcal)
This bottle contains 6 servings of 250 ml","Volvic Natural Mineral Water (99.6%), Acid (Citric Acid), Natural Lemon and Lime Flavouring with other Natural Flavourings, Preservative (Potassium Benzoate), Sweeteners (Acesulfame K, Sucralose)",https://www.sainsburys.co.uk/gol-ui/product/volvic-touch-of-fruit-sugarfree-lemon---lime-15l,,2024-08-17T12:37:55.720297-04:00
66-84-DRI,Arla Big Filtered Milk Vitamin Enriched Whole Milk for Kids 1+ 2L,Arla,Drinks,Baby milk & drinks,All baby milk & drinks,2L,£2.50,,£2.75,£1.25 / ltr,7752346,"Fresh whole milk enriched with Iron, Vitamin A and Vitamin D, Homogenised, pasteurised, standardised and filtered.",,https://assets.sainsburys-groceries.co.uk/gol/7752346/1/640x640.jpg,"Per 100ml
Energy 273kJ/
65kcal
Fat 3.6g
of which saturates 2.3g
Carbohydrate 4.7g
of which sugars 4.7g
Protein 3.4g
Salt 0.1g
*Daily Reference Intake of an average adult","Whole Milk, Iron, Vitamin A, Vitamin D",https://www.sainsburys.co.uk/gol-ui/product/arla-big-milk-2l,,2024-08-17T12:38:04.582050-04:00
66-85-DRI,Lanson Le Rosé 75cl,Lanson,Drinks,Champagne & sparkling wine,All champagne & sparkling wine,,£38.00,,£48.00,£38.00 / 75cl,6015367,Champagne Brut Rosé,,https://assets.sainsburys-groceries.co.uk/gol/6015367/1/640x640.jpg,,,https://www.sainsburys.co.uk/gol-ui/product/lanson-le-ros%C3%A9-75cl,,2024-08-17T12:38:24.191054-04:00
66-86-DRI,Barefoot Pinot Grigio White Wine 75cl,Barefoot,Drinks,Special offers,,,£7.00,,£8.00,£7.00 / 75cl,7315657,"Pinot Grigio, White Wine, California",,https://assets.sainsburys-groceries.co.uk/gol/7315657/1/640x640.jpg,,,https://www.sainsburys.co.uk/gol-ui/product/barefoot-pinot-grigio-75cl,,2024-08-17T12:38:43.324653-04:00
66-87-DRI,Diet Coke No Caffeine 2L,Diet,Drinks,Discover,Coca Cola & Pizza,2L,£2.40,,£1.85,12p / 100ml,7900743,Sparkling Low Calorie Soft Drink with Plant Extracts with Sweeteners,,https://assets.sainsburys-groceries.co.uk/gol/7900743/1/640x640.jpg,"Per 100ml: Per 250ml (%*):
Energy: 1.6kJ 4kJ
: 0.4kcal 1kcal (0%)
Fat: 0g 0g (0%)
Of which saturates: 0g 0g (0%)
Carbohydrate: 0g 0g (0%)
Of which sugars: 0g 0g (0%)
Protein: 0g 0g (0%)
Salt: 0g 0g (0%)
*Reference intake of an average adult (8400kJ/2000kcal)","Carbonated Water, Colour (Caramel E150d), Sweeteners (Aspartame, Acesulfame K), Acids (Phosphoric Acid, Citric Acid), Natural Flavourings",https://www.sainsburys.co.uk/gol-ui/product/diet-coke-caffeine-free-2l,,2024-08-17T12:38:51.983025-04:00
66-88-DRI,"Innocent Kids Oranges, Mangoes & Pineapples Smoothies 4x150ml",Innocent,Drinks,Fruit juice & drinks,All fruit juice & smoothies,150ML,£3.60,4 for £3.60,£2.00,60p / 100ml,8013053,"This Innocent smoothie is a blend of whole crushed fruit, pure fruit juices and nothing else.",,https://assets.sainsburys-groceries.co.uk/gol/8013053/1/640x640.jpg,"per: 100ml per: 150ml
Energy 230kJ 345kJ
54kcal 81kcal
Fat <0.5g <0.5g
(of which saturates) <0.1g 0.2g
Carbohydrate 13g 19g
(of which sugars) 11g 17g
Fibre 0.8g 1.2g
Protein 0.7g 1g
Salt <0.01g <0.01g
* % Reference Intake of adults
Contains only sugars found naturally in fruit
150ml = 1 serving
4 servings in this pack","1 Squeezed Orange (51%), A Slice of Pressed Pineapple (26%), 1/3 of a Mashed Banana**, A Chunk of Crushed Mango (1.8%), Some Crushed Peach, **Rainforest Alliance Certified",https://www.sainsburys.co.uk/gol-ui/product/innocent-kids-orange-mango-4x150ml,4 x 4x150ml,2024-08-17T12:38:59.761863-04:00
66-89-DRI,Aqua Libra Sparkling Water Infused with Cucumber Mint & Lime 4x330ml,Aqua,Drinks,Special offers,,330ML,£3.35,4 for £3.35,£2.00,25p / 100ml,8071193,"Cucumber, Mint and Lime Flavour Sparkling Water Drink.",,https://assets.sainsburys-groceries.co.uk/gol/8071193/1/640x640.jpg,"per 100ml:
Energy 3kJ/
1kcal
Contains negligible amounts of fat, saturates, carbohydrate, sugars, protein and salt","Sparkling Water, Lemon Juice from Concentrate, Natural Flavourings",https://www.sainsburys.co.uk/gol-ui/product/aqua-libra-sparkling-water-infused-with-cucumber-mint-lime-4x330ml,4 x 4x330ml,2024-08-17T12:39:07.264017-04:00
66-90-DRI,Trivento Malbec Reserve 75cl,Trivento,Drinks,Special offers,,,£7.25,,£8.50,£7.25 / 75cl,7953670,Mendoza,,https://assets.sainsburys-groceries.co.uk/gol/7953670/1/640x640.jpg,,,https://www.sainsburys.co.uk/gol-ui/product/trivento-malbec-reserve-75cl-7953670-p,,2024-08-17T12:39:25.460119-04:00
66-91-DRI,Sainsbury's No Added Sugar Pineapple Mango & Passion Fruit Juice Drink From Concentrate 1L,Sainsbury's,Drinks,Juice & smoothies,All juice & smoothies,1L,£1.35,,£2.50,14p / 100ml,7879686,"No added sugar pineapple, mango & passion fruit juice drink from concentrate with sweeteners",150 ml,https://assets.sainsburys-groceries.co.uk/gol/7879686/1/640x640.jpg,"Typical Values Per 100ml  Per 150ml serving  % based on RI for Average Adult
Energy 64kJ 96kJ -
15kcal 23kcal 1%
Fat <0.5g <0.5g -
Saturates <0.1g <0.1g -
Mono-unsaturates <0.1g <0.1g -
Polyunsaturates <0.1g <0.1g -
Carbohydrate 3.2g 4.8g 2%
Sugars 2.8g 4.2g 5%
Starch <0.5g 0.6g -
Fibre <0.5g <0.5g -
Protein <0.5g <0.5g 1%
Salt <0.01g 0.02g -",,https://www.sainsburys.co.uk/gol-ui/product/sainsburys-no-added-sugar-pineapple--mango---passionfruit-juice-1l,,2024-08-17T12:39:38.004425-04:00
66-92-DRI,San Miguel Premium Lager Beer 10x440ml,San,Drinks,Beer & cider,All beer,440ML,£12.75,10 for £12.75,£11.00,£2.90 / ltr,7911803,Premium Lager Beer,,https://assets.sainsburys-groceries.co.uk/gol/7911803/1/640x640.jpg,"Per 100ml:
Energy 188kJ /
45kcal
Fat 0g
Of which Saturates 0g
Carbohydrate 3.7g
Of which Sugars 0.0g
Protein 0.4g
Salt <0.01g","Water, Malted Barley, Hops",https://www.sainsburys.co.uk/gol-ui/product/san-miguel-lager-10x440ml,10 x 10x440ml,2024-08-17T12:39:45.577322-04:00
66-93-DRI,"Sainsbury's Carrot Cake, Taste the Difference 395g",Sainsbury's,Drinks,Birthday & party cakes,,,£3.50,,£2.50,£8.86 / kg,6025921,Carrot cake filled and topped with cream cheese buttercream and decorated with walnuts,,https://assets.sainsburys-groceries.co.uk/gol/6025921/1/640x640.jpg,"Typical Values per 100g  per slice  % based on RI for Average Adult
Energy 1648kJ 1085kJ -
393kcal 259kcal 13%
Fat 17.9g 11.8g 17%
Saturates 4.8g 3.1g 16%
Mono-unsaturates 7.3g 4.8g -
Polyunsaturates 4.9g 3.2g -
Carbohydrate 52.9g 34.8g 13%
Sugars 34.6g 22.8g 25%
Starch 18.3g 12.0g -
Fibre 1.4g 0.9g -
Protein 4.5g 2.9g 6%
Salt 0.43g 0.29g 5%",,https://www.sainsburys.co.uk/gol-ui/product/sainsburys-carrot-cake--taste-the-difference-5,,2024-08-17T12:39:58.345014-04:00
66-94-DRI,"Tetley Everyday Tea Bags, Softpack x160",Tetley,Drinks,Special offers,,,£4.65,,£3.00,93p / 100g,3124901,Black Tea,,https://assets.sainsburys-groceries.co.uk/gol/3124901/1/640x640.jpg,"Per 100ml Infusion
Energy 4kJ 1kcal
Fat 0g
of which saturates 0g
Carbohydrate 0.3g
of which sugars 0g
Protein 0g
Salt 0g","Black Tea*, *Rainforest Alliance Certified",https://www.sainsburys.co.uk/gol-ui/product/tetley-everyday-tea-bags--softpack-x160,,2024-08-17T12:40:05.631738-04:00
66-95-DRI,Kronenbourg 1664 Lager Beer Cans 15 x 440ml,Kronenbourg,Drinks,Beer & cider,All beer,1664L,£17.00,,£12.00,£2.58 / ltr,7961376,Premium lager.,,https://assets.sainsburys-groceries.co.uk/gol/7961376/1/640x640.jpg,"per 100ml:
Energy 153kJ/
37kcal
Fat 0g
-of which saturates 0g
Carbohydrate 2.5g
0of which sugars <0.5g
Protein <0.5g
Salt <0.01g","Water, Malted Barley, Glucose Syrup, Malted Wheat, Wheat, Hops",https://www.sainsburys.co.uk/gol-ui/product/kronenbourg-1664-premium-beer-15-x-440ml-7961376-p,,2024-08-17T12:40:13.233992-04:00
66-96-DRI,Actimel Blueberry Cultured Yogurt Drink 8x100g,Actimel,Drinks,Dairy & eggs,Special offers,,£3.75,8 for £3.75,£2.50,47p / 100g,6489522,"Yogurt drink with L. Casei Danone cultures, vitamin B6 and D, and blueberry.",,https://assets.sainsburys-groceries.co.uk/gol/6489522/1/640x640.jpg,"Per 100 g % RI*
Energy 311 kJ/
74 kcal 4
Fat 1.5 g 2
of which saturates 1.0 g 5
Carbohydrate 11 g 4
of which sugars 11 g 12
Fibre 1.1 g -
Protein 2.8 g 6
Salt 0.11 g 2
*RI: Reference intake of an average adult (8400 kJ/2000 kcal)","Yogurt (Milk), Skimmed Milk, Sugar / Liquid Sugar, Oligofructose (Fibre), Blueberry Purée (1.2%), Blackberry Purée (1.1%), Dextrose, Modified Starch, Milk Minerals, Flavourings, Acidity Regulators (Citric Acid, Sodium Citrate), Lactobacillus Casei (L. Casei Danone®), Vitamins (B6,D)",https://www.sainsburys.co.uk/gol-ui/product/actimel-blueberry-yogurt-8x100g,8 x 8x100g,2024-08-17T12:40:20.807804-04:00
66-97-DRI,Nescafé Gold Origins Alta Rica Instant Coffee 95g,Nescafé,Drinks,Special offers,,,£5.05,,£3.85,£5.32 / 100g,2139432,Freeze-dried soluble coffee,,https://assets.sainsburys-groceries.co.uk/gol/2139432/1/640x640.jpg,,Soluble Coffee,https://www.sainsburys.co.uk/gol-ui/product/nescaf%C3%A9-gold-origins-alta-rica-instant-coffee-100g,,2024-08-17T12:40:32.882980-04:00
66-98-DRI,Volvic Touch of Fruit Sugar Free Summer Fruits Flavoured Water 1.5L,Volvic,Drinks,Special offers,,1.5L,£1.40,,£1.00,9p / 100ml,7878751,Still Natural Mineral Water Flavoured Drink with Sweeteners.,100 ml,https://assets.sainsburys-groceries.co.uk/gol/7878751/1/640x640.jpg,"Per 100 ml Per Serving 250 ml % RI* (250 ml)
Energy 2 kJ 5 kJ 0%
0 kcal 1 kcal 0%
Fat 0 g 0 g 0%
Of which Saturates 0 g 0 g 0%
Carbohydrate 0 g 0 g 0%
Of which Sugars 0 g 0 g 0%
Protein 0 g 0 g 0%
Salt <0.01 g <0.01 g 0%
*RI = Reference intake of an average adult (8400 kJ/ 2000 kcal)
This bottle contains 6 servings of 250ml","Volvic Natural Mineral Water (99.8%), Acidity Regulator (Citric Acid), Natural Summerfruit (Raspberry, Strawberry, Blackcurrant) Flavouring with other Natural Flavourings, Preservative (Potassium Benzoate), Sweeteners (Acesulfame K, Sucralose)",https://www.sainsburys.co.uk/gol-ui/product/volvic-touch-of-fruit-sugar-free-summer-fruits-flavoured-water-15l,,2024-08-17T12:40:40.286165-04:00
66-99-DRI,Belvoir Ginger Cordial 500ml,Belvoir,Drinks,Mixers & adult soft drinks,Cordials,500ML,£4.00,,£3.25,80p / 100ml,7004466,A spicy infusion of fresh root ginger,,https://assets.sainsburys-groceries.co.uk/gol/7004466/1/640x640.jpg,"Per 100ml diluted 1 to 10
Energy kJ/kcal 85/
20
Carbohydrate 4.9g
of which sugars 4.9g
Contains negligible amounts of fat, saturates, protein and salt","Sugar, Water, Lemon Juice from Concentrate, Fresh Root Ginger Infusion 11%, Pressed Ginger Juice 2%, Ginger Extracts, Capsicum Extract",https://www.sainsburys.co.uk/gol-ui/product/belvoir-ginger-cordial-500ml,,2024-08-17T12:40:47.158086-04:00
66-100-DRI,Yeo Valley Organic Fresh Semi Skimmed Milk 2L,Yeo,Drinks,Dairy & eggs,Milk,2L,£2.50,,£2.25,£1.25 / ltr,6483776,"Pasteurised, Homogenised, Organic Semi-Skimmed Milk",,https://assets.sainsburys-groceries.co.uk/gol/6483776/1/640x640.jpg,"Per 100ml
Energy 201kJ/
47kcal
Fat 1.8g
of which saturates 1.1g
Carbohydrate 4.8g
of which sugars 4.8g
Protein 3.6g
Salt 0.11g
RI† = Reference Intake",,https://www.sainsburys.co.uk/gol-ui/product/yeo-valley-organic-semi-skimmed-milk-2l,,2024-08-17T12:41:00.436663-04:00
66-101-DRI,Thatchers Gold Cider 10x440ml,Thatchers,Drinks,Beer & cider,Bigger packs,440ML,£11.00,10 for £11.00,£9.00,£2.50 / ltr,7855789,,,https://assets.sainsburys-groceries.co.uk/gol/7855789/1/640x640.jpg,,,https://www.sainsburys.co.uk/gol-ui/product/thatchers-gold-10x440ml,10 x 10x440ml,2024-08-17T12:41:23.524091-04:00
66-102-DRI,Aperol Aperitivo 70cl,Aperol,Drinks,Special offers,,,£17.00,,£13.00,£24.29 / ltr,7504204,Aperitivo,,https://assets.sainsburys-groceries.co.uk/gol/7504204/1/640x640.jpg,,,https://www.sainsburys.co.uk/gol-ui/product/aperol-aperitivo-70cl,,2024-08-17T12:41:41.635557-04:00
66-103-DRI,Fanta Orange Zero 2L,Fanta,Drinks,Fizzy drinks,Diet & sugar free,2L,£2.05,,£1.85,10p / 100ml,2900766,Sparkling Low Calorie Orange Fruit Drink with Sweeteners,,https://assets.sainsburys-groceries.co.uk/gol/2900766/1/640x640.jpg,"Per: 100 ml Per:250 ml (%*)
Energy 11 kJ 28 kJ (0%)
3 kcal 7 kcal (0%)
Fat 0 g 0 g (0%)
of which saturates 0 g 0 g (0%)
Carbohydrate 0.4 g 1.0 g (0%)
of which sugars 0.4 g 1.0 g (1%)
Protein 0 g 0 g (0%)
Salt 0.01 g 0.03 g (0%)
* Reference intake of an average adult (8400 kJ/ 2000 kcal)","Carbonated Water, Orange Juice from Concentrate (4%), Acids (Citric Acid, Malic Acid), Sweeteners (Cyclamates, Acesulfame-K, Sucralose, Steviol Glycosides from Stevia, Neohesperidine DC), Natural Orange Flavouring with other Natural Flavourings, Preservative (Potassium Sorbate), Antioxidant (Ascorbic Acid), Stabiliser (Guar Gum), Colour (Carotenes)",https://www.sainsburys.co.uk/gol-ui/product/fanta-orange-zero-2l,,2024-08-17T12:41:48.507710-04:00
66-104-DRI,Belvoir Farm Elderflower Cordial 500ml,Belvoir,Drinks,Mixers & adult soft drinks,Cordials,500ML,£4.00,,£3.25,80p / 100ml,7004491,Carefully Selected - Simple Ingredients,,https://assets.sainsburys-groceries.co.uk/gol/7004491/1/640x640.jpg,"Per 100ml diluted 1 to 10
Energy kJ/kcal 73/
17
Carbohydrate 4.3g
of which sugars 4.2g
Contains negligible amounts of fat, saturates, protein and salt","Sugar, Water, Elderflowers, Pressed Lemon Juice, Citric Acid",https://www.sainsburys.co.uk/gol-ui/product/belvoir-elderflower-cordial-500ml,,2024-08-17T12:41:55.846436-04:00
66-105-DRI,Tropicana Original Orange Fruit Juice with Bits 1.5L,Tropicana,Drinks,Fruit juice & drinks,All fruit juice & smoothies,1.5L,£4.00,,£3.00,27p / 100ml,7553211,Orange Juice with Bits,150 ml,https://assets.sainsburys-groceries.co.uk/gol/7553211/1/640x640.jpg,"Per 100ml Per 150ml %**
Energy 175kJ/
41kcal 262kJ/
62kcal 3%
Fat 0g 0g 0%
of which saturates 0g 0g 0%
Carbohydrate 9.3g 14g -
of which sugars† 8.6g 13g 14%
Fibre 0.4g 0.6g -
Protein 0.8g 1.2g -
Salt 0g 0g 0%
† Contains naturally occurring sugars
**Reference Intake of an average adult (8400kJ/2000kcal)
1 serving = 150ml. This pack contains 10 servings",Orange Juice,https://www.sainsburys.co.uk/gol-ui/product/tropicana-original-orange-juice-175l,,2024-08-17T12:42:03.925646-04:00
66-106-DRI,Carling Original Lager Beer Cans x18 440ml,Carling,Drinks,Beer & cider,All beer,440ML,£16.00,,£12.00,£2.02 / ltr,7855717,Original Lager.,,https://assets.sainsburys-groceries.co.uk/gol/7855717/1/640x640.jpg,"Per 100ml 440ml Can:
Energy 133kJ 585kJ
32kcal 140kcal
Fat 0g 0g
of which saturates 0g 0g
Carbohydrate 2.4g 10.6g
of which sugars 0g 0g
Protein 0.2g 0.9g
Salt 0g 0g",,https://www.sainsburys.co.uk/gol-ui/product/carling-lager-18x440ml,,2024-08-17T12:42:16.366504-04:00
66-107-DRI,Volvic Touch of Fruit Sugar Free Special Edition Mango Passion Flavoured Water 1.5L,Volvic,Drinks,Special offers,,1.5L,£1.40,,£1.00,9p / 100ml,7993155,Still Natural Mineral Water Flavoured Drink with Sweeteners.,100 ml,https://assets.sainsburys-groceries.co.uk/gol/7993155/1/640x640.jpg,"Per 100 ml Per Serving 250 ml % RI* (250 ml)
Energy 3 kJ 8 kJ 0%
1 kcal 2 kcal 0%
Fat 0 g 0 g 0%
Of which Saturates 0 g 0 g 0%
Carbohydrate 0 g 0 g 0%
Of which Sugars 0 g 0 g 0%
Protein 0 g 0 g 0%
Salt <0.01 g <0.01 g 0%
*RI = Reference intake of an average adult (8400 kJ / 2000 kcal)
This bottle contains 6 servings of 250 ml","Volvic Natural Mineral Water (99.8%), Acid (Citric Acid), Natural Mango and Passion Fruit Flavouring with other Natural Flavourings, Preservative (Potassium Benzoate), Sweeteners (Acesulfame K, Sucralose)",https://www.sainsburys.co.uk/gol-ui/product/volvic-touch-of-fruit-sugar-free-special-edition-mango-passion-flavoured-water-15l,,2024-08-17T12:42:24.005016-04:00
66-108-DRI,Hendrick's Gin 70cl,Hendrick's,Drinks,Special offers,,,£31.50,,£27.00,£45.00 / ltr,6384792,Gin,,https://assets.sainsburys-groceries.co.uk/gol/6384792/1/640x640.jpg,,,https://www.sainsburys.co.uk/gol-ui/product/hendricks-gin-70cl,,2024-08-17T12:42:42.202471-04:00
66-109-DRI,San Pellegrino Sparkling Natural Mineral Water 1L,San,Drinks,Special offers,,1L,£1.60,,£1.00,16p / 100ml,6731637,Carbonated Natural Mineral Water,,https://assets.sainsburys-groceries.co.uk/gol/6731637/1/640x640.jpg,"Typical Analysis (mg/L)
Sulphate SO4^2- 402
Bicarbonate HCO3 - 243
Sodium Na+ 31.2
Silica Residue SiO2 7.1
Nitrate NO3- 2.9
Strontium Sr^2+ 2.7
Total Dissolved Solids at (180°C): mg/L 854
pH at the source: 7.6",,https://www.sainsburys.co.uk/gol-ui/product/san-pellegrino-sparkling-water-1l,,2024-08-17T12:42:54.463137-04:00
66-110-DRI,Sprite 2L,Sprite,Drinks,Discover,Curry night,2L,£2.00,,£1.00,10p / 100ml,2331331,Sparkling Lemon-Lime Flavour Low Calorie Soft Drink with Sugar and Sweeteners,,https://assets.sainsburys-groceries.co.uk/gol/2331331/1/640x640.jpg,"100ml: 250 ml (%*):
Energy: 79 kJ, 19 kcal 198 kJ (2%), 48 kcal (2%)
Fat: 0 g 0 g (0%)
of which saturates: 0 g 0 g (0%)
Carbohydrate: 4.4 g 11 g (6%)
of which sugars: 4.4 g 11 g (12%)
Protein: 0 g 0 g (0%)
Salt: 0.04 g 0.1 g (2%)
* Reference intake of an average adult (8400 kJ/ 2000 kcal)","Carbonated Water, Sugar, Acids (Citric Acid, Tartaric Acid), Acidity Regulator (Sodium Citrates), Sweeteners (Acesulfame-K, Aspartame), Natural Lemon and Lime Flavourings",https://www.sainsburys.co.uk/gol-ui/product/sprite-sparkling-lemon---lime-drink-2l,,2024-08-17T12:43:01.484690-04:00
66-111-DRI,Actimel Original 0% Added Sugar Fat Free Yogurt Drink 8x100g,Actimel,Drinks,Dairy & eggs,Special offers,,£3.75,8 for £3.75,£2.50,47p / 100g,3569290,"Yogurt drink with L. casei Danone cultures, vitamins D and B6 and sweeteners.",,https://assets.sainsburys-groceries.co.uk/gol/3569290/1/640x640.jpg,"Per 100g % RI**
Energy (kJ/kcal) 115/
27 1
Fat (g) 0.1 0
of which saturates (g) 0 0
Carbohydrate (g) 3.0 1
of which sugars (g) 3.0 3
Fibre (g) 0.2 -
Protein (g) 2.7 5
Salt (g) 0.10 2
**RI: Reference intake of an average adult (8400kJ/2000kcal)","Yogurt (Milk), Water, Skimmed Milk, Stabiliser (Pectin), Milk Minerals Concentrate, Sweeteners (Sucralose, Acesulfame K), Flavourings, Lactobacillus Casei (L. Casei Danone®), Vitamins (D, B6)",https://www.sainsburys.co.uk/gol-ui/product/actimel-original-plain-fat-free-no-added-sugar-yogurt-drinks-8x100g,8 x 8x100g,2024-08-17T12:43:08.994821-04:00
66-112-DRI,Pepsi Max Cherry No Sugar Cola Cans 24x330ml,Pepsi,Drinks,Discover,"Heineken, Doritos and Pepsi Football snacks and drinks",330ML,£10.50,24 for £10.50,£8.50,13p / 100ml,8076827,Carbonated Low Calorie Cherry Cola Flavoured Soft Drink with Sweeteners,,https://assets.sainsburys-groceries.co.uk/gol/8076827/1/640x640.jpg,"Per 100ml Per 330ml
Energy 3kJ/
0.6kcal 10kJ/
2kcal
Fat 0g 0g
of which saturates 0g 0g
Carbohydrate 0g 0g
of which sugars 0g 0g
Protein 0g 0g
Salt 0g 0g
Pack contains 24 servings of 330ml","Carbonated Water, Colour (E150d), Sweeteners (Aspartame, Acesulfame K), Flavourings (Including Caffeine), Acids (Phosphoric Acid, Citric Acid), Preservative (Potassium Sorbate)",https://www.sainsburys.co.uk/gol-ui/product/pepsi-max-cherry-cola-24x330ml,24 x 24x330ml,2024-08-17T12:43:15.916058-04:00
66-113-DRI,Capri-Sun Orange 8 x 200ml,Capri-Sun,Drinks,Juice & smoothies,All juice & smoothies,200ML,£3.00,,£2.50,19p / 100ml,7987553,Fruit Juice Drink with Sugar and Sweetener,,https://assets.sainsburys-groceries.co.uk/gol/7987553/1/640x640.jpg,"per 100ml: per 200ml: (%¹):
Energy: 81kJ 162kJ -
: 19kcal 38kcal 2%
Carbohydrate: 4.4g 8.8g 3%
of which sugars: 4.4g 8.8g 10%
Fat, saturates, protein, salt - negligible amount
¹Reference intake of an average adult (8400kJ/2000kcal)","Water, Fruit Juices from Concentrate 10% (Orange 6%, Lemon 4%), Sugar, Natural Orange Flavouring with other Natural Flavourings, Sweetener (Steviol Glycosides), Antioxidant (Ascorbic Acid), Sweetener from a Natural Source",https://www.sainsburys.co.uk/gol-ui/product/capri-sun-orange-8-x-200ml,,2024-08-17T12:43:23.977545-04:00
66-114-DRI,Pukka Organic Three Mint Tea Bags x 20,Pukka,Drinks,Organic,All organic,,£4.75,,£3.50,£14.84 / 100g,7178799,"Perfect for after dinner, our Three Mint tea is crafted with the refreshing notes of spearmint, peppermint and fieldmint to create a vibrant and cool blend with a sweet and delicately aromatic finish",,https://assets.sainsburys-groceries.co.uk/gol/7178799/1/640x640.jpg,,"Peppermint Leaf (54%), Spearmint Leaf (39%), Fieldmint Leaf (7%), Naturally Caffeine-free and ethically sourced, 100% organically grown ingredients: Peppermint Leaf (54%), Spearmint Leaf (39%), Fieldmint Leaf (7%), 39% Fair trade ingredients certified according to the fair for life standard - spearmint",https://www.sainsburys.co.uk/gol-ui/product/pukka-organic-three-mint--peppermint--spearmint---fieldmint-herbal-tea-bags-x20,,2024-08-17T12:43:37.470398-04:00
66-115-DRI,Lipton Ice Tea Lemon Flavoured Still Soft Drink 1.25L,Lipton,Drinks,Discover,Win with Lipton,1.25L,£2.25,,£1.50,18p / 100ml,4215431,Still Soft Drink with Tea Extract and Lemon Juice with Sugars and Sweetener.,,https://assets.sainsburys-groceries.co.uk/gol/4215431/1/640x640.jpg,"Per 100 ml Per 250 ml % per 250 ml*
Energy 55 kJ/
13 kcal 139 kJ/
33 kcal 2 %
Fat 0 g 0 g 0 %
- of which saturates 0 g 0 g 0 %
Carbohydrate 3.1 g 7.8 g 3 %
- of which sugars 3.0 g 7.5 g 8 %
Protein 0 g 0 g 0 %
Salt 0.03 g 0.09 g 2 %
* Reference intake of an average adult (8400kJ/2000kcal)
1 portion = 250 ml (Pack contains 5 portions)","Water, Sugars (Sucrose, Fructose), Acids (Citric Acid, Malic Acid), Black Tea Extract (0.12%), Lemon Juice from Concentrate (0.1%), Acidity Regulator (Trisodium Citrate), Flavourings, Antioxidant (Ascorbic Acid), Sweetener (Steviol Glycosides from Stevia)",https://www.sainsburys.co.uk/gol-ui/product/lipton-ice-tea-lemon-125l,,2024-08-17T12:43:44.771371-04:00
66-116-DRI,Actimel Strawberry 0% Added Sugar Fat Free Yogurt Drink 8x100g,Actimel,Drinks,Dairy & eggs,Special offers,,£3.75,8 for £3.75,£2.50,47p / 100g,6310016,"Yogurt drink with L. casei Danone cultures, vitamins B6 and D, strawberry and with sweeteners.",,https://assets.sainsburys-groceries.co.uk/gol/6310016/1/640x640.jpg,"Per 100 g %RI**
Energy 116 kJ/
27 kcal 1
Fat 0.1 g 0
of which saturates 0 g 0
Carbohydrate 3.2 g 1
of which sugars 3.0 g 3
Fibre 0.2 g -
Protein 2.6 g 5
Salt 0.11 g 2
**RI: Reference intake of an average adult (8400 kJ/2000 kcal)","Yogurt (Milk), Water, Skimmed Milk, Strawberry Purée (2.0%), Modified Tapioca Starch, Stabiliser (Pectin), Milk Minerals Concentrate, Natural Flavourings, Acidity Regulators (Sodium Citrate, Citric Acid), Sweeteners (Sucralose, Acesulfame K), Lactobacillus Casei (L. Casei Danone®), Vitamins (B6, D)",https://www.sainsburys.co.uk/gol-ui/product/actimel-strawberry-fat-free-no-added-sugar-yogurt-drinks-8x100g,8 x 8x100g,2024-08-17T12:43:52.247363-04:00
66-117-DRI,Budweiser Lager Beer Bottles 20x300ml,Budweiser,Drinks,Beer & cider,All beer,300ML,£17.00,20 for £17.00,£12.00,£2.83 / ltr,7982258,Beer,,https://assets.sainsburys-groceries.co.uk/gol/7982258/1/640x640.jpg,"Per 100ml Per 300ml
Energy 162kJ /
486kJ /
(kJ / kcal) 39kcal 116kcal
Fat 0g 0g
of which saturates 0g 0g
Carbohydrates 3.1g 9.3g
of which sugars 0.1g 0.2g
Protein 0.3g 1.0g
Salt <0.01g <0.1g","Water, Barley Malt, Rice, Hops",https://www.sainsburys.co.uk/gol-ui/product/budweiser-lager-beer-bottles-20x300ml,20 x 20x300ml,2024-08-17T12:44:00.173255-04:00
66-118-DRI,Tango Apple Sugar Free Can 8x330ml,Tango,Drinks,Special offers,,330ML,£3.70,8 for £3.70,£3.00,14p / 100ml,8166134,Carbonated Sugar Free Apple Soft Drink with Sweeteners.,,https://assets.sainsburys-groceries.co.uk/gol/8166134/1/640x640.jpg,"Per 100ml
Energy 17kJ/
4kcal
Salt 0.05g
Contains negligible amounts of fat, saturates, carbohydrate, sugars and protein","Carbonated Water, Apple Juice from Concentrate (4%), Natural Apple Flavouring, Acid (Malic Acid), Acidity Regulator (Sodium Citrate), Sweeteners (Sucralose, Acesulfame K), Natural Colour (Plain Caramel), Preservative (Potassium Sorbate), Antioxidant (Ascorbic Acid)",https://www.sainsburys.co.uk/gol-ui/product/tango-apple-sugar-free-can-8x330ml,8 x 8x330ml,2024-08-17T12:44:07.240059-04:00
66-119-DRI,Sainsbury's Pineapple Juice 1L,Sainsbury's,Drinks,Juice & smoothies,All juice & smoothies,1L,£1.50,,£2.50,15p / 100ml,100847,Pineapple juice from concentrate,150 ml,https://assets.sainsburys-groceries.co.uk/gol/100847/1/640x640.jpg,"Typical Values Per 100ml  Per 150ml serving  % based on RI for Average Adult
Energy 212kJ 318kJ -
50kcal 75kcal 4%
Fat <0.5g <0.5g -
Saturates <0.1g <0.1g -
Carbohydrate 11.4g 17.1g 7%
Sugars 10.7g 16.0g 18%
Starch 0.7g 1.0g -
Fibre <0.5g <0.5g -
Protein <0.5g <0.5g 1%
Salt 0.07g 0.10g 2%",,https://www.sainsburys.co.uk/gol-ui/product/sainsburys-pineapple-juice-1l,,2024-08-17T12:44:19.502488-04:00
66-120-DRI,Coca-Cola Zero Sugar Zero Caffeine 2L,Coca-Cola,Drinks,Discover,Coca Cola & Pizza,2L,£2.40,,£1.50,12p / 100ml,8095614,Sparkling Low Calorie Soft Drink with Plant Extracts with Sweeteners.,,https://assets.sainsburys-groceries.co.uk/gol/8095614/1/640x640.jpg,"Per 100ml Per 250ml (%*)
Energy 1.4kJ 4kJ
0.3kcal 1kcal (0%)
Fat 0g 0g (0%)
of which saturates 0g 0g (0%)
Carbohydrate 0g 0g (0%)
of which sugars 0g 0g (0%)
Protein 0g 0g (0%)
Salt 0.2g 0.05g (1%)
*Reference intake of an average adult (8400kJ/2000kcal)","Carbonated Water, Colour (Caramel E150d), Acid (Phosphoric Acid), Sweeteners (Aspartame, Acesulfame-K), Natural Flavourings, Acidity Regulator (Sodium Citrates)",https://www.sainsburys.co.uk/gol-ui/product/coca-cola-zero-caffeine-free-2l,,2024-08-17T12:44:27.939887-04:00
66-121-DRI,Bacardi Carta Blanca Superior White Rum 100cl,Bacardi,Drinks,Special offers,,,£24.00,,£19.00,£24.00 / ltr,2397870,White Rum,,https://assets.sainsburys-groceries.co.uk/gol/2397870/1/640x640.jpg,"Per 100ml
Energy (kJ) 880 kJ
Energy (kcal) 210 kcal
Fat 0 g
Saturated Fat 0 g
Carbohydrates 0 g
Sugar 0 g
Protein 0 g
Salt 0 g",,https://www.sainsburys.co.uk/gol-ui/product/bacardi-superior-white-rum-1l,,2024-08-17T12:44:40.716805-04:00
66-122-DRI,Birra Moretti Premium Lager Cans 10x330ml,Birra,Drinks,Beer & cider,All beer,330ML,£12.00,10 for £12.00,£10.00,£3.64 / ltr,8112768,Beer.,,https://assets.sainsburys-groceries.co.uk/gol/8112768/1/640x640.jpg,"per 100ml
energy: 158 kJ / 38 kcal","Water, Malted Barley, Maize, Hops, Hop Extract",https://www.sainsburys.co.uk/gol-ui/product/birra-moretti-premium-lager-cans-10x330ml,10 x 10x330ml,2024-08-17T12:44:48.122957-04:00
66-123-DRI,"Vimto Sparkling, No Added Sugar 6x330ml",Vimto,Drinks,Fizzy drinks,Diet & sugar free,330ML,£3.00,6 for £3.00,£2.50,15p / 100ml,7007134,Carbonated low calorie mixed fruit juice drink with flavourings and sweeteners.,,https://assets.sainsburys-groceries.co.uk/gol/7007134/1/640x640.jpg,"Per 100ml
Energy 12kJ/
3kcal
Fat 0g
of which saturates 0g
Carbohydrate 0.5g
of which sugars 0.4g
Protein 0g
Salt 0.02g","Carbonated Water, Mixed Fruit Juices from Concentrate 3% (Grape, Blackcurrant, Raspberry), Acids (Citric Acid, Malic Acid), Vimto Flavouring (including Natural Extracts of Fruits, Herbs, Barley Malt and Spices), Colouring Food (Concentrates of Carrot, Hibiscus), Preservatives (Potassium Sorbate, Sodium Benzoate), Acidity Regulator (Sodium Citrate), Sweeteners (Sucralose, Acesulfame K), Antioxidant (Ascorbic Acid), Flavourings",https://www.sainsburys.co.uk/gol-ui/product/vimto-sparkling--no-added-sugar-6x330ml,6 x 6x330ml,2024-08-17T12:44:56.032536-04:00
66-124-DRI,Arla Lactofree Fresh Whole Milk Drink 1 Litre,Arla,Drinks,Dairy & eggs,Dairy free,1L,£1.85,,£1.50,£1.85 / ltr,7078916,Lactose Free Pasteurised Homogenised Standardised Whole Filtered Milk Drink,,https://assets.sainsburys-groceries.co.uk/gol/7078916/1/640x640.jpg,"Per 100ml Per 200ml
Energy 234kJ /
56kcal 468kJ /
112kcal
Fat 3.6g 7.1g
of which saturates 2.3g 4.6g
Carbohydrate 2.6g 5.3g
of which sugars 2.6g 5.3g
Protein 3.3g 6.7g
Salt 0.07g 0.14g
+Reference intake
Contains 5 servings","Whole Milk, Lactase Enzyme",https://www.sainsburys.co.uk/gol-ui/product/lactofree-whole-milk-1l,,2024-08-17T12:45:03.941417-04:00
66-125-DRI,McGuigan Black Label Red 75cl,McGuigan,Drinks,Special offers,,,£6.25,,£7.25,£6.25 / 75cl,7885488,,,https://assets.sainsburys-groceries.co.uk/gol/7885488/1/640x640.jpg,,,https://www.sainsburys.co.uk/gol-ui/product/mcguigan-black-label-red-75cl,,2024-08-17T12:45:27.453259-04:00
66-126-DRI,Nescafe Gold Latte Instant Coffee Sachets x12 234g,Nescafe,Drinks,Special offers,,,£2.80,,£2.25,£1.51 / 100g,8053066,Instant coffee beverage,,https://assets.sainsburys-groceries.co.uk/gol/8053066/1/640x640.jpg,"Per 100ml** Per mug** % RI*
Energy 140kJ 314kJ -
63kcal 75kcal 4%
Fat 1.0g 2.2g 3%
of which: saturates 0.8g 1.9g 9%
Carbohydrate 5.1g 11.4g 4%
of which: sugars 3.1g 7.0g 8%
Fibre 0.2g 0.5g -
Protein 0.8g 1.9g 4%
Salt 0.11g 0.25g 4%
*Reference Intake of an average adult (8400kJ/2000kcal)
**One sachet + 200ml water, makes 225ml; used as basis for per 100ml
Makes 12 mugs","Glucose Syrup†, Skimmed Milk Powder† (26%), Sugar†, Coconut Oil, Instant Coffee† (8%), Lactose† (Milk), Acidity Regulators (Sodium Bicarbonate, Citric Acid), Salt†, Natural Flavourings†",https://www.sainsburys.co.uk/gol-ui/product/nescafe-gold-latte-instant-coffee-sachets-x12-155g,,2024-08-17T12:45:34.919029-04:00
66-127-DRI,Robinsons Double Strength No Added Sugar Squash Orange & Pineapple 1.75L,Robinsons,Drinks,Special offers,,1.75L,£3.50,,£2.50,20p / 100ml,7432122,Concentrated Low Calorie Orange and Pineapple Soft Drink with Sweeteners.,,https://assets.sainsburys-groceries.co.uk/gol/7432122/1/640x640.jpg,"Per 100ml Diluted† Per 250ml Diluted†
Energy 6kJ/
1kcal 15kJ/
3kcal
Salt 0.02g 0.05g
Contains negligible amounts of fat, saturates, carbohydrate, sugars and protein
Bottle contains 70 servings
†Dilute 1 Part Concentrate with 9 Parts Water. It is Important to Add Extra Water if Given to Toddlers","Water, Orange Fruit from Concentrate (16%), Pineapple Juice from Concentrate (4%), Acid (Citric Acid), Natural Flavourings, Acidity Regulator (Sodium Citrate), Sweeteners (Sucralose, Acesulfame K), Preservatives (Potassium Sorbate, Sodium Metabisulphite), Stabiliser (Cellulose Gum), Natural Colour (Carotenes)",https://www.sainsburys.co.uk/gol-ui/product/robinsons-double-concentrate-orange---pineapple-squash--no-added-sugar-175l,,2024-08-17T12:45:43.218756-04:00
66-128-DRI,Volvic Touch of Fruit Sugar Free Watermelon Flavoured Water 1.5L,Volvic,Drinks,Special offers,,1.5L,£1.40,,£1.00,9p / 100ml,7878748,Still Natural Mineral Water Flavoured Drink with Sweeteners.,100 ml,https://assets.sainsburys-groceries.co.uk/gol/7878748/1/640x640.jpg,"Per 100 ml Per Serving 250 ml % RI* (250 ml)
Energy 3 kJ 8 kJ 0%
1 kcal 2 kcal 0%
Fat 0 g 0 g 0%
Of which Saturates 0 g 0 g 0%
Carbohydrate 0 g 0 g 0%
Of which Sugars 0 g 0 g 0%
Protein 0 g 0 g 0%
Salt <0.01 g <0.01 g 0%
*RI = Reference intake of an average adult (8400 kJ / 2000 kcal)
This bottle contains 6 servings of 250 ml","Volvic Natural Mineral Water (99.8%), Acid (Citric Acid), Natural Watermelon Flavouring with other Natural Flavourings, Preservative (Potassium Benzoate), Sweeteners (Acesulfame K, Sucralose)",https://www.sainsburys.co.uk/gol-ui/product/volvic-touch-of-fruit-sugar-free-watermelon-flavoured-water--special-edition-15l,,2024-08-17T12:45:50.490107-04:00
66-129-DRI,Robinsons Double Strength Summer Fruits No Added Sugar Fruit Squash 1.75L,Robinsons,Drinks,Special offers,,1.75L,£3.50,,£2.50,20p / 100ml,8039210,Concentrated Low Calorie Summer Fruits Soft Drink with Sweeteners.,,https://assets.sainsburys-groceries.co.uk/gol/8039210/1/640x640.jpg,"Per 100ml Diluted† Per 250ml Diluted†
Energy 7kJ/
2kcal 18kJ/
5kcal
Salt 0.03g 0.08g
Contains negligible amounts of fat, saturates, carbohydrate, sugars and protein
Bottle contains 70 servings
†Dilute 1 part concentrate with 9 parts water. It is important to add extra water if given to toddlers","Water, Fruit Juices from Concentrate 20% (Apple 18%, Strawberry 0.8%, Plum, Blackcurrant, Cherry 0.3%), Acid (Citric Acid), Acidity Regulator (Sodium Citrate), Sweeteners (Sucralose, Acesulfame K), Natural Flavourings, Concentrates (Carrot, Safflower, Blueberry, Lemon), Preservatives (Potassium Sorbate, Sodium Metabisulphite), Stabiliser (Cellulose Gum)",https://www.sainsburys.co.uk/gol-ui/product/robinsons-double-strength-summer-fruits-no-added-sugar-fruit-squash-175l,,2024-08-17T12:45:57.916458-04:00
66-130-DRI,Yellow Tail Chardonnay 75cl,Yellow,Drinks,Special offers,,,£7.75,,£7.75,£7.75 / 75cl,7841467,,,https://assets.sainsburys-groceries.co.uk/gol/7841467/1/640x640.jpg,,,https://www.sainsburys.co.uk/gol-ui/product/yellow-tail-chardonnay-75cl,,2024-08-17T12:46:21.567754-04:00
66-131-DRI,Aqua Libra Sparkling Water Infused with Blood Orange & Mango 4x330ml,Aqua,Drinks,Special offers,,330ML,£3.35,4 for £3.35,£2.00,25p / 100ml,8144760,Blood Orange and Mango Flavour Sparkling Water Drink.,,https://assets.sainsburys-groceries.co.uk/gol/8144760/1/640x640.jpg,"per 100ml:
Energy 2kJ/
0.5kcal
Contains negligible amounts of fat, saturates, carbohydrate, sugars, protein and salt","Sparkling Water, Lemon Juice from Concentrate, Natural Blood Orange Flavouring with other Natural Flavourings",https://www.sainsburys.co.uk/gol-ui/product/aqua-libra-sparkling-water-infused-with-blood-orange-mango-4x330ml,4 x 4x330ml,2024-08-17T12:46:30.145823-04:00
66-132-DRI,Bouchard Aine Et Fils Pinot Noir 75cl,Bouchard,Drinks,Special offers,,,£7.25,,£8.50,£7.25 / 75cl,6498832,,,https://assets.sainsburys-groceries.co.uk/gol/6498832/1/640x640.jpg,,,https://www.sainsburys.co.uk/gol-ui/product/bouchard-aine-et-fils-pinot-noir-75cl,,2024-08-17T12:46:54.260275-04:00
66-133-DRI,Strongbow Original Cider Cans 18 x 440ml,Strongbow,Drinks,Beer & cider,All beer,440ML,£14.00,,£1.85,£1.77 / ltr,7856253,Cider.,,https://assets.sainsburys-groceries.co.uk/gol/7856253/1/640x640.jpg,"Per 100ml:
Energy: 156kJ /
37kcal
Fat: 0.0g
Saturates: 0.0g
Carbohydrate: 2.9g
Sugars: 2.8g
Protein: 0.0g
Salt: <0.01g","Water, Apple Juice (from Concentrate), Sugar, Acid: Malic Acid, Antioxidant: Sodium Metabisulphite",https://www.sainsburys.co.uk/gol-ui/product/strongbow-original-cider-18x440ml,,2024-08-17T12:47:03.136354-04:00
66-134-DRI,Oatly Oat Drink Chocolate Long Life 1L,Oatly,Drinks,Dairy & eggs,Dairy free,1L,£1.90,,£1.50,£1.90 / ltr,6625895,"Oat drink, chocolate flavoured, with added vitamins and minerals.",,https://assets.sainsburys-groceries.co.uk/gol/6625895/1/640x640.jpg,"per 100 ml:
Energy 273 kJ /
65 kcal
Fat 1.5 g
of which saturates 0.2 g
Carbohydrate 11 g
of which sugars 6.8 g
Fibre 1.1 g
Protein 1.3 g
Salt 0.16 g","Water, Oats 10%, Sugar 3.3%, Cocoa Powder 1%, Rapeseed Oil, Minerals (Calcium Carbonate, Calcium Phosphates, Potassium Iodide), Salt, Flavourings, Vitamins (D2, Riboflavin, B12)",https://www.sainsburys.co.uk/gol-ui/product/oatly-chocolate-oat-drink-1l,,2024-08-17T12:47:11.326257-04:00
66-135-DRI,Volvic Touch of Fruit Sugar Free Peach & Raspberry Flavoured Water 1.5L,Volvic,Drinks,Special offers,,1.5L,£1.40,,£1.00,14p / 100ml,8128289,Still Natural Mineral Water Flavoured Drink with Sweeteners and Vitamin B6.,100 ml,https://assets.sainsburys-groceries.co.uk/gol/8128289/1/640x640.jpg,"Per 100 ml Per Serving 250 ml % RI* (250 ml)
Energy 6 kJ 16 kJ 0%
1 kcal 4 kcal 0%
Fat 0 g 0 g 0%
Of which Saturates 0 g 0 g 0%
Carbohydrate 0 g 0 g 0%
Of which Sugars 0 g 0 g 0%
Protein 0 g 0 g 0%
Salt <0.01 g <0.01 g 0%
*RI = Reference intake of an average adult (8400 kJ/ 2000 kcal)
This bottle contains 6 servings of 250ml","Volvic Natural Mineral Water (99.6%), Acid (Citric Acid), Natural Peach Flavouring, Natural Raspberry Flavouring with other Natural Flavourings, Preservative (Potassium Benzoate), Sweeteners (Acesulfamek, Sucralose), Vitamin B6",https://www.sainsburys.co.uk/gol-ui/product/volvic-touch-of-fruit-sugar-free-peach-raspberry-natural-flavoured-water-15l,,2024-08-17T12:47:19.564951-04:00
66-136-DRI,J2O Apple & Raspberry 4x275ml,J2O,Drinks,Mixers & adult soft drinks,Adult soft drinks,275ML,£4.50,4 for £4.50,£3.00,41p / 100ml,6347466,Apple and Raspberry Soft Drink with Sugar and Sweetener.,,https://assets.sainsburys-groceries.co.uk/gol/6347466/1/640x640.jpg,"Per 100ml
Energy 78kJ/
19kcal
Carbohydrate 4.0g
of which sugars 4.0g
Salt 0.06g
Contains negligible amounts of fat, saturates and protein",,https://www.sainsburys.co.uk/gol-ui/product/j2o-apple---raspberry-4x275ml,4 x 4x275ml,2024-08-17T12:47:32.267837-04:00
66-137-DRI,Arla Jord Chilled Oat Drink 1L,Arla,Drinks,Dairy & eggs,Dairy free,1L,£1.90,,£1.25,£1.90 / ltr,8030960,"Oat Drink, Enriched with Vitamin D and Folic Acid (Vitamin B9), Pasteurised.",,https://assets.sainsburys-groceries.co.uk/gol/8030960/1/640x640.jpg,"Per 100 ML
Energy 196 kJ /
47 kcal
Fat 1,5 g
of which saturates 0,1 g
Carbohydrate 7,1 g
of which sugars 3,0 g
Fibre 1,0 g
Protein 0,7 g
Salt 0,10 g
*Daily reference intake","Water, Oats (12%), Rapeseed Oil, Maize Fibre, Salt, Vitamin D, Folic Acid (Vitamin B9)",https://www.sainsburys.co.uk/gol-ui/product/jord-oat-1l,,2024-08-17T12:47:40.388495-04:00
66-138-DRI,"Sainsbury's Apple & Pear Juice Drink, No Added Sugar 1L",Sainsbury's,Drinks,Juice & smoothies,All juice & smoothies,1L,£1.35,,£2.50,14p / 100ml,7879695,No added sugar apple & pear juice drink from concentrate with sweeteners,150 ml,https://assets.sainsburys-groceries.co.uk/gol/7879695/1/640x640.jpg,"Typical Values Per 100ml  Per 150ml serving  % based on RI for Average Adult
Energy 49kJ 74kJ -
12kcal 17kcal 1%
Fat <0.5g <0.5g -
Saturates <0.1g <0.1g -
Mono-unsaturates <0.1g <0.1g -
Polyunsaturates <0.1g <0.1g -
Carbohydrate 2.6g 3.9g 2%
Sugars 2.6g 3.9g 4%
Starch <0.5g <0.5g -
Fibre <0.5g <0.5g -
Protein <0.5g <0.5g -
Salt <0.01g <0.01g -",,https://www.sainsburys.co.uk/gol-ui/product/sainsburys-no-added-sugar-apple---pear-juice-1l,,2024-08-17T12:47:54.462954-04:00
66-139-DRI,Arctic Coffee Caffe Latte 1L,Arctic,Drinks,Dairy & eggs,Milk,1L,£2.20,,£1.95,22p / 100ml,7993002,Cafe Latte Milk Drink,,https://assets.sainsburys-groceries.co.uk/gol/7993002/1/640x640.jpg,"per 100ml
Energy 230kJ/
55kcal
Fat 1.3g
of which saturates 1.0g
Carbohydrate 7.8g
of which sugars 7.5g
Fibre <0.5g
Protein 2.9g
Salt 0.16g","1.8% Fat Milk (76%), Arabica Coffee (Water, Natural Coffee Extract*) (20%), Sugar, Stabilisers (Cellulose, Cellulose Gum), Natural Flavouring, Sodium Phosphate, *100% Rainforest Alliance Certified Coffee",https://www.sainsburys.co.uk/gol-ui/product/arctic-iced-coffee-cafe-latte-1l,,2024-08-17T12:48:03.496364-04:00
66-140-DRI,Sainsbury's Cava Brut 75cl,Sainsbury's,Drinks,Special offers,,,£6.50,,£13.00,£6.50 / 75cl,127523,Cava Brut,,https://assets.sainsburys-groceries.co.uk/gol/127523/1/640x640.jpg,"Typical Values Per 100ml  per 125ml glass  % based on RI for Average Adult
Energy 287kJ 359kJ -
69kcal 86kcal 4%",,https://www.sainsburys.co.uk/gol-ui/product/sainsburys-cava-brut-75cl-127523-p-44,,2024-08-17T12:48:17.011895-04:00
66-141-DRI,Lucky Saint Alcohol Free Lager 4x330ml,Lucky,Drinks,Low & no alcohol,All low & no alcohol,330ML,£6.00,4 for £6.00,£5.00,£4.55 / ltr,8133312,Calories 53 kcal,,https://assets.sainsburys-groceries.co.uk/gol/8133312/1/640x640.jpg,"Per 100ml:
Energy 16kcal/
70kJ
Fat <0.1g
Of which Saturates <0.1g
Carbohydrates 3.5g
Of which Sugars 0.1g
Protein 0.6g
Salt <0.01g","Water, Barley, Yeast, Hops",https://www.sainsburys.co.uk/gol-ui/product/lucky-saint-alcohol-free-lager-4x330ml,4 x 4x330ml,2024-08-17T12:48:24.543895-04:00
66-142-DRI,Porta 6 Vinho Regional Lisboa 750ml,Porta,Drinks,Special offers,,750ML,£7.00,,£8.25,£7.00 / 75cl,7983939,Red Wine,,https://assets.sainsburys-groceries.co.uk/gol/7983939/1/640x640.jpg,,,https://www.sainsburys.co.uk/gol-ui/product/porta-6-vinho-regional-lisboa-750ml,,2024-08-17T12:48:43.166905-04:00
66-143-DRI,Aqua Libra Sparkling Water Infused with Raspberry & Blackcurrant 4x330ml,Aqua,Drinks,Special offers,,330ML,£3.35,4 for £3.35,£2.00,25p / 100ml,8071198,Raspberry and Blackcurrant Flavour Sparkling Water Drink.,,https://assets.sainsburys-groceries.co.uk/gol/8071198/1/640x640.jpg,"per 100ml:
Energy 3kJ/
0.6kcal
Contains negligible amounts of fat, saturates, carbohydrate, sugars, protein and salt","Sparkling Water, Lemon Juice from Concentrate, Natural Flavourings",https://www.sainsburys.co.uk/gol-ui/product/aqua-libra-sparkling-water-infused-with-raspberry-blackcurrant-4x330ml,4 x 4x330ml,2024-08-17T12:48:50.077584-04:00
66-144-DRI,Heineken Premium Lager Beer Cans 15x440ml,Heineken,Drinks,Beer & cider,All beer,440ML,£15.00,15 for £15.00,£10.00,£2.27 / ltr,7914356,Beer.,,https://assets.sainsburys-groceries.co.uk/gol/7914356/1/640x640.jpg,"Per 100ml:
Energy: 176kJ/
42kcal
Fat: 0.0g
Saturates: 0.0g
Carbohydrate: 3.2g
Sugars: 0.0g
Protein: 0.0g
Salt: <0.01g","Water, Malted Barley, Hop Extract",https://www.sainsburys.co.uk/gol-ui/product/heineken-lager-15x440ml,15 x 15x440ml,2024-08-17T12:48:57.782442-04:00
66-145-DRI,Sainsbury's Cranberry Juice Drink 1L,Sainsbury's,Drinks,Juice & smoothies,All juice & smoothies,1L,£1.35,,£2.50,14p / 100ml,1160222,cranberry juice drink from concentrate with sugar and sweetener,150 ml,https://assets.sainsburys-groceries.co.uk/gol/1160222/1/640x640.jpg,"Typical Values Per 100ml  Per 150ml serving  % based on RI for Average Adult
Energy 91kJ 137kJ -
21kcal 32kcal 2%
Fat <0.5g <0.5g -
Saturates <0.1g <0.1g -
Mono-unsaturates <0.1g <0.1g -
Polyunsaturates <0.1g <0.1g -
Carbohydrate 4.8g 7.2g 3%
Sugars 4.1g 6.1g 7%
Starch 0.7g 1.1g -
Fibre <0.5g <0.5g -
Protein <0.5g <0.5g -
Salt <0.01g <0.01g -",,https://www.sainsburys.co.uk/gol-ui/product/sainsburys-cranberry-juice-drink-1l,,2024-08-17T12:49:09.909548-04:00
66-146-DRI,Estrella Damm Lager Beer Bottles 12x330ml,Estrella,Drinks,Beer & cider,All beer,330ML,£16.50,12 for £16.50,£13.50,£4.17 / ltr,7855845,Beer,,https://assets.sainsburys-groceries.co.uk/gol/7855845/1/640x640.jpg,,"Water, Barley Malt (11%), Rice (4%), Hops",https://www.sainsburys.co.uk/gol-ui/product/estrella-damm-12x330ml,12 x 12x330ml,2024-08-17T12:49:22.320494-04:00
66-147-DRI,Hip Pop Apple & Elderflower Kombucha 4x330ml,Hip,Drinks,Juice & smoothies,All juice & smoothies,330ML,£5.25,4 for £5.25,£4.25,40p / 100ml,8161424,"A Lightly Sparkling Kombucha with Apple Elderflower, and Full of Living Cultures.",,https://assets.sainsburys-groceries.co.uk/gol/8161424/1/640x640.jpg,"Per 100Ml:
Energy 59Kj /
14Kcal
Fat 0.1g
Of which Saturates <0.1g
Carbohydrate 2.8g
Of which Sugars 2.8g
Protein 0.5g
Salt <0.10g","Water, Cane Sugar, Green Tea, Black Tea, Kombucha Culture, Apple Juice from Concentrate, Elderflower Extract, Natural Flavourings, Living Cultures (Bacillus Coagulans)",https://www.sainsburys.co.uk/gol-ui/product/hip-pop-apple-elderflower-kombucha-4x330ml,4 x 4x330ml,2024-08-17T12:49:29.927539-04:00
66-148-DRI,innocent Kids Apples & Blackcurrants Smoothies 4x150ml,innocent,Drinks,Fruit juice & drinks,All fruit juice & smoothies,150ML,£3.60,4 for £3.60,£2.00,60p / 100ml,8013182,"This Innocent smoothie is a blend of whole crushed fruit, pure fruit juices and nothing else.",,https://assets.sainsburys-groceries.co.uk/gol/8013182/1/640x640.jpg,"per: 100ml per: 150ml
Energy 231kJ 346kJ
54kcal 81kcal
Fat <0.5g <0.5g
(of which saturates) <0.1g 0.2g
Carbohydrate 13g 20g
(of which sugars) 10g 15g
Fibre 0.6g 0.8g
Protein <0.5g 0.6g
Salt <0.01g <0.01g
* % Reference Intake of adults
Contains only sugars found naturally in frui
150ml = 1 serving
4 servings in this pack","1 Pressed Apple (70%), 1/3 of a Mashed Banana**, 4 Pressed Grapes, 8 Crushed Blackcurrants (4%), **Rainforest Alliance Certified",https://www.sainsburys.co.uk/gol-ui/product/innocent-kids-apple-blkcrrant-4x150ml,4 x 4x150ml,2024-08-17T12:49:37.052824-04:00
66-149-DRI,Copella Cloudy Apple Fruit Juice 900ml,Copella,Drinks,Juice & smoothies,All juice & smoothies,900ML,£2.50,,£2.00,28p / 100ml,7744908,Apple Juice,,https://assets.sainsburys-groceries.co.uk/gol/7744908/1/640x640.jpg,"per 100 ml per 150 ml (%*)
Energy 197kJ 296kJ
46kcal 69kcal (4%)
Fat 0g 0g (0%)
of which saturates 0g 0g (0%)
Carbohydrate 11g 16g
of which sugars¹ 10g 15g (17%)
Fibre 0.7g 1.1g
Protein 0.2g 0.3g
Salt 0g 0g (0%)
* Reference intake of an average adult (8400 kJ / 2000 kcal)
¹Contains naturally occurring sugars from juice
This pack contains 6 servings","Apple Juice, Antioxidant: Ascorbic Acid (Vitamin C)",https://www.sainsburys.co.uk/gol-ui/product/copella-apple-900ml,,2024-08-17T12:49:44.415058-04:00
66-150-DRI,"Sainsbury's Cranberry & Raspberry Juice Drink, No Added Sugar 1L",Sainsbury's,Drinks,Juice & smoothies,All juice & smoothies,1L,£1.35,,£2.50,14p / 100ml,1301953,No added sugar cranberry and raspberry juice drink from concentrate with sweeteners,150 ml,https://assets.sainsburys-groceries.co.uk/gol/1301953/1/640x640.jpg,"Typical Values Per 100ml  Per 150ml serving  % based on RI for Average Adult
Energy 16kJ 24kJ -
4kcal 6kcal -
Fat <0.5g <0.5g -
Saturates <0.1g <0.1g -
Mono-unsaturates <0.1g <0.1g -
Polyunsaturates <0.1g <0.1g -
Carbohydrate 0.7g 1.0g -
Sugars 0.7g 1.0g 1%
Starch <0.5g <0.5g -
Fibre <0.5g <0.5g -
Protein <0.5g <0.5g -
Salt <0.01g <0.01g -",,https://www.sainsburys.co.uk/gol-ui/product/sainsburys-cranberry---raspberry-juice-drink--no-added-sugar-1l,,2024-08-17T12:49:56.298269-04:00
66-151-DRI,Freixenet Prosecco 75cl,Freixenet,Drinks,Champagne & sparkling wine,All champagne & sparkling wine,,£9.00,,£12.00,£9.00 / 75cl,7874512,Prosecco - White Sparkling Italian Wine,,https://assets.sainsburys-groceries.co.uk/gol/7874512/1/640x640.jpg,,,https://www.sainsburys.co.uk/gol-ui/product/freixenet-prosecco-75cl,,2024-08-17T12:50:13.792111-04:00
66-152-DRI,Moët & Chandon Brut Imperial Champagne 75cl,Moët,Drinks,Champagne & sparkling wine,All champagne & sparkling wine,,£37.00,,£44.00,£37.00 / 75cl,2038391,Champagne - Brut,,https://assets.sainsburys-groceries.co.uk/gol/2038391/1/640x640.jpg,,,https://www.sainsburys.co.uk/gol-ui/product/mo%C3%ABt-chandon-imp%C3%A9rial-brut-non-vintage-champagne-75cl,,2024-08-17T12:50:31.455779-04:00
66-153-DRI,Casillero Del Diablo Cabernet Sauvignon 75cl,Casillero,Drinks,Special offers,,,£7.00,,£8.00,£7.00 / 75cl,2905129,,,https://assets.sainsburys-groceries.co.uk/gol/2905129/1/640x640.jpg,,,https://www.sainsburys.co.uk/gol-ui/product/casillero-del-diablo-cabernet-sauvignon-75cl,,2024-08-17T12:50:54.274777-04:00
66-154-DRI,19 Crimes Red Wine 75cl,19,Drinks,Special offers,,,£8.00,,£9.50,£8.00 / 75cl,8008354,,,https://assets.sainsburys-groceries.co.uk/gol/8008354/1/640x640.jpg,"per 100mL
Energy 346 kJ /
83 kcal",,https://www.sainsburys.co.uk/gol-ui/product/19-crimes-red-wine-75cl,,2024-08-17T12:51:12.854922-04:00
66-155-DRI,Tango Mango Sugar Free Cans 8x330ml,Tango,Drinks,Special offers,,330ML,£3.70,8 for £3.70,£3.00,14p / 100ml,8184406,Carbonated Sugar Free Apple and Mango Soft Drink with Sweeteners.,,https://assets.sainsburys-groceries.co.uk/gol/8184406/1/640x640.jpg,"Per 100ml
Energy 16kJ/
4kcal
Salt 0.05g
Contains neligible amounts of fat, saturates, carbohydrate, sugars and protein","Carbonated Water, Fruit Juices from Concentrate (Apple 4%, Mango 1%), Acids (Citric Acid, Malic Acid), Acidity Regulator (Sodium Citrate), Natural Flavourings, Natural Colours (Carotenes, Anthocyanins), Preservative (Potassium Sorbate), Sweeteners (Sucralose, Acesulfame K), Stabiliser (Xanthan Gum), Antioxidant (Ascorbic Acid)",https://www.sainsburys.co.uk/gol-ui/product/tango-mango-sugar-free-cans-8x330ml,8 x 8x330ml,2024-08-17T12:51:23.918627-04:00
66-156-DRI,Coca-Cola Zero Sugar Cherry 2L,Coca-Cola,Drinks,Discover,Coca Cola & Pizza,2L,£2.40,,£1.25,12p / 100ml,7992837,Sparkling Low Calorie Cherry Flavour Soft Drink with Plant Extracts with Sweeteners.,,https://assets.sainsburys-groceries.co.uk/gol/7992837/1/640x640.jpg,"Per: 100 ml Per: 250 ml (%*) (%*)
Energy 2.1 kJ 5 kJ (0%)
1 kcal 1 kcal (0%)
Fat 0 g 0 g (0%)
of which saturates 0 g 0 g (0%)
Carbohydrate 0 g 0 g (0%)
of which sugars 0 g 0 g (0%)
Protein 0 g 0 g (0%)
Salt 0.02 g 0.05 g (1%)
* Reference intake of an average adult (8400 kJ/ 2000 kcal)","Carbonated Water, Colour (E 150d), Acid (Phosphoric Acid), Natural Flavourings, Sweeteners (Aspartame, Acesulfame K), Acidity Regulator (Sodium Citrates), Caffeine Flavouring",https://www.sainsburys.co.uk/gol-ui/product/coke-zero-cherry-2l,,2024-08-17T12:51:31.040641-04:00
66-157-DRI,J2O Apple & Mango 4x275ml,J2O,Drinks,Mixers & adult soft drinks,Adult soft drinks,275ML,£4.50,4 for £4.50,£3.00,41p / 100ml,3954669,Apple and Mango Soft Drink with Sugar and Sweetener.,,https://assets.sainsburys-groceries.co.uk/gol/3954669/1/640x640.jpg,"Per 100ml
Energy 76kJ/
18kcal
Carbohydrate 4.0g
of which sugars 4.0g
Salt 0.06g
Contains negligible amounts of fat, saturates and protein","Water, Fruit Juices from Concentrate (Apple 20%, Mango 5%), Sugar, Acid (Citric Acid), Stabiliser (Pectin), Acidity Regulator (Sodium Citrate), Flavourings, Preservative (Potassium Sorbate), Antioxidant (Ascorbic Acid), Sweetener (Sucralose)",https://www.sainsburys.co.uk/gol-ui/product/j2o-apple---mango-4x275ml,4 x 4x275ml,2024-08-17T12:51:38.271027-04:00
66-158-DRI,Valdo Prosecco Marca Oro 75cl,Valdo,Drinks,Champagne & sparkling wine,All champagne & sparkling wine,,£7.50,,£8.75,£7.50 / 75cl,6002133,Prosecco - Extra Dry Sparkling Italian Wine,,https://assets.sainsburys-groceries.co.uk/gol/6002133/1/640x640.jpg,,,https://www.sainsburys.co.uk/gol-ui/product/valdo-prosecco-marca-oro-75cl,,2024-08-17T12:51:55.924631-04:00
66-159-DRI,"Sainsbury's Bordeaux Sauvignon Blanc, Taste the Difference 75cl",Sainsbury's,Drinks,Special offers,,,£7.00,,£8.00,£7.00 / 75cl,7545638,Bordeaux Sauvignon Blanc AOP,,https://assets.sainsburys-groceries.co.uk/gol/7545638/1/640x640.jpg,"Typical Values Per 100ml  per 125ml glass  % based on RI for Average Adult
Energy 69kcal 87kcal 4%
290kJ 362kJ -",,https://www.sainsburys.co.uk/gol-ui/product/sainsburys-bordeaux-sauvignon-blanc--taste-the-difference-75cl,,2024-08-17T12:52:08.267708-04:00
66-160-DRI,Coca-Cola Zero Sugar Lemon 2L,Coca-Cola,Drinks,Special offers,,2L,£2.40,,£1.25,12p / 100ml,8188922,Sparkling Low Calorie Lemon Flavour Soft Drink with Plant Extracts with Sweeteners.,,https://assets.sainsburys-groceries.co.uk/gol/8188922/1/640x640.jpg,"100 ml: 250 ml: (%*):
Energy: 4 kJ 9 kJ (0%)
Energy: 1 kcal 2 kcal (0%)
Fat: 0 g 0 g (0%)
of which saturates: 0 g 0 g (0%)
Carbohydrate: 0 g 0 g (0%)
of which sugars: 0 g 0 g (0%)
Protein: 0 g 0 g (0%)
Salt: 0.01 g 0.03 g (0%)
* Reference intake of an average adult (8400 kJ/ 2000 kcal)","Carbonated Water, Colour (E150d), Acid (Phosphoric Acid), Sweeteners (Aspartame, Acesulfame-K), Natural Flavourings, Caffeine Flavouring, Acidity Regulator (Sodium Citrates)",https://www.sainsburys.co.uk/gol-ui/product/coca-cola-zero-sugar-lemon-2l,,2024-08-17T12:52:15.388378-04:00
66-161-DRI,Taylors of Harrogate Decaffé Roast Ground Coffee 200g,Taylors,Drinks,Special offers,,,£4.30,,£3.00,£2.15 / 100g,8170693,Decaffeinated ground coffee,,https://assets.sainsburys-groceries.co.uk/gol/8170693/1/640x640.jpg,,Decaffeinated Arabica Coffee (100%),https://www.sainsburys.co.uk/gol-ui/product/taylors-of-harrogate-decaff%C3%A9-ground-roast-coffee-200g,,2024-08-17T12:52:29.072223-04:00
66-162-DRI,Nescafe Azera Americano Intense Instant Coffee 90g,Nescafe,Drinks,Special offers,,,£6.50,,£3.50,£7.22 / 100g,7620350,Soluble coffee with finely ground roasted coffee,,https://assets.sainsburys-groceries.co.uk/gol/7620350/1/640x640.jpg,,"Soluble Coffee, Roast and Ground Coffee (5%)",https://www.sainsburys.co.uk/gol-ui/product/nescaf%C3%A9-azera-intenso-instant-coffee-100g,,2024-08-17T12:52:42.301056-04:00
66-163-DRI,Yellow Tail Pinot Grigio 75cl,Yellow,Drinks,Special offers,,,£7.00,,£7.75,£7.00 / 75cl,7880644,,,https://assets.sainsburys-groceries.co.uk/gol/7880644/1/640x640.jpg,,,https://www.sainsburys.co.uk/gol-ui/product/yellow-tail-pinot-grigio-75cl-7880644-p-44,,2024-08-17T12:53:05.565162-04:00
66-164-DRI,"Sainsbury's Grenache Rosé, Taste the Difference 75cl",Sainsbury's,Drinks,Discover,Taste the Difference Dine in for £12 (valid for deliveries from 10th April),,£7.50,,,£7.50 / 75cl,8185174,,,https://assets.sainsburys-groceries.co.uk/gol/8185174/1/640x640.jpg,"per 100ml: Per 125ml glass:
Energy 271kJ/
65kcal 338kJ/
81kcal",,https://www.sainsburys.co.uk/gol-ui/product/sainsburys-grenache-ros%C3%A9-taste-the-difference-75cl,,2024-08-17T12:53:28.204040-04:00
66-165-DRI,Guinness Draught In Can Stout Beer 12x440ml,Guinness,Drinks,Beer & cider,Ale & stout,440ML,£17.00,12 for £17.00,£14.50,£3.22 / ltr,8156443,"UNIQUE FEATURES/AWARDS - Guinness Draught. The iconic, best-selling stout beer, with groundbreaking innovation right at its ruby-red heart.",,https://assets.sainsburys-groceries.co.uk/gol/8156443/1/640x640.jpg,,,https://www.sainsburys.co.uk/gol-ui/product/guinness-draught-in-can-stout-beer-12x440ml,12 x 12x440ml,2024-08-17T12:53:46.586511-04:00
66-166-DRI,"Sainsbury's Pinot Grigio Dolomiti Blush, Taste the Difference 75cl",Sainsbury's,Drinks,Special offers,,,£7.00,,£8.00,£7.00 / 75cl,7831277,,,https://assets.sainsburys-groceries.co.uk/gol/7831277/1/640x640.jpg,,,https://www.sainsburys.co.uk/gol-ui/product/sainsburys-pg-igt-dolomiti-blush--taste-the-difference-75cl,,2024-08-17T12:54:09.868510-04:00
66-167-DRI,Robinsons Fruit & Barley Pink Grapefruit Squash 1L,Robinsons,Drinks,Special offers,,1L,£2.15,,£1.25,22p / 100ml,2820750,"Concentrated Low Calorie Pink Grapefruit Soft Drink with Barley, Sweeteners and Vitamins.",,https://assets.sainsburys-groceries.co.uk/gol/2820750/1/640x640.jpg,"Per 100ml Diluted† %RI** Per 250ml Diluted† %RI**
Energy 10kJ/
2kcal - 25kJ/
5kcal -
Salt 0.03g - 0.08g -
Contains negligible amounts of fat, saturates, carbohydrate, sugars and protein
Reference intake of an average adult (8400kJ/2000kcal)
**Reference Intake
Bottle contains 20 servings
†Dilute 1 Part Concentrate with 4 Parts Water","Water, Pink Grapefruit Juice from Concentrate (10%), Acids (Citric Acid, Malic Acid), Refined Barley Flour (1%), Acidity Regulator (Sodium Citrate), Sweeteners (Acesulfame K, Sucralose), Preservatives (Potassium Sorbate, Sodium Metabisulphite), Natural Colour (Anthocyanins), Vitamins (C, Niacin, B6, D), Natural Flavouring",https://www.sainsburys.co.uk/gol-ui/product/robinsons-squash-fruit---barley--pink-grapefruit-1l,,2024-08-17T12:54:17.708271-04:00
66-168-DRI,Kenco Millicano Americano Instant Coffee 170g,Kenco,Drinks,Special offers,,,£7.50,,£5.50,£4.41 / 100g,7745430,A blend of freeze dried instant coffee and 15% roast and ground coffee.,,https://assets.sainsburys-groceries.co.uk/gol/7745430/1/640x640.jpg,,"Instant Coffee (85%), Roast and Ground Coffee (15%)",https://www.sainsburys.co.uk/gol-ui/product/kenco-millicano-tin-170g,,2024-08-17T12:54:30.350875-04:00
66-169-DRI,Maschio Prosecco DOC Extra Dry 75cl,Maschio,Drinks,Champagne & sparkling wine,All champagne & sparkling wine,,£10.00,,£8.75,£10.00 / 75cl,7625968,,,https://assets.sainsburys-groceries.co.uk/gol/7625968/1/640x640.jpg,,,https://www.sainsburys.co.uk/gol-ui/product/maschio-prosecco-doc-brut-75cl,,2024-08-17T12:54:54.329754-04:00
66-170-DRI,"Starbucks Caramel Latte Premium Instant Coffee, 5x21.5g Sachets 107.5g",Starbucks,Drinks,Special offers,,,£2.90,5 for £2.90,£1.50,£2.70 / 100g,8035465,Instant coffee beverage. Caramel flavour,,https://assets.sainsburys-groceries.co.uk/gol/8035465/1/640x640.jpg,"Per 100ml** Per mug** % RI*
Energy 196kJ 374kJ -
46kcal 88kcal 4%
Fat 0.5g 1.0g 1%
of which: saturates 0.5g 0.9g 4%
Carbohydrate 8.5g 16.1g 6%
of which: sugars 7.5g 14.2g 16%
Fibre 0.2g 0.5g -
Protein 1.8g 3.4g 7%
Salt 0.10g 0.18g 4%
*Reference Intake of an average adult (8400kJ/2000kcal)
**One sachet + 180ml water, makes 190ml; used as basis for per 100ml
Makes 5 mugs","Skimmed Milk Powder (39%), Sugar, Glucose Syrup, Coffee (5.8%) (Instant Coffee (5.7%), Roast and Ground Coffee), Coconut Oil, Lactose (Milk), Natural Flavouring, Acidity Regulators (Sodium Bicarbonate, Citric Acid)",https://www.sainsburys.co.uk/gol-ui/product/starbucks-caramel-latte-premium-instant-coffee-15x215g-sachets-1075g,5 x 5x21.5g,2024-08-17T12:55:02.305542-04:00
66-171-DRI,Mondelli 789 Pinot Grigio 75cl,Mondelli,Drinks,Special offers,,,£6.00,,£1.85,£6.00 / 75cl,7795126,Catarratto Pinot Grigio Terre Siciliane,,https://assets.sainsburys-groceries.co.uk/gol/7795126/1/640x640.jpg,"Typical Values Per 100ml  Per 125ml glass  % based on RI for Average Adult
Energy 272kJ 340kJ -
65kcal 81kcal 4%",,https://www.sainsburys.co.uk/gol-ui/product/mondelli-789-pinot-grigio-75cl,,2024-08-17T12:55:16.746644-04:00
66-172-DRI,Stella Artois Premium Lager Beer Bottles 12x330ml,Stella,Drinks,Beer & cider,All beer,330ML,£12.00,12 for £12.00,£10.00,£3.03 / ltr,8012843,Brewed with 100% Natural Ingredients,,https://assets.sainsburys-groceries.co.uk/gol/8012843/1/640x640.jpg,"Per 100ml Per 330ml
Energy 165kJ /
545kJ /
(kJ / kcal) 39kcal 130kcal
Fat 0g 0g
of which saturates 0g 0g
Carbohydrates 3.2g 10.4g
of which sugars 0.3g 1.0g
Protein 0.4g 1.2g
Salt 0g 0.01g","Water, Barley Malt, Maize, Hops",https://www.sainsburys.co.uk/gol-ui/product/stella-artois-lager-beer-bottles-12x330ml,12 x 12x330ml,2024-08-17T12:55:24.257961-04:00
66-173-DRI,McGuigan Black Label Pinot Grigio 75cl,McGuigan,Drinks,Special offers,,,£6.25,,£7.25,£6.25 / 75cl,7994783,Pinot Grigio,,https://assets.sainsburys-groceries.co.uk/gol/7994783/1/640x640.jpg,,,https://www.sainsburys.co.uk/gol-ui/product/mcguigan-black-label-pinot-grigio-75cl,,2024-08-17T12:55:42.099804-04:00
66-174-DRI,Campo Viejo Rioja Tempranillo Red Wine 75cl,Campo,Drinks,Special offers,,,£8.75,,£8.75,£8.75 / 75cl,3495896,Red wine,,https://assets.sainsburys-groceries.co.uk/gol/3495896/1/640x640.jpg,,,https://www.sainsburys.co.uk/gol-ui/product/campo-viejo-rioja-tempranillo-75cl,,2024-08-17T12:56:00.765642-04:00
66-175-DRI,"Croft Original Sherry, Original 1L",Croft,Drinks,Special offers,,1L,£14.75,,£12.50,£11.06 / 75cl,2155876,,,https://assets.sainsburys-groceries.co.uk/gol/2155876/1/640x640.jpg,,,https://www.sainsburys.co.uk/gol-ui/product/croft-original-sherry--original-1l,,2024-08-17T12:56:24.016314-04:00
66-176-DRI,Bell's Blended Scotch Whisky 1L,Bell's,Drinks,Discover,Whisky flavours worth exploring,1L,£24.00,,£19.00,£24.00 / ltr,2039480,"ABOUT - An approachable whisky known for its smooth and balanced character. It is crafted by blending a variety of single malt and grain whiskies, resulting in a harmonious combination of flavours.",,https://assets.sainsburys-groceries.co.uk/gol/2039480/1/640x640.jpg,,SCOTCH WHISKY,https://www.sainsburys.co.uk/gol-ui/product/bells-scotch-whisky-1l,,2024-08-17T12:56:36.911647-04:00
66-177-DRI,Golden Ales Mixed Pack 6x500ml,Golden,Drinks,Beer & cider,Ale & stout,500ML,£12.00,6 for £12.00,£9.00,£4.00 / ltr,7704527,Beer,,https://assets.sainsburys-groceries.co.uk/gol/7704527/1/640x640.jpg,,"Brakspear Oxford Gold: contains Malted Barley, Wainwright Gold: contains Malted Barley, Hobgoblin Gold: contains Malted Barley, Wheat, Shipyard American Ipa: contains Malted Barley, Wheat, Ringwood Boondoggle: contains Malted Barley, Hobgoblin Session Ipa: Malted Barley",https://www.sainsburys.co.uk/gol-ui/product/golden-ales-mixed-pack-6x500ml,6 x 6x500ml,2024-08-17T12:56:49.676870-04:00
66-178-DRI,Cravendale Filtered Fresh Semi Skimmed Milk Fresher for Longer 3L,Cravendale,Drinks,Dairy & eggs,Milk,3L,£3.40,,£2.75,£1.13 / ltr,7797484,"Pasteurised, homogenised, semi-skimmed, fresh filtered milk",,https://assets.sainsburys-groceries.co.uk/gol/7797484/1/640x640.jpg,"per 100ml
Energy 206kJ/
49kcal
Fat 1.7g
of which saturates 1.0g
Carbohydrate 4.8g
of which sugars 4.8g
Protein 3.6g
Salt 0.1g
Phosphorous 97mg (14% RI†)
†RI: Reference intakes of an average adult",,https://www.sainsburys.co.uk/gol-ui/product/cravendale-purefilter-semi-skimmed-3l,,2024-08-17T12:57:02.438681-04:00
66-179-DRI,Moët & Chandon Brut Imperial Rose Champagne 75cl,Moët,Drinks,Champagne & sparkling wine,All champagne & sparkling wine,,£50.00,,£44.00,£50.00 / 75cl,3892374,Brut,,https://assets.sainsburys-groceries.co.uk/gol/3892374/1/640x640.jpg,,,https://www.sainsburys.co.uk/gol-ui/product/mo%C3%ABt-chandon-imp%C3%A9rial-ros%C3%A9-non-vintage-champagne-75cl,,2024-08-17T12:57:20.347664-04:00
66-180-DRI,Fanta Lemon 2L,Fanta,Drinks,Fizzy drinks,Fruit flavoured,2L,£2.05,,£1.85,10p / 100ml,3677193,Sparkling Lemon Fruit Drink with Sugar and Sweeteners,,https://assets.sainsburys-groceries.co.uk/gol/3677193/1/640x640.jpg,"Per 100ml Per 250ml (%*)
Energy 81kJ 203kJ
19kcal 48kcal (2%)
Fat 0g 0g (0%)
Of which saturates 0g 0g (0%)
Carbohydrate 4.5g 11g (4%)
Of which sugars 4.5g 11g (12%)
Protein 0g 0g (0%)
Salt 0.02g 0.05g (1%)
*Reference intake of an average adult (8400kJ/2000kcal)","Carbonated Water, Lemon Juice from Concentrate (5%), Sugar, Acidity Regulator (Sodium Gluconate), Citric Acid, Sweeteners (Acesulfame K, Aspartame), Malic Acid, Preservative (Potassium Sorbate), Stabilisers (Acacia Gum, Glycerol Esters of Wood Rosins), Antioxidant (Ascorbic Acid), Natural Lemon Flavouring with other Natural Flavourings",https://www.sainsburys.co.uk/gol-ui/product/fanta-lemon-2l,,2024-08-17T12:57:28.095707-04:00
66-181-DRI,Nescafé Gold Blend Espresso Instant Coffee 95g,Nescafé,Drinks,Special offers,,,£5.05,,£3.85,£5.32 / 100g,3443927,Soluble coffee,,https://assets.sainsburys-groceries.co.uk/gol/3443927/1/640x640.jpg,,Soluble Coffee,https://www.sainsburys.co.uk/gol-ui/product/nescaf%C3%A9-espresso-instant-coffee-100g,,2024-08-17T12:57:40.681781-04:00
66-182-DRI,Mark West Pinot Noir Red Wine 75cl,Mark,Drinks,Special offers,,,£10.00,,£12.00,£10.00 / 75cl,8122440,Pinot Noir,,https://assets.sainsburys-groceries.co.uk/gol/8122440/1/640x640.jpg,,,https://www.sainsburys.co.uk/gol-ui/product/mark-west-pinot-noir-75cl,,2024-08-17T12:57:59.214468-04:00
66-183-DRI,Twinings Everyday Teabags 232g x80,Twinings,Drinks,Special offers,,,£4.80,,£3.00,£2.07 / 100g,8150831,Great taste 2023,,https://assets.sainsburys-groceries.co.uk/gol/8150831/1/640x640.jpg,,100% Black Tea,https://www.sainsburys.co.uk/gol-ui/product/twinings-everyday-tea-bags-232g,,2024-08-17T12:58:12.431070-04:00
66-184-DRI,Bottlegreen Pomegranate & Elderflower Cordial 500ml,Bottlegreen,Drinks,Mixers & adult soft drinks,Cordials,500ML,£4.25,,£3.00,85p / 100ml,7309770,Pomegranate & Elderflower Cordial.,,https://assets.sainsburys-groceries.co.uk/gol/7309770/1/640x640.jpg,"Per 100ml when diluted 1 part cordial with 14 parts water
Energy 80kJ/
19kcal
Fat 0g
of which saturates 0g
Carbohydrate 4.5g
of which sugars 4.5g
Protein 0g
Salt 0g","Sugar, Cotswold Spring Water, Pomegranate Juice from Concentrate (17%), Fructose, Elderflowers, Citric Acid, Natural Flavourings, Aronia Juice from Concentrate",https://www.sainsburys.co.uk/gol-ui/product/bottlegreen-pomegranate---elderflower-cordial-500ml,,2024-08-17T12:58:19.812041-04:00
66-185-DRI,Fever-Tree Sparkling Ginger Beer 500ml,Fever-Tree,Drinks,Fizzy drinks,Fruit flavoured,500ML,£2.10,,£1.60,42p / 100ml,7548335,Flavoured carbonated soft drink.,,https://assets.sainsburys-groceries.co.uk/gol/7548335/1/640x640.jpg,"per 100ml
Energy: 79kJ,19kcal
Total fat: 0g
of which saturates: 0g
Carbohydrate: 4.6g
of which sugars: 4.4g
Protein: 0g
Salt: 0.02g","Carbonated Spring Water, Fructose (Fruit Sugar), Ginger Root, Natural Ginger Flavouring with other Natural Flavourings, Acid (Tartaric Acid), Antioxidant (Ascorbic Acid), Natural Flavouring",https://www.sainsburys.co.uk/gol-ui/product/fever-tree-premium-lite-ginger-beer-500ml,,2024-08-17T12:58:27.235852-04:00
66-186-DRI,Nozeco 75cl,Nozeco,Drinks,Low & no alcohol,All low & no alcohol,,£3.00,,£3.50,£3.00 / 75cl,7903703,Aerated Flavoured Drink Based On De-Alcoholised Wine,,https://assets.sainsburys-groceries.co.uk/gol/7903703/1/640x640.jpg,"Per 100ml
Energy 84kJ/
20kcal
Fat <0,5g
Including Saturates <0,1g
Carbohydrates 5,0g
Of which Sugar 5,0g
Fibre 0,0g
Protein <0,5g
Salt <0,01g","De-Alcoholised Wine (EU), Sugar, Carbon Dioxyde, Acidifier: Citric Acid, Natural Flavouring, Preservatives: Potassium Sorbate & Potassium Bisulfite (Sulphites)",https://www.sainsburys.co.uk/gol-ui/product/nosecco-alcohol-free-sparkling-wine-75cl,,2024-08-17T12:58:34.975154-04:00
66-187-DRI,Capri-Sun Tropical 8 x 200ml,Capri-Sun,Drinks,Juice & smoothies,All juice & smoothies,200ML,£3.00,,£2.50,19p / 100ml,7987505,Fruit Juice Drink with Sugar and Sweetener,,https://assets.sainsburys-groceries.co.uk/gol/7987505/1/640x640.jpg,"per 100ml: per 200ml
Energy 81kJ /
19kcal 162kJ /
38kcal
Carbohydrate 4.4g 8.8g
of which sugars 4.4g 8.8g
Fat, saturates, protein, salt - negligible amount","Water, Fruit Juices from Concentrate 10% (Lemon 4%, Orange 3.5%, Apple 1%, Pineapple 1%, Passion Fruit 0.5%), Sugar, Natural Flavouring, Sweetener (Steviol Glycosides from Stevia), Antioxidant (Ascorbic Acid), Sweetener from a Natural Source",https://www.sainsburys.co.uk/gol-ui/product/capri-sun-tropical-8-x-200ml,,2024-08-17T12:58:42.806264-04:00
66-188-DRI,Ukiyo Japanese Blossom Gin 700ml,Ukiyo,Drinks,Special offers,,700ML,£31.00,,£23.00,£44.29 / ltr,8129639,Japanese Blossom Gin,,https://assets.sainsburys-groceries.co.uk/gol/8129639/1/640x640.jpg,,,https://www.sainsburys.co.uk/gol-ui/product/ukiyo-japanese-blossom-gin-700ml,,2024-08-17T12:59:00.998541-04:00
66-189-DRI,Yellow Tail Merlot 75cl,Yellow,Drinks,Special offers,,,£7.00,,£7.75,£7.00 / 75cl,7257966,Merlot,,https://assets.sainsburys-groceries.co.uk/gol/7257966/1/640x640.jpg,,,https://www.sainsburys.co.uk/gol-ui/product/yellow-tail-merlot-75cl,,2024-08-17T12:59:18.929277-04:00
66-190-DRI,Arla Lactofree Skimmed Milk Drink 1L,Arla,Drinks,Dairy & eggs,Dairy free,1L,£1.85,,£1.50,£1.85 / ltr,7662670,Lactose Free Pasteurised Skimmed Filtered Milk Drink,,https://assets.sainsburys-groceries.co.uk/gol/7662670/1/640x640.jpg,"Per 100ml Per 200ml
Energy 124kJ /
29kcal 248kJ /
59kcal
Fat 0.5g 1.0g
of which saturates 0.3g 0.7g
Carbohydrate 2.7g 5.3g
of which sugars 2.6g 5.2g
Protein 3.5g 7.0g
Salt 0.07g 0.14g
+Reference intake
Contains 5 servings","Skimmed Milk, Lactase Enzyme",https://www.sainsburys.co.uk/gol-ui/product/lactofree-skimmed-milk-1l,,2024-08-17T12:59:26.502940-04:00
