idx,name,brand,aisle,subaisle,subsubaisle,size,price,multi_price,old_price,pricePerUnit,itemNum,description,serving,img_urls,item_label,item_ingredients,url,SKU,UPC,timeStamp
"Ind54SColes_ADairy, Eggs & Fridge_SAReady to eat meals_IHerbert Adams Quiche Pumpkin Parmesan Spinach | 200g",Herbert Adams Quiche Pumpkin Parmesan Spinach | 200g,Herbert Adams,"Dairy, Eggs & Fridge",Ready to eat meals,Pies & pastries,,$7.30,,,$3.65 per 100g,3775970,"Herbert Adams Gourmet Quiche Selection Pumpkin, Parmesan & Spinach Quiche 200g. Perfect addition to your meal.",,,"Per 100g/ml
Per Serving
%DI
Energy
927kJ
1850kJ
21%
Protein
6.2g
12.4g
25%
Total Fat
8.9g
17.8g
25%
Saturated Fat
4.8g
9.6g
40%
Carbohydrate
27.7g
55.4g
18%
Sugars
2.6g
5.2g
6%
Sodium
320mg
640mg
28%
Energy (Cal)
221Cal
442Cal
Dietary Fibre (total)
2.7g
5.5g
18%
* Percentage Daily Intakes are based on an average adult diet of 8700 kJ. Your daily intakes may be higher or lower depending on your energy needs.",,https://www.coles.com.au/product/herbert-adams-quiche-pumpkin-parmesan-spinach-200g-3775970,,,2024-06-18T01:59:35.408724-04:00
"Ind54SColes_ADairy, Eggs & Fridge_SAReady to eat meals_IPitango Free Range Soup Chicken & Vegetable | 600g",Pitango Free Range Soup Chicken & Vegetable | 600g,Pitango,"Dairy, Eggs & Fridge",Ready to eat meals,Soups & stews,,$5.75,,$7.25,$0.96 per 100g,4207463,"True food for us means only using carefully selected natural ingredients with no preservatives, artificial colours, flavours or added sugar. 

Free range chicken stock, packed with potatoes, carrots, corn & sweet potatoes, free range chicken, dash of white wine, thyme & sweet paprika. 

Only the good stuff.
Get your veggies in. ",,,"Per 100g/ml
Per Serving
%DI
Energy
167kJ
502kJ
6%
Protein
2.7g
8.1g
16%
Total Fat
0.8g
2.5g
4%
Saturated Fat
0.34g
1.0g
4%
Carbohydrate
4.67g
14.0g
5%
Sugars
1.45g
4.3g
5%
Sodium
239mg
718mg
31%
Monounsaturated
>1
>1
>1
Energy (Cal)
39.8Cal
119Cal
>1
Dietary Fibre (total)
1.22g
3.7g
12%
Polyunsaturated
>1
>1
>1
Gluten
0.0g
0.0g
>1
Trans
>1
>1
>1
* Percentage Daily Intakes are based on an average adult diet of 8700 kJ. Your daily intakes may be higher or lower depending on your energy needs.",,https://www.coles.com.au/product/pitango-free-range-soup-chicken-and-vegetable-600g-4207463,,,2024-06-18T01:59:46.574673-04:00
"Ind54SColes_ADairy, Eggs & Fridge_SAColes Finest_IColes Finest Italian Passata Sauced Pizza Base | 250g",Coles Finest Italian Passata Sauced Pizza Base | 250g,Coles,"Dairy, Eggs & Fridge",Coles Finest,meals,,$3.20,,,$1.28 per 100g,4691560,"Inspired by the tastes of Italy, every pizza is made with 00 finely milled Australian flour, hand stretched for a rustic shape, then baked in a 350 degree granite oven for a wonderfully bubbly crust and charred notes.",,,"Per 100g/ml
Per Serving
%DI
Energy
984.7
1230.875
Protein
8.3
10.375
Carbohydrate
42.6
53.25
Sugars
4.3
5.375
Sodium
497
621.25
Saturated
0.3
0.375
Energy (Cal)
235.5741627
294.4677034
Fat
2.6
3.25
Dietary Fibre (total)
2.9
3.625
Trans
0.01
0.0125
* Percentage Daily Intakes are based on an average adult diet of 8700 kJ. Your daily intakes may be higher or lower depending on your energy needs.",,https://www.coles.com.au/product/coles-finest-italian-passata-sauced-pizza-base-250g-4691560,,,2024-06-18T01:59:57.620376-04:00
"Ind54SColes_ADairy, Eggs & Fridge_SAReady to eat meals_ILatina Fresh Lasagne Sheets 8 Pack | 375g",Latina Fresh Lasagne Sheets 8 Pack | 375g,Latina,"Dairy, Eggs & Fridge",Ready to eat meals,Italian meals & pasta,,$6.00,,,$1.60 per 100g,5165427,,,,,,https://www.coles.com.au/product/latina-fresh-lasagne-sheets-8-pack-375g-5165427,,,2024-06-18T02:00:07.299932-04:00
"Ind54SColes_ADairy, Eggs & Fridge_SAColes Finest_IColes Finest Butter Chicken With Pilau Rice | 350g",Coles Finest Butter Chicken With Pilau Rice | 350g,Coles,"Dairy, Eggs & Fridge",Coles Finest,meals,,$9.00,,,$2.57 per 100g,6011688,"Tender pieces of tikka marinated Australian chicken thigh in a creamy Northern Indian style mildly spiced tomato and cream sauce, served with an aromatic pilau rice sweetened with dried apricots and sultanas.",,,"Per 100g/ml
Per Serving
%DI
Energy
639.70
2238.95
Protein
5.90
20.65
Carbohydrate
20.80
72.80
Sugars
2.20
7.70
Sodium
170.00
595.00
Saturated
2.10
7.35
Energy (Cal)
153.04
535.63
Fat
5.00
17.50
Dietary Fibre (total)
0.10
0.35
Trans
0.10
0.35
* Percentage Daily Intakes are based on an average adult diet of 8700 kJ. Your daily intakes may be higher or lower depending on your energy needs.",,https://www.coles.com.au/product/coles-finest-butter-chicken-with-pilau-rice-350g-6011688,,,2024-06-18T02:00:18.884352-04:00
"Ind54SColes_ADairy, Eggs & Fridge_SAReady to eat meals_IHerbert Adams Roasted Capsicum Spanish Onion Cheddar Quiche | 200g",Herbert Adams Roasted Capsicum Spanish Onion Cheddar Quiche | 200g,Herbert Adams,"Dairy, Eggs & Fridge",Ready to eat meals,Pies & pastries,,$7.30,,,$3.65 per 100g,4707320,"Herbert Adams Gourmet Quiche Selection Roast Capsicum, Spanish Onion & Cheddar 200g. Perfect addition to your meal.",,,"Per 100g/ml
Per Serving
%DI
Energy
1080kJ
2160kJ
25%
Protein
8.7g
17.4g
35%
Total Fat
14.9g
29.8g
43%
Saturated Fat
8.0g
16.0g
67%
Carbohydrate
21.5g
43.1g
14%
Sugars
3.0g
6.0g
7%
Sodium
389mg
778mg
34%
Energy (Cal)
258Cal
515Cal
Dietary Fibre (total)
1.8g
3.7g
12%
* Percentage Daily Intakes are based on an average adult diet of 8700 kJ. Your daily intakes may be higher or lower depending on your energy needs.",,https://www.coles.com.au/product/herbert-adams-roasted-capsicum-spanish-onion-cheddar-quiche-200g-4707320,,,2024-06-18T02:00:30.074209-04:00
"Ind54SColes_ADairy, Eggs & Fridge_SAReady to eat meals_IDari's Chunky Minestrone Soup | 550g",Dari's Chunky Minestrone Soup | 550g,Daris,"Dairy, Eggs & Fridge",Ready to eat meals,Soups & stews,,$5.50,,$6.80,$1.00 per 100g,5063824,"There are many variations of Minestrone around Italy. This is ours! Faithful to its humble origins, this tangy tomato-based soup is all about the veggies, pasta, and chicken stock - the simple, fresh flavours that make Minestrone special. Rustic, wholesome, yet deliciously light, serve with crusty bread. Enjoy this dinner table staple all year-round.",,,"Per 100g/ml
Per Serving
%DI
Energy
141
388
Protein
1.2
3.3
Total Fat
0.5
1.4
Saturated Fat
0.2
0.6
Carbohydrate
6.0
16.5
Sugars
1.9
5.3
Sodium
428
1177
Energy (Cal)
33
93
Dietary Fibre (total)
0.6
2.5
Trans
0
0
* Percentage Daily Intakes are based on an average adult diet of 8700 kJ. Your daily intakes may be higher or lower depending on your energy needs.",,https://www.coles.com.au/product/dari's-chunky-minestrone-soup-550g-5063824,,,2024-06-18T02:00:42.528366-04:00
"Ind54SColes_ADairy, Eggs & Fridge_SAReady to eat meals_IColes Kitchen Creamy Carbonara Sauce | 425g",Coles Kitchen Creamy Carbonara Sauce | 425g,Coles,"Dairy, Eggs & Fridge",Ready to eat meals,Italian meals & pasta,,,,,,3920457,"From our kitchen to yours, Coles Kitchen offers you great-tasting food that is ready when you are",,,"Per 100g/ml
Per Serving
%DI
Energy
551.60
584.70
Protein
3.90
4.13
Carbohydrate
6.00
6.36
Sugars
1.80
1.91
Sodium
220.00
233.20
Saturated
6.20
6.57
Energy (Cal)
131.96
139.88
Fat
10.10
10.71
Dietary Fibre (total)
1.20
1.27
Trans
0.40
0.42
* Percentage Daily Intakes are based on an average adult diet of 8700 kJ. Your daily intakes may be higher or lower depending on your energy needs.",,https://www.coles.com.au/product/coles-kitchen-creamy-carbonara-sauce-425g-3920457,,,2024-06-18T02:00:54.613127-04:00
"Ind54SColes_ADairy, Eggs & Fridge_SAReady to eat meals_IColes Kitchen Double Pepperoni Pizza | 420g",Coles Kitchen Double Pepperoni Pizza | 420g,Coles,"Dairy, Eggs & Fridge",Ready to eat meals,Pizzas,,$6.50,Pick any 2 for $12,,$1.55 per 100g,6187550,From our kitchen to yours......A pizzeria experience at home. We take a stone baked base and top it with vibrant tomato sauce before finishing with spicy pepperoni and mozzarella. Generously topped and ready for you in minutes.,,,"Per 100g/ml
Per Serving
%DI
Energy
1064.40
1117.62
Protein
11.20
11.76
Carbohydrate
31.70
33.29
Sugars
4.20
4.41
Sodium
629.00
660.45
Saturated
3.30
3.47
Energy (Cal)
254.64
267.37
Fat
8.30
8.72
Dietary Fibre (total)
3.50
3.68
Trans
0.04
0.04
* Percentage Daily Intakes are based on an average adult diet of 8700 kJ. Your daily intakes may be higher or lower depending on your energy needs.",,https://www.coles.com.au/product/coles-kitchen-double-pepperoni-pizza-420g-6187550,,,2024-06-18T02:01:06.575673-04:00
"Ind54SColes_ADairy, Eggs & Fridge_SAReady to eat meals_IDari's Tomato Soup | 350g",Dari's Tomato Soup | 350g,Daris,"Dairy, Eggs & Fridge",Ready to eat meals,Soups & stews,,$4.80,,,$1.37 per 100g,7831381,"An original soup icon, tomato is universally appealing and loved by all ages. We've elevated the classic tomato soup recipe, by adding a touch of cream and a hint of oregano, to create a decadent, creamy, and comforting tomato soup that's full of the flavours of its simple ingredients.
 ",,,"Per 100g/ml
Per Serving
%DI
Energy
161
564
Protein
1.1
3.9
Total Fat
1.7
6.0
Saturated Fat
1.3
4.5
Carbohydrate
4.4
15.4
Sugars
3.8
13.3
Sodium
220
770
Energy (Cal)
38
135
Dietary Fibre (total)
0.6
2.1
Trans
0.0
0.0
* Percentage Daily Intakes are based on an average adult diet of 8700 kJ. Your daily intakes may be higher or lower depending on your energy needs.",,https://www.coles.com.au/product/dari's-tomato-soup-350g-7831381,,,2024-06-18T02:01:17.874368-04:00
"Ind54SColes_ADairy, Eggs & Fridge_SAReady to eat meals_IColes Kitchen Chicken & Vegetable Noodle Soup | 550g",Coles Kitchen Chicken & Vegetable Noodle Soup | 550g,Coles,"Dairy, Eggs & Fridge",Ready to eat meals,Soups & stews,,$5.50,,,$1.00 per 100g,7750304,Chunky & Hearty,,,"Per 100g/ml
Per Serving
%DI
Energy
174.10
478.78
Protein
3.40
9.35
Total Fat
0.70
1.93
Carbohydrate
4.80
13.20
Sugars
1.40
3.85
Sodium
200.00
550.00
Saturated
0.20
0.55
Energy (Cal)
41.65
114.54
Dietary Fibre (total)
1.10
3.03
Trans
0.10
0.28
* Percentage Daily Intakes are based on an average adult diet of 8700 kJ. Your daily intakes may be higher or lower depending on your energy needs.",,https://www.coles.com.au/product/coles-kitchen-chicken-and-vegetable-noodle-soup-550g-7750304,,,2024-06-18T02:01:29.921648-04:00
"Ind54SColes_ADairy, Eggs & Fridge_SAReady to eat meals_IColes Kitchen Spinach & Ricotta Cannelloni | 350g",Coles Kitchen Spinach & Ricotta Cannelloni | 350g,Coles,"Dairy, Eggs & Fridge",Ready to eat meals,Italian meals & pasta,,$8.00,Pick any 2 for $14,,$2.29 per 100g,3771277,"Spinach and ricotta cheese rolled in pasta and layered with bechamel and tomato sauces, topped with mozzarella",,,"Per 100g/ml
Per Serving
%DI
Energy
470.00
1645.00
Protein
5.40
18.90
Total Fat
0.90
3.15
Carbohydrate
19.30
67.55
Sugars
1.90
6.65
Sodium
210.00
735.00
Saturated
0.20
0.70
Energy (Cal)
112.44
393.54
Fat
0.90
3.15
Dietary Fibre (total)
2.10
7.35
Trans
0.10
0.35
* Percentage Daily Intakes are based on an average adult diet of 8700 kJ. Your daily intakes may be higher or lower depending on your energy needs.","INGREDIENTS: Spinach & Ricotta Cannelloni (41%) [Spinach & Ricotta Filling (65%) (Ricotta Cheese (44%) {Whey (Milk), Milk, Salt, Acidity Regulator (260)}, Spinach (37%), Breadcrumbs (Wheat), Vegetarian Parmesan Cheese (Milk), Black Pepper, Natural Preservative (234)), Pasta (35%) (Durum Wheat Semolina, Water)], BÃ©chamel Sauce (29%) [Water, Salted Butter (Milk), Thickener (Starch), Milk Powder, Wheat Flour, Salt, Natural Preservative (234), Modified Starch (1422, 1442)], Tomato Sauce (27%) [Tomato (57%) (Tomato, Acidity Regulator (330), Mineral Salt (509)), Water, Tomato Paste (Tomato, Acidity Regulator (330)), Onion, Brown Sugar, Thickener (Starch), Vegetable Oil, Crushed Garlic, Basil, Salt, Black Pepper, Oregano, Modified Starch (1422, 1442)], Vegetarian Mozzarella (Milk) (2.5%).",https://www.coles.com.au/product/coles-kitchen-spinach-and-ricotta-cannelloni-350g-3771277,,,2024-06-18T02:01:41.538782-04:00
"Ind54SColes_ADairy, Eggs & Fridge_SAReady to eat meals_IIpastai Bolognese Sauce | 300g",Ipastai Bolognese Sauce | 300g,Ipastai,"Dairy, Eggs & Fridge",Ready to eat meals,Italian meals & pasta,,$7.50,,,$2.50 per 100g,6474904,Bolognese Tomato and Meat Sauce. Slow cooked Italian sauce. ,,,,"Tomato pulp (49.5%), water, beef (14.5%), wagyu beef (3.3%), onion, carrot, tomato paste (2.0%), canola oil, celery, red wine (sulphites, milk, egg, fish) (grape juice, tartaric acid, sulphur dioxide, malic acid), citrus fibre, beef stock (salt, sugar, maltodextrin, yeast extract, natural flavour, beef fat (3.6%), burnt sugar, onion powder, pepper), rosemary, nutmeg, bay leaf.",https://www.coles.com.au/product/ipastai-bolognese-sauce-300g-6474904,,,2024-06-18T02:01:50.533200-04:00
"Ind54SColes_ADairy, Eggs & Fridge_SAReady to eat meals_IStone Baked Pizza Bases Twin pack | 560g",Stone Baked Pizza Bases Twin pack | 560g,Stone Baked,"Dairy, Eggs & Fridge",Ready to eat meals,Pizzas,,$4.30,,,$0.77 per 100g,8714656,Made with fresh & quality ingredients. Enjoy convenient and ready to cook Stone Baked Pizza Base.,,,"Per 100g/ml
Per Serving
%DI
Energy
1044kJ
522kJ
Protein
9.5g
4.75g
Total Fat
1.1g
Less than 1g
Saturated Fat
0.3g
Less than 1g
Carbohydrate
49.5g
24.75g
Sugars
1.9g
Less than 1g
Sodium
480mg
240mg
* Percentage Daily Intakes are based on an average adult diet of 8700 kJ. Your daily intakes may be higher or lower depending on your energy needs.",,https://www.coles.com.au/product/stone-baked-pizza-bases-twin-pack-560g-8714656,,,2024-06-18T02:02:03.084951-04:00
"Ind54SColes_ADairy, Eggs & Fridge_SAReady to eat meals_IColes Beef Ravioli Pasta | 600g",Coles Beef Ravioli Pasta | 600g,Coles,"Dairy, Eggs & Fridge",Ready to eat meals,Italian meals & pasta,,$5.50,,,$0.92 per 100g,2716080,Coles Pasta Beef Ravioli,,,"Per 100g/ml
Per Serving
%DI
Energy
1231.70
1847.55
Protein
12.80
19.20
Total Fat
8.70
13.05
Saturated Fat
2.9
4.4
18
Carbohydrate
39.40
59.10
Sugars
0.90
1.35
Sodium
320.00
480.00
Saturated
3.80
5.70
Energy (Cal)
294.67
442.00
Dietary Fibre (total)
2.80
4.20
Potassium
230.00
345.00
Trans
0.30
0.45
* Percentage Daily Intakes are based on an average adult diet of 8700 kJ. Your daily intakes may be higher or lower depending on your energy needs.",,https://www.coles.com.au/product/coles-beef-ravioli-pasta-600g-2716080,,,2024-06-18T02:02:14.373191-04:00
"Ind54SColes_ADairy, Eggs & Fridge_SAReady to eat meals_IColes Pappardelle | 300g",Coles Pappardelle | 300g,Coles,"Dairy, Eggs & Fridge",Ready to eat meals,Italian meals & pasta,,$4.50,,,$1.50 per 100g,3360024,Coles Brand meals are made with quality ingredients. Enjoy delicious and convenient ready to heat Pappardelle.,,,"Per 100g/ml
Per Serving
%DI
Energy
1205.60
1808.40
Protein
12.90
19.35
Total Fat
1.50
2.25
Carbohydrate
53.20
79.80
Sugars
0.90
1.35
Sodium
7.00
10.50
Saturated
0.40
0.60
Energy (Cal)
288.42
432.63
Dietary Fibre (total)
3.30
4.95
* Percentage Daily Intakes are based on an average adult diet of 8700 kJ. Your daily intakes may be higher or lower depending on your energy needs.",,https://www.coles.com.au/product/coles-pappardelle-300g-3360024,,,2024-06-18T02:02:25.565858-04:00
"Ind54SColes_ADairy, Eggs & Fridge_SAReady to eat meals_IColes Nature's Kitchen Minestrone Soup | 300g",Coles Nature's Kitchen Minestrone Soup | 300g,Coles,"Dairy, Eggs & Fridge",Ready to eat meals,Soups & stews,,$4.00,,,$1.33 per 100g,4215836,Coles Brand meals are made with quality ingredients. Enjoy delicious and convenient ready to heat Minestrone Soup.,,,"Per 100g/ml
Per Serving
%DI
Energy
181.00
543.00
Protein
1.10
3.30
Carbohydrate
5.20
15.60
Sugars
2.40
7.20
Sodium
180.00
540.00
Saturated
0.10
0.30
Energy (Cal)
43.30
129.90
Fat
1.50
4.50
Dietary Fibre (total)
2.30
6.90
Trans
0.09
0.27
* Percentage Daily Intakes are based on an average adult diet of 8700 kJ. Your daily intakes may be higher or lower depending on your energy needs.",,https://www.coles.com.au/product/coles-nature's-kitchen-minestrone-soup-300g-4215836,,,2024-06-18T02:02:37.370472-04:00
"Ind54SColes_ADairy, Eggs & Fridge_SAReady to eat meals_IColes Chicken Tortellini | 600g",Coles Chicken Tortellini | 600g,Coles,"Dairy, Eggs & Fridge",Ready to eat meals,Italian meals & pasta,,$5.50,,,$0.92 per 100g,3920118,Coles Pasta Chicken Tortellini,,,"Per 100g/ml
Per Serving
%DI
Energy
1055.30
1582.95
Protein
12.60
18.90
Total Fat
4.60
6.90
Carbohydrate
37.30
55.95
Sugars
0.30
0.45
Sodium
260.00
390.00
Saturated
1.90
2.85
Energy (Cal)
252.46
378.70
Dietary Fibre (total)
4.60
6.90
* Percentage Daily Intakes are based on an average adult diet of 8700 kJ. Your daily intakes may be higher or lower depending on your energy needs.",,https://www.coles.com.au/product/coles-chicken-tortellini-600g-3920118,,,2024-06-18T02:02:48.665380-04:00
"Ind54SColes_ADairy, Eggs & Fridge_SAReady to eat meals_IDari's Chicken Noodle Soup | 550g",Dari's Chicken Noodle Soup | 550g,Daris,"Dairy, Eggs & Fridge",Ready to eat meals,Soups & stews,,$5.50,,$6.80,$1.00 per 100g,1196611,"It's Chicken Noodle soup, but with a twist! We've added a touch of Asian flavour, a hint of spice, and a subtle kick of chilli to create a warming Oriental-inspired noodle dish. Ginger, lime, and coriander add freshness and zing to this light soup that's packed with flavour.",,,"Per 100g/ml
Per Serving
%DI
Energy
107
294
Protein
2.3
6.3
Total Fat
0.4
1.1
Saturated Fat
0.1
0.3
Carbohydrate
3.2
8.8
Sugars
0.7
1.9
Sodium
339
932
Energy (Cal)
26
72
Dietary Fibre (total)
0.5
1.4
Trans
0
0
* Percentage Daily Intakes are based on an average adult diet of 8700 kJ. Your daily intakes may be higher or lower depending on your energy needs.",,https://www.coles.com.au/product/dari's-chicken-noodle-soup-550g-1196611,,,2024-06-18T02:03:00.697975-04:00
"Ind54SColes_ADairy, Eggs & Fridge_SAReady to eat meals_IColes Ricotta Spinach Agnolotti Pasta | 600g",Coles Ricotta Spinach Agnolotti Pasta | 600g,Coles,"Dairy, Eggs & Fridge",Ready to eat meals,Italian meals & pasta,,$5.50,,,$0.92 per 100g,2714303,Coles Spinach & Ricotta Agnolotti,,,"Per 100g/ml
Per Serving
%DI
Energy
1040
1570
18
Protein
10.7
16.1
32
Total Fat
5.1
7.7
11
Saturated Fat
3.4
5.1
21
Carbohydrate
37.6
56.4
18
Sugars
1.50
2.25
Sodium
324
486
21
Saturated
2.30
3.45
Energy (Cal)
250
374
Dietary Fibre (total)
3.20
4.80
* Percentage Daily Intakes are based on an average adult diet of 8700 kJ. Your daily intakes may be higher or lower depending on your energy needs.",,https://www.coles.com.au/product/coles-ricotta-spinach-agnolotti-pasta-600g-2714303,,,2024-06-18T02:03:13.383391-04:00
"Ind54SColes_ADairy, Eggs & Fridge_SAReady to eat meals_IColes Perform Build Chicken Minestrone Soup | 450g",Coles Perform Build Chicken Minestrone Soup | 450g,Coles,"Dairy, Eggs & Fridge",Ready to eat meals,Soups & stews,,$5.00,Pick any 2 for $18,,$1.11 per 100g,6009904,,,,"Per 100g/ml
Per Serving
%DI
Energy
357.00
1606.50
Protein
5.90
26.55
Total Fat
2.20
9.90
Saturated Fat
0.30
1.35
Carbohydrate
8.90
40.05
Sugars
1.70
7.65
Sodium
180.00
810.00
Energy (Cal)
85.41
384.33
Dietary Fibre (total)
3.00
13.50
Trans
0.10
0.45
* Percentage Daily Intakes are based on an average adult diet of 8700 kJ. Your daily intakes may be higher or lower depending on your energy needs.",,https://www.coles.com.au/product/coles-perform-build-chicken-minestrone-soup-450g-6009904,,,2024-06-18T02:03:24.795319-04:00
"Ind54SColes_ADairy, Eggs & Fridge_SAReady to eat meals_ILatina Fresh Ricotta & Spinach Agnolotti Pasta | 625g",Latina Fresh Ricotta & Spinach Agnolotti Pasta | 625g,Latina,"Dairy, Eggs & Fridge",Ready to eat meals,Italian meals & pasta,,$11.00,,,$1.76 per 100g,5469181,,,,,,https://www.coles.com.au/product/latina-fresh-ricotta-and-spinach-agnolotti-pasta-625g-5469181,,,2024-06-18T02:03:34.133381-04:00
"Ind54SColes_ADairy, Eggs & Fridge_SAReady to eat meals_IColes Kitchen Smokey Tomato & Cannellini Bean Soup | 550g",Coles Kitchen Smokey Tomato & Cannellini Bean Soup | 550g,Coles,"Dairy, Eggs & Fridge",Ready to eat meals,Soups & stews,,$5.50,,,$1.00 per 100g,7750315,Rich & Warming,,,"Per 100g/ml
Per Serving
%DI
Energy
164.40
452.10
Protein
1.20
3.30
Total Fat
0.30
0.83
Carbohydrate
7.30
20.08
Sugars
1.80
4.95
Sodium
220.00
605.00
Saturated
0.10
0.28
Energy (Cal)
39.33
108.16
Dietary Fibre (total)
1.10
3.03
Trans
0.10
0.28
* Percentage Daily Intakes are based on an average adult diet of 8700 kJ. Your daily intakes may be higher or lower depending on your energy needs.",,https://www.coles.com.au/product/coles-kitchen-smokey-tomato-and-cannellini-bean-soup-550g-7750315,,,2024-06-18T02:03:45.448091-04:00
"Ind54SColes_ADairy, Eggs & Fridge_SAReady to eat meals_IColes Kitchen Chicken & Corn Soup | 300g",Coles Kitchen Chicken & Corn Soup | 300g,Coles,"Dairy, Eggs & Fridge",Ready to eat meals,Soups & stews,,$4.00,,,$1.33 per 100g,3467403,"From our kitchen to yours, Coles Kitchen offers you great-tasting food that is ready when you are",,,"Per 100g/ml
Per Serving
%DI
Energy
258.80
776.40
Protein
5.80
17.40
Total Fat
2.20
6.60
Carbohydrate
3.60
10.80
Sugars
1.60
4.80
Sodium
200.00
600.00
Saturated
0.40
1.20
Energy (Cal)
61.91
185.74
Dietary Fibre (total)
2.20
6.60
Trans
0.10
0.30
* Percentage Daily Intakes are based on an average adult diet of 8700 kJ. Your daily intakes may be higher or lower depending on your energy needs.",,https://www.coles.com.au/product/coles-kitchen-chicken-and-corn-soup-300g-3467403,,,2024-06-18T02:03:57.797552-04:00
"Ind54SColes_ADairy, Eggs & Fridge_SAReady to eat meals_IColes Kitchen Ultra Green Soup | 300g",Coles Kitchen Ultra Green Soup | 300g,Coles,"Dairy, Eggs & Fridge",Ready to eat meals,Soups & stews,,$4.00,,,$1.33 per 100g,4215825,"Coles Kitchen Ultra Green Soup 300g. At Natures Kitchen we believe plant based food does not have to be bland and boring, so we're upping the taste in plant based eats. Salty, tangy, spicy, sweet, we offer mouth-watering food, packed with flavour for the modern plant-based eater.",,,"Per 100g/ml
Per Serving
%DI
Energy
187.10
561.30
Protein
2.40
7.20
Total Fat
2.30
6.90
Carbohydrate
2.00
6.00
Sugars
1.10
3.30
Sodium
214.07
642.21
Saturated
0.90
2.70
Energy (Cal)
44.76
134.28
Dietary Fibre (total)
3.40
10.20
Trans
0.10
0.30
* Percentage Daily Intakes are based on an average adult diet of 8700 kJ. Your daily intakes may be higher or lower depending on your energy needs.",,https://www.coles.com.au/product/coles-kitchen-ultra-green-soup-300g-4215825,,,2024-06-18T02:04:09.103505-04:00
"Ind54SColes_ADairy, Eggs & Fridge_SAReady to eat meals_IGrand Italian Potato Gnocchi | 500g",Grand Italian Potato Gnocchi | 500g,Grand Italian,"Dairy, Eggs & Fridge",Ready to eat meals,Italian meals & pasta,,$6.00,,,$1.20 per 100g,3776882,"Our Grand Italian range of gnocchi are specially made with steamed fresh potato to create fluffy pillows of delicious goodness! The range offers a variety of natural and traditional Italian flavours.  No preservatives or artificials, made with natural or fresh ingredients locally sourced, give the Grand Italian Gnocchi range its hand-made taste experience.
Made with steamed fresh potato!",,,"Per 100g/ml
Per Serving
%DI
Energy
552kJ
690kJ
8%
Protein
4.7g
5.9g
12%
Total Fat
0.6g
0.8g
1%
Saturated Fat
0.1g
0.1g
<1%
Carbohydrate
25.4g
31.8g
10%
Sugars
3.0g
3.8g
4%
Sodium
165mg
206mg
9%
Energy (Cal)
132Cal
165Cal
8%
Dietary Fibre (total)
2.3g
2.9g
10%
* Percentage Daily Intakes are based on an average adult diet of 8700 kJ. Your daily intakes may be higher or lower depending on your energy needs.",,https://www.coles.com.au/product/grand-italian-potato-gnocchi-500g-3776882,,,2024-06-18T02:04:21.612824-04:00
"Ind54SColes_ADairy, Eggs & Fridge_SAReady to eat meals_IColes Nature's Kitchen Veggie Sauce | 425g",Coles Nature's Kitchen Veggie Sauce | 425g,Coles,"Dairy, Eggs & Fridge",Ready to eat meals,Italian meals & pasta,,,,,,3649433,"Chunky veggie pasta sauce containing a blend of tomato, onion, carrot, zucchini, capsicum and celery",,,"Per 100g/ml
Per Serving
%DI
Energy
170.90
181.15
Protein
1.10
1.17
Carbohydrate
4.40
4.66
Sugars
2.60
2.76
Sodium
250.00
265.00
Saturated
0.20
0.21
Energy (Cal)
40.89
43.34
Fat
1.40
1.48
Dietary Fibre (total)
3.20
3.39
Trans
0.10
0.11
* Percentage Daily Intakes are based on an average adult diet of 8700 kJ. Your daily intakes may be higher or lower depending on your energy needs.",,https://www.coles.com.au/product/coles-nature's-kitchen-veggie-sauce-425g-3649433,,,2024-06-18T02:04:32.612023-04:00
"Ind54SColes_ADairy, Eggs & Fridge_SAReady to eat meals_IColes Kitchen Pulled Pork Mac & Cheese | 350g",Coles Kitchen Pulled Pork Mac & Cheese | 350g,Coles,"Dairy, Eggs & Fridge",Ready to eat meals,Other ready meals,,$8.00,Pick any 2 for $14,,$2.29 per 100g,5586800,Macaroni in a creamy cheese sauce topped with smokey barbecue pulled pork.From our kitchen to yours. So you can experience the food of Italy at home we take durum wheat pasta and match to delicious simmered sauces before finishing with cheese. Food that is full of flavour and ready for you in minutes,,,"Per 100g/ml
Per Serving
%DI
Energy
693.80
2428.30
Protein
7.30
25.55
Total Fat
7.50
26.25
Carbohydrate
16.20
56.70
Sugars
2.70
9.45
Sodium
230.00
805.00
Saturated
4.40
15.40
Energy (Cal)
165.98
580.93
Fat
7.50
26.25
Dietary Fibre (total)
2.10
7.35
Trans
0.20
0.70
* Percentage Daily Intakes are based on an average adult diet of 8700 kJ. Your daily intakes may be higher or lower depending on your energy needs.",,https://www.coles.com.au/product/coles-kitchen-pulled-pork-mac-and-cheese-350g-5586800,,,2024-06-18T02:04:44.063171-04:00
"Ind54SColes_ADairy, Eggs & Fridge_SAReady to eat meals_IColes Kitchen Satay Style Stir Fry Sauce | 200g",Coles Kitchen Satay Style Stir Fry Sauce | 200g,Coles,"Dairy, Eggs & Fridge",Ready to eat meals,Italian meals & pasta,,$4.50,,,$2.25 per 100g,7748459,Logo: Vegetarian (as per DHO)Logo: NAFNAC (as per DHO)4 serves,,,"Per 100g/ml
Per Serving
%DI
Energy
535
268
3
Protein
3.4
1.7
3
Total Fat
8.4
4.2
6
Saturated Fat
3.1
1.5
6
Carbohydrate
7.4
3.7
1
Sodium
253
127
6
Energy (Cal)
128
64
trans
LESS THAN 0.1g
LESS THAN 0.1g
* Percentage Daily Intakes are based on an average adult diet of 8700 kJ. Your daily intakes may be higher or lower depending on your energy needs.",,https://www.coles.com.au/product/coles-kitchen-satay-style-stir-fry-sauce-200g-7748459,,,2024-06-18T02:04:55.179185-04:00
"Ind54SColes_ADairy, Eggs & Fridge_SAReady to eat meals_IStonefire Roasted Garlic Naan 2 pack | 250g",Stonefire Roasted Garlic Naan 2 pack | 250g,Stonefire,"Dairy, Eggs & Fridge",Ready to eat meals,Hot snacks & sides,,$3.90,,,$1.56 per 100g,2885532,"Stonefire Garlic Naan are cooked, ready to heat and perfect to go with your curries.",,,,,https://www.coles.com.au/product/stonefire-roasted-garlic-naan-2-pack-250g-2885532,,,2024-06-18T02:05:04.262406-04:00
"Ind54SColes_ADairy, Eggs & Fridge_SAReady to eat meals_IColes Pasta Tortellini Veal | 600g",Coles Pasta Tortellini Veal | 600g,Coles,"Dairy, Eggs & Fridge",Ready to eat meals,Italian meals & pasta,,$5.50,,,$0.92 per 100g,2714289,Coles Veal Tortellini,,,"Per 100g/ml
Per Serving
%DI
Energy
1170
1760
20
Protein
12.4
18.6
37
Total Fat
7.3
11.0
16
Saturated Fat
1.2
1.8
8
Carbohydrate
39.5
59.3
19
Sugars
1.30
1.95
Sodium
258
387
17
Saturated
2.60
3.90
Energy (Cal)
281
421
Dietary Fibre (total)
3.20
4.80
Trans
0.20
0.30
* Percentage Daily Intakes are based on an average adult diet of 8700 kJ. Your daily intakes may be higher or lower depending on your energy needs.","INGREDIENTS: Free Range Egg Pasta (65%) [Durum Wheat Semolina, Water, Free-Range Australian Egg (8%)], Veal Filling (35%) [No Added Hormone Australian Beef (56%), Breadcrumb (25%) (Wheat Flour, Salt, Water, Yeast), Onion, Carrot, Parmesan Cheese (Milk), Salt, Canola Oil, Yeast Extract, Seasoning (Thickener (1422), Oregano, Nutmeg, Pepper, Tamarind, Thyme, Salt, Natural Flavouring, Maltodextrin, Sugar, Yeast Extract, Burnt Sugar, Natural Colour (Paprika Oleoresins), Onion, Garlic), Black Pepper, Celery, Nutmeg, Sea Salt].",https://www.coles.com.au/product/coles-pasta-tortellini-veal-600g-2714289,,,2024-06-18T02:05:16.439049-04:00
"Ind54SColes_ADairy, Eggs & Fridge_SA_IDari's Creamy Pumpkin Soup | 550g",Dari's Creamy Pumpkin Soup | 550g,Daris,"Dairy, Eggs & Fridge",,,,$5.50,,$6.80,$1.00 per 100g,6257418,,,,,"Water, pumpkin (48%), cream (2%), vegetable stock, salt, butter, pepper.",https://www.coles.com.au/product/dari's-creamy-pumpkin-soup-550g-6257418,,,2024-06-18T02:05:26.576796-04:00
"Ind54SColes_ADairy, Eggs & Fridge_SA_IPitango Soup Tomato Basil | 600g",Pitango Soup Tomato Basil | 600g,Pitango,"Dairy, Eggs & Fridge",,,,$5.75,,$7.25,$0.96 per 100g,4207929,"True food for us means only using carefully selected natural ingredients with no preservatives, artificial colours, flavours or added sugar. 

Tomatoes, farm fresh carrots, onions & potatoes, a splash of cream.
Vegetable stock. Bit o' basil. Sprinkle of spices.

Loads of goodness
The perfect touch.",,,"Per 100g/ml
Per Serving
%DI
Energy
216kJ
648kJ
7%
Protein
1.1g
3.3g
7%
Total Fat
2.4g
7.2g
10%
Saturated Fat
1.2g
3.6g
15%
Carbohydrate
6.0g
18.0g
6%
Sugars
3.4g
10.2g
11%
Sodium
233mg
699mg
30%
Monounsaturated
>1
>1
>1
Energy (Cal)
52Cal
156Cal
>1
Dietary Fibre (total)
1.4g
4.2g
14%
Polyunsaturated
>1
>1
>1
Gluten
0.0g
0.0g
>1
Trans
>1
>1
>1
* Percentage Daily Intakes are based on an average adult diet of 8700 kJ. Your daily intakes may be higher or lower depending on your energy needs.",,https://www.coles.com.au/product/pitango-soup-tomato-basil-600g-4207929,,,2024-06-18T02:05:37.926436-04:00
"Ind54SColes_ADairy, Eggs & Fridge_SAReady to eat meals_IColes Kitchen Chicken & Bacon Pasta Bake | 350g",Coles Kitchen Chicken & Bacon Pasta Bake | 350g,Coles,"Dairy, Eggs & Fridge",Ready to eat meals,Italian meals & pasta,,$8.00,Pick any 2 for $14,,$2.29 per 100g,2680766,From our kitchen to yours So you can experience the food of Italy at home we take durum wheat pasta and match to delicious simmered sauces before finishing with cheese. Food that is full of flavour and ready for you in minutes,,,"Per 100g/ml
Per Serving
%DI
Energy
660.90
2313.15
Protein
8.30
29.05
Total Fat
6.40
22.40
Carbohydrate
16.60
58.10
Sugars
0.90
3.15
Sodium
160.00
560.00
Saturated
3.40
11.90
Energy (Cal)
158.11
553.39
Dietary Fibre (total)
0.10
0.35
Trans
0.20
0.70
* Percentage Daily Intakes are based on an average adult diet of 8700 kJ. Your daily intakes may be higher or lower depending on your energy needs.",,https://www.coles.com.au/product/coles-kitchen-chicken-and-bacon-pasta-bake-350g-2680766,,,2024-06-18T02:05:49.443119-04:00
"Ind54SColes_ADairy, Eggs & Fridge_SAReady to eat meals_IYoufoodz Fueld Spagetti Bolognese | 412g",Youfoodz Fueld Spagetti Bolognese | 412g,Youfoodz,"Dairy, Eggs & Fridge",Ready to eat meals,Other ready meals,,$12.00,,,$2.91 per 100g,7825389,"Youfoodz' FUEL'D Spaghetti Bolognese is Nonna's fave beefy bolognese sauce served atop al dente spaghetti. Big in size, big on taste & packed with protein!",,,"Per 100g/ml
Per Serving
%DI
Energy
559 kJ
2300 kJ
Protein
8.2 g
33.7 g
Total Fat
3.2 g
13.2 g
Saturated Fat
1.4 g
5.9 g
Carbohydrate
17.7 g
72.9 g
Sugars
2.9 g
11.8 g
Sodium
258 mg
1060 mg
Energy (Cal)
134 Cal
551 Cal
Dietary Fibre (total)
1.4 g
5.6 g
* Percentage Daily Intakes are based on an average adult diet of 8700 kJ. Your daily intakes may be higher or lower depending on your energy needs.",,https://www.coles.com.au/product/youfoodz-fueld-spagetti-bolognese-412g-7825389,,,2024-06-18T02:06:00.730786-04:00
"Ind54SColes_ADairy, Eggs & Fridge_SAReady to eat meals_IColes Kitchen Chicken Tikka Masala & Rice | 350g",Coles Kitchen Chicken Tikka Masala & Rice | 350g,Coles,"Dairy, Eggs & Fridge",Ready to eat meals,Indian food & meals,,$7.50,Pick any 2 for $14,,$2.14 per 100g,2877523,"Marinated Australian chicken breast in a rich tandoori spiced masala sauce finished with cream, served with basmati rice",,,"Per 100g/ml
Per Serving
%DI
Energy
524.90
1837.15
Protein
7.90
27.65
Total Fat
3.20
11.20
Carbohydrate
15.40
53.90
Sugars
2.70
9.45
Sodium
170.00
595.00
Saturated
1.20
4.20
Energy (Cal)
125.57
439.51
Fat
3.20
11.20
Dietary Fibre (total)
1.30
4.55
Trans
0.10
0.35
* Percentage Daily Intakes are based on an average adult diet of 8700 kJ. Your daily intakes may be higher or lower depending on your energy needs.",,https://www.coles.com.au/product/coles-kitchen-chicken-tikka-masala-and-rice-350g-2877523,,,2024-06-18T02:06:13.172024-04:00
"Ind54SColes_ADairy, Eggs & Fridge_SAReady to eat meals_IYoufoodz Chicken Burrito Bowl | 354g",Youfoodz Chicken Burrito Bowl | 354g,Youfoodz,"Dairy, Eggs & Fridge",Ready to eat meals,Other ready meals,,$11.00,Pick any 2 for $16,,$3.11 per 100g,7825345,"Youfoodz' Chicken Burrito Bowl is tender slices of chicken served with a vegetable mix of savoury black beans, capsicum and sweet corn on a bed of coriander rice. Complete with a tangy avocado salsa verde and sour cream to dress to your liking.",,,"Per 100g/ml
Per Serving
%DI
Energy
538 kJ
1900 kJ
Protein
7.2 g
25.4 g
Total Fat
4.4 g
15.7 g
Saturated Fat
1.3 g
4.6 g
Carbohydrate
13.8 g
48.8 g
Sugars
1.9 g
6.7 g
Sodium
411 mg
1450 mg
Energy (Cal)
129 Cal
455 Cal
Dietary Fibre (total)
2 g
7.2 g
* Percentage Daily Intakes are based on an average adult diet of 8700 kJ. Your daily intakes may be higher or lower depending on your energy needs.",,https://www.coles.com.au/product/youfoodz-chicken-burrito-bowl-354g-7825345,,,2024-06-18T02:06:25.449389-04:00
"Ind54SColes_ADairy, Eggs & Fridge_SA_IYoufoodz Fueld Fueld Chicken Carbonara | 426g",Youfoodz Fueld Fueld Chicken Carbonara | 426g,Youfoodz Fueld,"Dairy, Eggs & Fridge",,,,$12.00,,,$2.82 per 100g,7825367,"Youfoodz' FUEL'D Chicken Carbonara features al dente fettuccine, tender slices of chicken, ham and mushrooms in a creamy parmesan cheese and garlic sauce. Big in size, big on taste & packed with protein!",,,"Per 100g/ml
Per Serving
%DI
Energy
503 kJ
2140 kJ
Protein
8.8 g
37.3 g
Total Fat
3.5 g
15.1 g
Saturated Fat
2.0 g
8.5 g
Carbohydrate
12.5 g
53.2 g
Sugars
1.2 g
5.2 g
Sodium
432 mg
1840 mg
Energy (Cal)
120 Cal
512 Cal
Dietary Fibre (total)
1.3 g
5.5 g
* Percentage Daily Intakes are based on an average adult diet of 8700 kJ. Your daily intakes may be higher or lower depending on your energy needs.",,https://www.coles.com.au/product/youfoodz-fueld-fueld-chicken-carbonara-426g-7825367,,,2024-06-18T02:06:37.673720-04:00
"Ind54SColes_ADairy, Eggs & Fridge_SAReady to eat meals_ILatina Fresh Italian Style Tomato & Garlic Pasta Sauce | 425g",Latina Fresh Italian Style Tomato & Garlic Pasta Sauce | 425g,Latina,"Dairy, Eggs & Fridge",Ready to eat meals,Italian meals & pasta,,$7.50,,,$1.76 per 100g,5233232,"Packed with umami goodness, Latina Fresh Italian Style Tomato & Garlic Pasta Sauce contains no artificial colours or flavours. This delicious blend of tomatoes, onion and olive oil with various herbs and spices makes a perfect topping for all sorts of pasta dishes. Try it in lasagna for a vegetarian-friendly twist.
Pasta sauce made with Australian Tomatoes

Great for lasagne

No artificial colours or flavours

Perfect with any Latina Fresh pasta

Serves four",,,,,https://www.coles.com.au/product/latina-fresh-italian-style-tomato-and-garlic-pasta-sauce-425g-5233232,,,2024-06-18T02:06:47.682082-04:00
"Ind54SColes_ADairy, Eggs & Fridge_SAYoufoodz_IYoufoodz Fueld Portuguese Chicken & Rice | 430g",Youfoodz Fueld Portuguese Chicken & Rice | 430g,Youfoodz,"Dairy, Eggs & Fridge",Youfoodz,Ready to eat meal,,$12.00,,,$2.79 per 100g,4687325,"Full of flavour and packed with protein, our Portugese Chicken & Rice is one meal you're going to want to add to your cart.

The meal features tender slices of chicken rubbed with Portuguese-inspired spices and a generous side of fluffy rice made flavourful with sweet corn kernels and spices like smoked paprika and turmeric. Then, there's the creamy smoked paprika sauce that's to die for.

It takes our chefs approximately two hours to make all the elements of this meal, but for you, it's done in a few minutes.",,,"Per 100g/ml
Per Serving
%DI
Energy
667 kJ
2870 kJ
Protein
10.3 g
44.5 g
Total Fat
4.9 g
21.2 g
Saturated Fat
1.9 g
8.3 g
Carbohydrate
17.7 g
76.0 g
Sugars
3.9 g
16.8 g
Sodium
330 mg
1420 mg
Energy (Cal)
159 Cal
686 Cal
Dietary Fibre (total)
1.1 g
4.7 g
* Percentage Daily Intakes are based on an average adult diet of 8700 kJ. Your daily intakes may be higher or lower depending on your energy needs.",,https://www.coles.com.au/product/youfoodz-fueld-portuguese-chicken-and-rice-430g-4687325,,,2024-06-18T02:06:59.770305-04:00
"Ind54SColes_ADairy, Eggs & Fridge_SAReady to eat meals_IColes Pasta Sauce Tomato And Basil | 425g",Coles Pasta Sauce Tomato And Basil | 425g,Coles,"Dairy, Eggs & Fridge",Ready to eat meals,Italian meals & pasta,,,,,,2877330,"Coles Pasta Sauce is made from tomato & basil. It is Ideal for pasta, pizza or a baked gnocchi dish",,,"Per 100g/ml
Per Serving
%DI
Energy
211.08
223.74
Protein
1.50
1.59
Total Fat
1.20
1.27
Carbohydrate
8.30
8.80
Sugars
4.80
5.09
Sodium
190.00
201.40
Saturated
0.20
0.21
Energy (Cal)
50.50
53.53
Dietary Fibre (total)
0.01
0.01
Trans
0.01
0.01
* Percentage Daily Intakes are based on an average adult diet of 8700 kJ. Your daily intakes may be higher or lower depending on your energy needs.",,https://www.coles.com.au/product/coles-pasta-sauce-tomato-and-basil-425g-2877330,,,2024-06-18T02:07:11.078959-04:00
"Ind54SColes_ADairy, Eggs & Fridge_SAReady to eat meals_IPitango Organic Soup Minestrone | 600g",Pitango Organic Soup Minestrone | 600g,Pitango,"Dairy, Eggs & Fridge",Ready to eat meals,Soups & stews,,$5.75,,$7.25,$0.96 per 100g,4207419,"True food for us means only using carefully selected natural ingredients with no preservatives, artificial colours, flavours or added sugar. 

Vine tomatoes with loads of potatoes, carrots & onions, a handful of spinach, creamy cannellini beans & pasta. 

Italian classic.",,,"Per 100g/ml
Per Serving
%DI
Energy
199kJ
597kJ
7%
Protein
1.4g
4.2g
8%
Total Fat
0.4g
1.2g
2%
Saturated Fat
0.1g
0.3g
1%
Carbohydrate
8.4g
25.2g
8%
Sugars
3.4g
10.2g
11%
Sodium
251mg
753mg
33%
Monounsaturated
>1
>1
>1
Energy (Cal)
48Cal
144Cal
>1
Dietary Fibre (total)
1.5g
4.5g
15%
Polyunsaturated
>1
>1
>1
Trans
>1
>1
>1
* Percentage Daily Intakes are based on an average adult diet of 8700 kJ. Your daily intakes may be higher or lower depending on your energy needs.",,https://www.coles.com.au/product/pitango-organic-soup-minestrone-600g-4207419,,,2024-06-18T02:07:23.320343-04:00
"Ind54SColes_ADairy, Eggs & Fridge_SAReady to eat meals_IColes Perform Build Beef Ragu Bolognese | 400g",Coles Perform Build Beef Ragu Bolognese | 400g,Coles,"Dairy, Eggs & Fridge",Ready to eat meals,Other ready meals,,$10.00,Pick any 2 for $18,,$2.50 per 100g,5070976,"Coles PerForm Beef Ragu Bolognese with rich no-added-hormone beef, vegetable & red wine sauce coupled with herbs. With up to 44g protein per meal, this is perfect as a fast, nourishing protein-rich meal to complement your exercise, diet or lifestyle goals.",,,"Per 100g/ml
Per Serving
%DI
Energy
473.90
1895.60
Protein
11.10
44.40
Total Fat
1.90
7.60
Carbohydrate
11.70
46.80
Sugars
1.60
6.40
Sodium
160.00
640.00
Saturated
0.80
3.20
Energy (Cal)
113.37
453.49
Fat
1.90
7.60
Dietary Fibre (total)
2.00
8.00
Trans
0.10
0.40
* Percentage Daily Intakes are based on an average adult diet of 8700 kJ. Your daily intakes may be higher or lower depending on your energy needs.",,https://www.coles.com.au/product/coles-perform-build-beef-ragu-bolognese-400g-5070976,,,2024-06-18T02:07:35.863667-04:00
"Ind54SColes_ADairy, Eggs & Fridge_SAReady to eat meals_IColes Kitchen Chicken Laksa Soup | 300g",Coles Kitchen Chicken Laksa Soup | 300g,Coles,"Dairy, Eggs & Fridge",Ready to eat meals,Soups & stews,,$4.00,,,$1.33 per 100g,4215790,"From our kitchen to yours, Coles Kitchen offers you great-tasting food that is ready when you are",,,"Per 100g/ml
Per Serving
%DI
Energy
348.20
1044.60
Protein
3.60
10.80
Total Fat
4.90
14.70
Carbohydrate
5.70
17.10
Sugars
1.40
4.20
Sodium
140.00
420.00
Saturated
3.80
11.40
Energy (Cal)
83.30
249.90
Dietary Fibre (total)
1.10
3.30
Trans
0.10
0.30
* Percentage Daily Intakes are based on an average adult diet of 8700 kJ. Your daily intakes may be higher or lower depending on your energy needs.","INGREDIENTS: Water, Coconut Cream (19%) [Coconut Cream, Stabiliser (415, 412, 407)], Vegetables (17%) [Carrot, Onion, Wombok, Red Capsicum], Cooked Australian RSPCA Approved Chicken Breast (8%), Lemongrass Puree (3.0%), Rice Noodle (2.5%), Red Curry Paste (2%), Thickener (Starch), Vegetable Oil, Tomato Paste, Lime Juice, Crushed Ginger (0.5%), Brown Sugar, Fish Sauce (0.2%), Crushed Garlic, Kaffir Lime Leaf (0.1%), Ground Coriander Seed, Cumin, Pepper, Turmeric, Modified Starch (1422, 1442).",https://www.coles.com.au/product/coles-kitchen-chicken-laksa-soup-300g-4215790,,,2024-06-18T02:07:47.626502-04:00
"Ind54SColes_ADairy, Eggs & Fridge_SAReady to eat meals_IColes Kitchen Rich Beef Pie | 700g",Coles Kitchen Rich Beef Pie | 700g,Coles,"Dairy, Eggs & Fridge",Ready to eat meals,Pies & pastries,,$15.80,,,$2.26 per 100g,4219350,Butter enriched shortcrust and puff pastry filled with a rich Australian beef gravy. Kitchen Inspired Creations From our kitchen to yours...... Our Classic pies use carefully selected ingredients to give you homestyle comfort food full of flavour.,,,"Per 100g/ml
Per Serving
%DI
Energy
969.80
1697.15
Protein
9.00
15.75
Total Fat
11.50
20.13
Carbohydrate
22.50
39.38
Sugars
1.90
3.33
Sodium
249.00
435.75
Saturated
5.80
10.15
Energy (Cal)
232.01
406.02
Dietary Fibre (total)
1.10
1.93
Trans
0.10
0.18
* Percentage Daily Intakes are based on an average adult diet of 8700 kJ. Your daily intakes may be higher or lower depending on your energy needs.",,https://www.coles.com.au/product/coles-kitchen-rich-beef-pie-700g-4219350,,,2024-06-18T02:07:58.983730-04:00
"Ind54SColes_ADairy, Eggs & Fridge_SAReady to eat meals_ILatina Lasagne Ravioli | 625g",Latina Lasagne Ravioli | 625g,Latina,"Dairy, Eggs & Fridge",Ready to eat meals,Italian meals & pasta,,$11.00,,,$1.76 per 100g,5577548,,,,,,https://www.coles.com.au/product/latina-lasagne-ravioli-625g-5577548,,,2024-06-18T02:08:09.298502-04:00
"Ind54SColes_ADairy, Eggs & Fridge_SAReady to eat meals_IYoufoodz Mushroom & Cheese Tortellini With Creamy Sauce | 330g",Youfoodz Mushroom & Cheese Tortellini With Creamy Sauce | 330g,Youfoodz,"Dairy, Eggs & Fridge",Ready to eat meals,Other ready meals,,$11.00,Pick any 2 for $16,,$3.33 per 100g,7825039,"Youfoodz' Creamy Mushroom & Cheese Tortellini is perfectly plump cheese tortellini tossed in a creamy sauce made with butter, onion, mushrooms, thickened cream, parmesan cheese, thyme and just a touch of lemon juice.",,,"Per 100g/ml
Per Serving
%DI
Energy
625kJ
2060kJ
Protein
5.2g
17.3g
Total Fat
7.4g
24.4g
Saturated Fat
4.2g
13.9g
Carbohydrate
14.6g
48.2g
Sugars
2.0g
6.5g
Sodium
401mg
1320mg
Energy (Cal)
149Cal
493Cal
Dietary Fibre (total)
1.6g
5.4g
* Percentage Daily Intakes are based on an average adult diet of 8700 kJ. Your daily intakes may be higher or lower depending on your energy needs.",,https://www.coles.com.au/product/youfoodz-mushroom-and-cheese-tortellini-with-creamy-sauce-330g-7825039,,,2024-06-18T02:08:20.755721-04:00
"Ind54SColes_ADairy, Eggs & Fridge_SAReady to eat meals_IColes Kitchen Thai Green Chicken Curry & Rice | 350g",Coles Kitchen Thai Green Chicken Curry & Rice | 350g,Coles,"Dairy, Eggs & Fridge",Ready to eat meals,Thai meals,,$7.50,Pick any 2 for $14,,$2.14 per 100g,2875110,"Australian chicken breast in an aromatic green curry sauce with green capsicum and kaffir lime, served with jasmine rice",,,"Per 100g/ml
Per Serving
%DI
Energy
632.60
2214.10
Protein
10.20
35.70
Total Fat
4.90
17.15
Carbohydrate
16.30
57.05
Sugars
2.30
8.05
Sodium
180.00
630.00
Saturated
2.80
9.80
Energy (Cal)
151.34
529.69
Fat
4.90
17.15
Dietary Fibre (total)
0.10
0.35
Trans
0.10
0.35
* Percentage Daily Intakes are based on an average adult diet of 8700 kJ. Your daily intakes may be higher or lower depending on your energy needs.",,https://www.coles.com.au/product/coles-kitchen-thai-green-chicken-curry-and-rice-350g-2875110,,,2024-06-18T02:08:31.960102-04:00
"Ind54SColes_ADairy, Eggs & Fridge_SAReady to eat meals_IColes Bolognese Bake | 1.8kg",Coles Bolognese Bake | 1.8kg,Coles,"Dairy, Eggs & Fridge",Ready to eat meals,Italian meals & pasta,,$12.00,,,$0.67 per 100g,3166043,Made with fresh & quality ingredients. Enjoy convenient and ready to cook Rana Porcini Mushroom Ravioli,,,"Per 100g/ml
Per Serving
%DI
Energy
526.70
1580.10
Protein
4.70
14.10
Total Fat
5.00
15.00
Saturated Fat
2.4
7.2
30
Carbohydrate
13.80
41.40
Sugars
2.20
6.60
Sodium
210.00
630.00
Saturated
2.60
7.80
Energy (Cal)
126.00
378.01
Fat
5.00
15.00
Dietary Fibre (total)
3.40
10.20
Trans
0.20
0.60
* Percentage Daily Intakes are based on an average adult diet of 8700 kJ. Your daily intakes may be higher or lower depending on your energy needs.",,https://www.coles.com.au/product/coles-bolognese-bake-1.8kg-3166043,,,2024-06-18T02:08:44.292502-04:00
"Ind54SColes_ADairy, Eggs & Fridge_SAReady to eat meals_IRana Spinach & Ricotta Tortellini | 325g",Rana Spinach & Ricotta Tortellini | 325g,Rana,"Dairy, Eggs & Fridge",Ready to eat meals,Italian meals & pasta,,$8.00,,,$2.46 per 100g,3091046,"Roughly chopped spinach and fabulously creamy, fresh ricotta, wrapped in paper thin pasta. Try serving them with a drizzle of extra-virgin olive oil, chilli flakes and a squeeze of lemon.",,,,,https://www.coles.com.au/product/rana-spinach-and-ricotta-tortellini-325g-3091046,,,2024-06-18T02:08:56.379758-04:00
"Ind54SColes_ADairy, Eggs & Fridge_SAReady to eat meals_IRana Spinach & Ricotta Tortellini | 565g",Rana Spinach & Ricotta Tortellini | 565g,Rana,"Dairy, Eggs & Fridge",Ready to eat meals,Italian meals & pasta,,$10.00,,,$1.77 per 100g,4274890,"Roughly chopped spinach and fabulously creamy, fresh ricotta, wrapped in paper thin pasta. Try serving them with a drizzle of extra-virgin olive oil, chilli flakes and a squeeze of fresh lemon. Now available in family size pack with 4 serves.",,,"Per 100g/ml
Per Serving
%DI
Energy
1167kJ
1645kJ
Protein
9g
12.7g
Total Fat
12g
16.9g
Saturated Fat
6.1g
8.6g
Carbohydrate
32g
45.1g
Sugars
4.1g
5.8g
Sodium
555mg
783mg
* Percentage Daily Intakes are based on an average adult diet of 8700 kJ. Your daily intakes may be higher or lower depending on your energy needs.",,https://www.coles.com.au/product/rana-spinach-and-ricotta-tortellini-565g-4274890,,,2024-06-18T02:09:07.586913-04:00
"Ind54SColes_ADairy, Eggs & Fridge_SAColes Finest_IColes Finest Filled Pasta Pumpkin | 350g",Coles Finest Filled Pasta Pumpkin | 350g,Coles,"Dairy, Eggs & Fridge",Coles Finest,meals,,$6.50,,,$1.86 per 100g,3166145,"Thin, delicate pasta filled with sweet pumpkin, ricotta, mascarpone and Grana Padano,",,,"Per 100g/ml
Per Serving
%DI
Protein
8.5
14.88
30
Total Fat
4.3
7.53
11
Saturated Fat
3.0
5.3
22
Sodium
54
94.5
4
Trans
0.1
0.18
Dietary Fibre
5.4
9.45
* Percentage Daily Intakes are based on an average adult diet of 8700 kJ. Your daily intakes may be higher or lower depending on your energy needs.",,https://www.coles.com.au/product/coles-finest-filled-pasta-pumpkin-350g-3166145,,,2024-06-18T02:09:20.265198-04:00
"Ind54SColes_ADairy, Eggs & Fridge_SAReady to eat meals_IColes Plain Fettucine | 300g",Coles Plain Fettucine | 300g,Coles,"Dairy, Eggs & Fridge",Ready to eat meals,Italian meals & pasta,,$4.50,,,$1.50 per 100g,4293501,Coles Brand meals are made with quality ingredients. Enjoy delicious and convenient ready to heat creamy Fettucine.,,,"Per 100g/ml
Per Serving
%DI
Energy
1205.60
1808.40
Protein
12.90
19.35
Carbohydrate
53.20
79.80
Sugars
0.90
1.35
Sodium
7.00
10.50
Saturated
0.40
0.60
Energy (Cal)
288.42
432.63
Fat
1.50
2.25
Dietary Fibre (total)
3.30
4.95
* Percentage Daily Intakes are based on an average adult diet of 8700 kJ. Your daily intakes may be higher or lower depending on your energy needs.",,https://www.coles.com.au/product/coles-plain-fettucine-300g-4293501,,,2024-06-18T02:09:32.087294-04:00
"Ind54SColes_ADairy, Eggs & Fridge_SAReady to eat meals_ILatina Fresh Veal Tortellini Pasta | 625g",Latina Fresh Veal Tortellini Pasta | 625g,Latina,"Dairy, Eggs & Fridge",Ready to eat meals,Italian meals & pasta,,$11.00,,,$1.76 per 100g,5404131,,,,,,https://www.coles.com.au/product/latina-fresh-veal-tortellini-pasta-625g-5404131,,,2024-06-18T02:09:42.198046-04:00
"Ind54SColes_ADairy, Eggs & Fridge_SAReady to eat meals_ILatina Fresh Roast Chicken & Garlic Ravioli Pasta | 625g",Latina Fresh Roast Chicken & Garlic Ravioli Pasta | 625g,Latina,"Dairy, Eggs & Fridge",Ready to eat meals,Italian meals & pasta,,$11.00,,,$1.76 per 100g,7294409,"This 5-minute Latina Fresh Classic Roast Chicken & Garlic Ravioli Pasta makes the perfect easy family dinner, combined with your favourite Latina Carbonara pasta sauce. A good source of protein and fibre, it also contains no artificial colours or flavours. Combine with shredded red cabbage and carrots for a tasty twist on traditional coleslaw.
Ravioli made with Australian Chicken

Good source of protein

Good source of fibre

No artificial colours or flavours

Serves four",,,,"Durum Wheat Semolina, Water, Breadcrumbs (Wheat Flour, Yeast, Sugar, Salt, Wheat Gluten), Roast Chicken (10%), Onion (5%), Butter (Milk), Egg, Salt, Canola Oil, Garlic (1%), Flavour, Wheat Fibre, Black Pepper (0.05%). Pasta wrapped around a Roast Chicken and Garlic filling.",https://www.coles.com.au/product/latina-fresh-roast-chicken-and-garlic-ravioli-pasta-625g-7294409,,,2024-06-18T02:09:51.165870-04:00
"Ind54SColes_ADairy, Eggs & Fridge_SA_IColes Finest Filled Gnocchi Mozz Parmi Reggi & Ricotta | 350g",Coles Finest Filled Gnocchi Mozz Parmi Reggi & Ricotta | 350g,Coles,"Dairy, Eggs & Fridge",,,,$6.00,,,$1.71 per 100g,3920220,"Light, fluffy Italian gnocchi made with fresh potatoes filled with Italian ricotta, 24 month aged Parmigiano Reggiano and mozzarella cheeses",,,"Per 100g/ml
Per Serving
%DI
Energy
704
1230
14
Protein
5.9
10.3
21
Total Fat
3.45
6.03
9
Saturated Fat
2.30
4.03
17
Carbohydrate
27.1
47.4
15
Sugars
4.09
7.16
8
Sodium
394
690
30
Energy (Cal)
168
295
0
Dietary Fibre (total)
1.98
3.47
12
* Percentage Daily Intakes are based on an average adult diet of 8700 kJ. Your daily intakes may be higher or lower depending on your energy needs.",,https://www.coles.com.au/product/coles-finest-filled-gnocchi-mozz-parmi-reggi-and-ricotta-350g-3920220,,,2024-06-18T02:10:02.376061-04:00
"Ind54SColes_ADairy, Eggs & Fridge_SA_I25 Degrees South Native Pumpkin Ricotta Ravioli Pasta | 325g",25 Degrees South Native Pumpkin Ricotta Ravioli Pasta | 325g,25 Degrees South,"Dairy, Eggs & Fridge",,,,$6.50,,$9.00,$2.00 per 100g,4274733,,,,,,https://www.coles.com.au/product/25-degrees-south-native-pumpkin-ricotta-ravioli-pasta-325g-4274733,,,2024-06-18T02:10:12.247271-04:00
"Ind54SColes_ADairy, Eggs & Fridge_SAReady to eat meals_IColes Kitchen Chicken & Vegetable Soup | 300g",Coles Kitchen Chicken & Vegetable Soup | 300g,Coles,"Dairy, Eggs & Fridge",Ready to eat meals,Soups & stews,,$4.00,,,$1.33 per 100g,4215847,"From our kitchen to yours, Coles Kitchen offers you great-tasting food that is ready when you are",,,"Per 100g/ml
Per Serving
%DI
Energy
155.80
467.40
Protein
3.60
10.80
Total Fat
0.40
1.20
Carbohydrate
3.80
11.40
Sugars
1.00
3.00
Sodium
140.00
420.00
Saturated
0.10
0.30
Energy (Cal)
37.27
111.82
Dietary Fibre (total)
1.90
5.70
Trans
0.10
0.30
* Percentage Daily Intakes are based on an average adult diet of 8700 kJ. Your daily intakes may be higher or lower depending on your energy needs.",,https://www.coles.com.au/product/coles-kitchen-chicken-and-vegetable-soup-300g-4215847,,,2024-06-18T02:10:24.433329-04:00
"Ind54SColes_ADairy, Eggs & Fridge_SAReady to eat meals_IColes Kitchen Garlic Naan 2 | 360g",Coles Kitchen Garlic Naan 2 | 360g,Coles,"Dairy, Eggs & Fridge",Ready to eat meals,Hot snacks & sides,,$3.90,,,$1.08 per 100g,3769990,KITCHEN INSPIRED CREATIONS From our kitchen to yours....To give our naan bread its distinctive pillowy texture we enrich the dough with yoghurt and leave to rest before baking until it bubbles up to create cripsy pockets and a soft centre,,,"Per 100g/ml
Per Serving
%DI
Energy
1351.2
1216.08
Protein
9.5
8.55
Carbohydrate
41.2
37.08
Sugars
4
3.6
Sodium
420
378
Saturated
3.3
2.97
Energy (Cal)
323.2535885
290.9282297
Fat
12.1
10.89
Dietary Fibre (total)
5.2
4.68
Trans
0.01
0.009
* Percentage Daily Intakes are based on an average adult diet of 8700 kJ. Your daily intakes may be higher or lower depending on your energy needs.",,https://www.coles.com.au/product/coles-kitchen-garlic-naan-2-360g-3769990,,,2024-06-18T02:10:36.926651-04:00
"Ind54SColes_ADairy, Eggs & Fridge_SAReady to eat meals_ILatina Fresh Creamy Sun-Dried Tomato Pasta Sauce | 425g",Latina Fresh Creamy Sun-Dried Tomato Pasta Sauce | 425g,Latina,"Dairy, Eggs & Fridge",Ready to eat meals,Italian meals & pasta,,$7.50,,,$1.76 per 100g,6026890,"The perfect pasta topper, Latina Fresh Creamy Sun-dried Tomato Pasta Sauce is umami-delicious with no artificial colours or flavours. Blended with fresh cream and milk, onion, olive oil and basil, it's versatile enough to pair with a variety of meals, from gnocchi and risotto to chicken parmigiana.
Tomato sauce with fresh Australian Cream & Milk

No artificial colours

No artificial flavours

Perfect with any Latina Fresh pasta

Serves four",,,,,https://www.coles.com.au/product/latina-fresh-creamy-sun-dried-tomato-pasta-sauce-425g-6026890,,,2024-06-18T02:10:46.093979-04:00
"Ind54SColes_ADairy, Eggs & Fridge_SAReady to eat meals_IColes Kitchen Honey Soy & Garlic Stir Fry Sauce | 200g",Coles Kitchen Honey Soy & Garlic Stir Fry Sauce | 200g,Coles,"Dairy, Eggs & Fridge",Ready to eat meals,Italian meals & pasta,,$4.50,,,$2.25 per 100g,7748448,"Coles Kitchen Real Food Fast Honey, Soy and Garlic Stir Fry Sauce 200g.

Ready in minutes
No artificial colours and flavours
Delicious blend of sweet honey, savoury soy and garlic

Cook up a family favourite with Coles Kitchen Honey, Soy Garlic Stir Fry Sauce.
This classic combination of garlic, sweet honey and savoury soy packs a flavour punch and is great paired with chicken, beef or pork strips. For a tasty vegetarian option try swapping out the meat for firm fried tofu. You can use any vegetables you have on hand, but broccoli, cauliflower and snow peas are all popular choices.

Coles Kitchen Honey, Soy and Garlic Stir Fry Sauce helps you cut down on meal prep so dinner comes together fast. Just make sure you have all your ingredients ready to go before you fire up the stove because the actual cooking happens quickly. Part of what makes stir fries great is their versatility so feel free to get creative with Coles Kitchen Honey, Soy and Garlic Stir Fry Sauce and different veggies and toppings. Serve with Hokkien noodles or fluffy rice.

Coles Kitchen tip: Build even more flavour into your dish with a sprinkling of chopped spring onions and chilli flakes.",,,"Per 100g/ml
Per Serving
%DI
Energy
414
207
2
Protein
1.2
LESS THAN 1g
1
Total Fat
LESS THAN 1g
LESS THAN 1g
1
Saturated Fat
LESS THAN 1g
LESS THAN 1g
0
Carbohydrate
19.7
9.9
3
Sodium
549
275
12
Energy (Cal)
99
50
* Percentage Daily Intakes are based on an average adult diet of 8700 kJ. Your daily intakes may be higher or lower depending on your energy needs.",,https://www.coles.com.au/product/coles-kitchen-honey-soy-and-garlic-stir-fry-sauce-200g-7748448,,,2024-06-18T02:10:57.913978-04:00
"Ind54SColes_ADairy, Eggs & Fridge_SAReady to eat meals_IYoufoodz Fueld Fueld Chicken Carbonara | 426g",Youfoodz Fueld Fueld Chicken Carbonara | 426g,Youfoodz Fueld,"Dairy, Eggs & Fridge",Ready to eat meals,Other ready meals,,$12.00,,,$2.82 per 100g,7825367,"Youfoodz' FUEL'D Chicken Carbonara features al dente fettuccine, tender slices of chicken, ham and mushrooms in a creamy parmesan cheese and garlic sauce. Big in size, big on taste & packed with protein!",,,"Per 100g/ml
Per Serving
%DI
Energy
503 kJ
2140 kJ
Protein
8.8 g
37.3 g
Total Fat
3.5 g
15.1 g
Saturated Fat
2.0 g
8.5 g
Carbohydrate
12.5 g
53.2 g
Sugars
1.2 g
5.2 g
Sodium
432 mg
1840 mg
Energy (Cal)
120 Cal
512 Cal
Dietary Fibre (total)
1.3 g
5.5 g
* Percentage Daily Intakes are based on an average adult diet of 8700 kJ. Your daily intakes may be higher or lower depending on your energy needs.",,https://www.coles.com.au/product/youfoodz-fueld-fueld-chicken-carbonara-426g-7825367,,,2024-06-18T09:57:32.261169-04:00
"Ind54SColes_ADairy, Eggs & Fridge_SAReady to eat meals_ISenza Gluten Free Pizza Base | 220g",Senza Gluten Free Pizza Base | 220g,Senza,"Dairy, Eggs & Fridge",Ready to eat meals,Pizzas,,$5.30,,,$2.41 per 100g,3467902,Made with fresh & quality ingredients. Enjoy convenient and ready to go Senza Gluten Free Pizza Base,,,,,https://www.coles.com.au/product/senza-gluten-free-pizza-base-220g-3467902,,,2024-06-18T09:57:42.448470-04:00
"Ind54SColes_ADairy, Eggs & Fridge_SAReady to eat meals_IColes Perform Build Beef Ragu Bolognese | 400g",Coles Perform Build Beef Ragu Bolognese | 400g,Coles,"Dairy, Eggs & Fridge",Ready to eat meals,Other ready meals,,$10.00,Pick any 2 for $18,,$2.50 per 100g,5070976,"Coles PerForm Beef Ragu Bolognese with rich no-added-hormone beef, vegetable & red wine sauce coupled with herbs. With up to 44g protein per meal, this is perfect as a fast, nourishing protein-rich meal to complement your exercise, diet or lifestyle goals.",,,"Per 100g/ml
Per Serving
%DI
Energy
473.90
1895.60
Protein
11.10
44.40
Total Fat
1.90
7.60
Carbohydrate
11.70
46.80
Sugars
1.60
6.40
Sodium
160.00
640.00
Saturated
0.80
3.20
Energy (Cal)
113.37
453.49
Fat
1.90
7.60
Dietary Fibre (total)
2.00
8.00
Trans
0.10
0.40
* Percentage Daily Intakes are based on an average adult diet of 8700 kJ. Your daily intakes may be higher or lower depending on your energy needs.",,https://www.coles.com.au/product/coles-perform-build-beef-ragu-bolognese-400g-5070976,,,2024-06-18T09:57:53.704620-04:00
"Ind54SColes_ADairy, Eggs & Fridge_SAReady to eat meals_IColes Kitchen Chicken Laksa Soup | 300g",Coles Kitchen Chicken Laksa Soup | 300g,Coles,"Dairy, Eggs & Fridge",Ready to eat meals,Soups & stews,,$4.00,,,$1.33 per 100g,4215790,"From our kitchen to yours, Coles Kitchen offers you great-tasting food that is ready when you are",,,"Per 100g/ml
Per Serving
%DI
Energy
348.20
1044.60
Protein
3.60
10.80
Total Fat
4.90
14.70
Carbohydrate
5.70
17.10
Sugars
1.40
4.20
Sodium
140.00
420.00
Saturated
3.80
11.40
Energy (Cal)
83.30
249.90
Dietary Fibre (total)
1.10
3.30
Trans
0.10
0.30
* Percentage Daily Intakes are based on an average adult diet of 8700 kJ. Your daily intakes may be higher or lower depending on your energy needs.",,https://www.coles.com.au/product/coles-kitchen-chicken-laksa-soup-300g-4215790,,,2024-06-18T09:58:04.640056-04:00
"Ind54SColes_ADairy, Eggs & Fridge_SAColes Finest_IColes Finest Butter Chicken With Pilau Rice | 350g",Coles Finest Butter Chicken With Pilau Rice | 350g,Coles,"Dairy, Eggs & Fridge",Coles Finest,meals,,$9.00,,,$2.57 per 100g,6011688,"Tender pieces of tikka marinated Australian chicken thigh in a creamy Northern Indian style mildly spiced tomato and cream sauce, served with an aromatic pilau rice sweetened with dried apricots and sultanas.",,,"Per 100g/ml
Per Serving
%DI
Energy
639.70
2238.95
Protein
5.90
20.65
Carbohydrate
20.80
72.80
Sugars
2.20
7.70
Sodium
170.00
595.00
Saturated
2.10
7.35
Energy (Cal)
153.04
535.63
Fat
5.00
17.50
Dietary Fibre (total)
0.10
0.35
Trans
0.10
0.35
* Percentage Daily Intakes are based on an average adult diet of 8700 kJ. Your daily intakes may be higher or lower depending on your energy needs.",,https://www.coles.com.au/product/coles-finest-butter-chicken-with-pilau-rice-350g-6011688,,,2024-06-18T09:58:15.580704-04:00
"Ind54SColes_ADairy, Eggs & Fridge_SAReady to eat meals_IYoufoodz Chilli Peanut Pork With Broccoli & Rice | 330g",Youfoodz Chilli Peanut Pork With Broccoli & Rice | 330g,Youfoodz,"Dairy, Eggs & Fridge",Ready to eat meals,Other ready meals,,$11.00,Pick any 2 for $16,,$3.33 per 100g,7825083,"Youfoodz Chilli Peanut Pork is a comforting Asian-inspired dish that features tender Sous Vide Pork with our house-made chilli peanut sauce. Plus, a side of fluffy Basmati Rice, steamed Broccoli and veg.",,,"Per 100g/ml
Per Serving
%DI
Energy
681kJ
2250kJ
Protein
9.8g
32.4g
Total Fat
7.2g
23.8g
Saturated Fat
3.7g
12.3g
Carbohydrate
13.8g
45.7g
Sugars
4.3g
14.1g
Sodium
336mg
1110mg
Energy (Cal)
163Cal
537Cal
Dietary Fibre (total)
1.5g
5.1g
* Percentage Daily Intakes are based on an average adult diet of 8700 kJ. Your daily intakes may be higher or lower depending on your energy needs.",,https://www.coles.com.au/product/youfoodz-chilli-peanut-pork-with-broccoli-and-rice-330g-7825083,,,2024-06-18T09:58:26.602420-04:00
"Ind54SColes_ADairy, Eggs & Fridge_SAReady to eat meals_IPitango Soup Tomato Basil | 600g",Pitango Soup Tomato Basil | 600g,Pitango,"Dairy, Eggs & Fridge",Ready to eat meals,Soups & stews,,$5.75,,$7.25,$0.96 per 100g,4207929,"True food for us means only using carefully selected natural ingredients with no preservatives, artificial colours, flavours or added sugar. 

Tomatoes, farm fresh carrots, onions & potatoes, a splash of cream.
Vegetable stock. Bit o' basil. Sprinkle of spices.

Loads of goodness
The perfect touch.",,,"Per 100g/ml
Per Serving
%DI
Energy
216kJ
648kJ
7%
Protein
1.1g
3.3g
7%
Total Fat
2.4g
7.2g
10%
Saturated Fat
1.2g
3.6g
15%
Carbohydrate
6.0g
18.0g
6%
Sugars
3.4g
10.2g
11%
Sodium
233mg
699mg
30%
Monounsaturated
>1
>1
>1
Energy (Cal)
52Cal
156Cal
>1
Dietary Fibre (total)
1.4g
4.2g
14%
Polyunsaturated
>1
>1
>1
Gluten
0.0g
0.0g
>1
Trans
>1
>1
>1
* Percentage Daily Intakes are based on an average adult diet of 8700 kJ. Your daily intakes may be higher or lower depending on your energy needs.",,https://www.coles.com.au/product/pitango-soup-tomato-basil-600g-4207929,,,2024-06-18T09:58:38.202532-04:00
"Ind54SColes_ADairy, Eggs & Fridge_SAReady to eat meals_ICucina Classica Beef Lasagna | 350g",Cucina Classica Beef Lasagna | 350g,Cucina Classica,"Dairy, Eggs & Fridge",Ready to eat meals,Italian meals & pasta,,$9.90,,,$2.83 per 100g,2272726,Cucina Classica 1serve Lasagne Tradizionali 350g,,,"Per 100g/ml
Per Serving
%DI
Energy
561kJ
1960kJ
Protein
6g
21.2g
Total Fat
6.4g
22.2g
Saturated Fat
2.8g
9.7g
Carbohydrate
12.4g
43.4g
Sugars
2g
6.8g
Sodium
440mg
1540mg
Energy (Cal)
134.082Cal
468.451Cal
* Percentage Daily Intakes are based on an average adult diet of 8700 kJ. Your daily intakes may be higher or lower depending on your energy needs.",,https://www.coles.com.au/product/cucina-classica-beef-lasagna-350g-2272726,,,2024-06-18T09:58:48.993652-04:00
"Ind54SColes_ADairy, Eggs & Fridge_SAReady to eat meals_IStone Baked Pizza Bases Twin pack | 560g",Stone Baked Pizza Bases Twin pack | 560g,Stone Baked,"Dairy, Eggs & Fridge",Ready to eat meals,Pizzas,,$4.30,,,$0.77 per 100g,8714656,Made with fresh & quality ingredients. Enjoy convenient and ready to cook Stone Baked Pizza Base.,,,"Per 100g/ml
Per Serving
%DI
Energy
1044kJ
522kJ
Protein
9.5g
4.75g
Total Fat
1.1g
Less than 1g
Saturated Fat
0.3g
Less than 1g
Carbohydrate
49.5g
24.75g
Sugars
1.9g
Less than 1g
Sodium
480mg
240mg
* Percentage Daily Intakes are based on an average adult diet of 8700 kJ. Your daily intakes may be higher or lower depending on your energy needs.",,https://www.coles.com.au/product/stone-baked-pizza-bases-twin-pack-560g-8714656,,,2024-06-18T09:58:59.942870-04:00
"Ind54SColes_ADairy, Eggs & Fridge_SAReady to eat meals_IColes Kitchen Margherita Pizza | 450g",Coles Kitchen Margherita Pizza | 450g,Coles,"Dairy, Eggs & Fridge",Ready to eat meals,Pizzas,,,,,,7748460,,,,,,https://www.coles.com.au/product/coles-kitchen-margherita-pizza-450g-7748460,,,2024-06-18T09:59:10.047779-04:00
"Ind54SColes_ADairy, Eggs & Fridge_SAReady to eat meals_ILatina Fresh Gluten Free Lasagne Sheets | 280g",Latina Fresh Gluten Free Lasagne Sheets | 280g,Latina,"Dairy, Eggs & Fridge",Ready to eat meals,Italian meals & pasta,,$8.75,Pick any 2 for $13,,$3.13 per 100g,3758676,,,,,,https://www.coles.com.au/product/latina-fresh-gluten-free-lasagne-sheets-280g-3758676,,,2024-06-18T09:59:18.973338-04:00
"Ind54SColes_ADairy, Eggs & Fridge_SAReady to eat meals_IColes Plain Fettucine | 300g",Coles Plain Fettucine | 300g,Coles,"Dairy, Eggs & Fridge",Ready to eat meals,Italian meals & pasta,,$4.50,,,$1.50 per 100g,4293501,Coles Brand meals are made with quality ingredients. Enjoy delicious and convenient ready to heat creamy Fettucine.,,,"Per 100g/ml
Per Serving
%DI
Energy
1205.60
1808.40
Protein
12.90
19.35
Carbohydrate
53.20
79.80
Sugars
0.90
1.35
Sodium
7.00
10.50
Saturated
0.40
0.60
Energy (Cal)
288.42
432.63
Fat
1.50
2.25
Dietary Fibre (total)
3.30
4.95
* Percentage Daily Intakes are based on an average adult diet of 8700 kJ. Your daily intakes may be higher or lower depending on your energy needs.",,https://www.coles.com.au/product/coles-plain-fettucine-300g-4293501,,,2024-06-18T09:59:30.118662-04:00
"Ind54SColes_ADairy, Eggs & Fridge_SAReady to eat meals_IStonefire Roasted Garlic Naan 2 pack | 250g",Stonefire Roasted Garlic Naan 2 pack | 250g,Stonefire,"Dairy, Eggs & Fridge",Ready to eat meals,Hot snacks & sides,,$3.90,,,$1.56 per 100g,2885532,"Stonefire Garlic Naan are cooked, ready to heat and perfect to go with your curries.",,,,,https://www.coles.com.au/product/stonefire-roasted-garlic-naan-2-pack-250g-2885532,,,2024-06-18T09:59:38.906269-04:00
"Ind54SColes_ADairy, Eggs & Fridge_SAReady to eat meals_ILatina Fresh Gluten Free Beef Ravioli Pasta | 280g",Latina Fresh Gluten Free Beef Ravioli Pasta | 280g,Latina,"Dairy, Eggs & Fridge",Ready to eat meals,Italian meals & pasta,,$8.75,Pick any 2 for $13,,$3.13 per 100g,2271450,,,,,,https://www.coles.com.au/product/latina-fresh-gluten-free-beef-ravioli-pasta-280g-2271450,,,2024-06-18T09:59:47.820392-04:00
"Ind54SColes_ADairy, Eggs & Fridge_SAReady to eat meals_IColes Kitchen Butternut Pumpkin Soup | 300g",Coles Kitchen Butternut Pumpkin Soup | 300g,Coles,"Dairy, Eggs & Fridge",Ready to eat meals,Soups & stews,,$4.00,,,$1.33 per 100g,3467447,"From our kitchen to yours, Coles Kitchen offers you great-tasting food that is ready when you are",,,"Per 100g/ml
Per Serving
%DI
Energy
279.20
837.60
Protein
0.60
1.80
Total Fat
4.30
12.90
Carbohydrate
5.10
15.30
Sugars
3.80
11.40
Sodium
130.00
390.00
Saturated
2.20
6.60
Energy (Cal)
66.79
200.38
Dietary Fibre (total)
2.90
8.70
Trans
0.10
0.30
* Percentage Daily Intakes are based on an average adult diet of 8700 kJ. Your daily intakes may be higher or lower depending on your energy needs.",,https://www.coles.com.au/product/coles-kitchen-butternut-pumpkin-soup-300g-3467447,,,2024-06-18T09:59:58.866022-04:00
"Ind54SColes_ADairy, Eggs & Fridge_SAReady to eat meals_IColes Chicken Tortellini | 600g",Coles Chicken Tortellini | 600g,Coles,"Dairy, Eggs & Fridge",Ready to eat meals,Italian meals & pasta,,$5.50,,,$0.92 per 100g,3920118,Coles Pasta Chicken Tortellini,,,"Per 100g/ml
Per Serving
%DI
Energy
1055.30
1582.95
Protein
12.60
18.90
Total Fat
4.60
6.90
Carbohydrate
37.30
55.95
Sugars
0.30
0.45
Sodium
260.00
390.00
Saturated
1.90
2.85
Energy (Cal)
252.46
378.70
Dietary Fibre (total)
4.60
6.90
* Percentage Daily Intakes are based on an average adult diet of 8700 kJ. Your daily intakes may be higher or lower depending on your energy needs.",,https://www.coles.com.au/product/coles-chicken-tortellini-600g-3920118,,,2024-06-18T10:00:10.073239-04:00
"Ind54SColes_ADairy, Eggs & Fridge_SA_IColes Kitchen Creamy Carbonara Sauce | 425g",Coles Kitchen Creamy Carbonara Sauce | 425g,Coles,"Dairy, Eggs & Fridge",,,,,,,,3920457,"From our kitchen to yours, Coles Kitchen offers you great-tasting food that is ready when you are",,,"Per 100g/ml
Per Serving
%DI
Energy
551.60
584.70
Protein
3.90
4.13
Carbohydrate
6.00
6.36
Sugars
1.80
1.91
Sodium
220.00
233.20
Saturated
6.20
6.57
Energy (Cal)
131.96
139.88
Fat
10.10
10.71
Dietary Fibre (total)
1.20
1.27
Trans
0.40
0.42
* Percentage Daily Intakes are based on an average adult diet of 8700 kJ. Your daily intakes may be higher or lower depending on your energy needs.",,https://www.coles.com.au/product/coles-kitchen-creamy-carbonara-sauce-425g-3920457,,,2024-06-18T10:00:21.857088-04:00
"Ind54SColes_ADairy, Eggs & Fridge_SAReady to eat meals_IDari's FOTW Asian Chicken Soup | 550g",Dari's FOTW Asian Chicken Soup | 550g,Daris,"Dairy, Eggs & Fridge",Ready to eat meals,Soups & stews,,$8.20,,,$1.49 per 100g,7830913,"Free-range shredded chicken in a thick, velvety, coconut broth, loaded with fresh vegetables - is there anything more satisfying? We've added a little chilli, lime juice, ginger, fresh herbs, and spices to cut through the creaminess, and delicious noodles to make it extra filling.
 ",,,"Per 100g/ml
Per Serving
%DI
Energy
171
470
Protein
3.5
9.6
Total Fat
1.0
2.8
Saturated Fat
0.8
2.2
Carbohydrate
4.4
12.1
Sugars
0.9
2.5
Sodium
422
1160
Energy (Cal)
41
112
Dietary Fibre (total)
0.4
1.1
Trans
0.0
0.0
* Percentage Daily Intakes are based on an average adult diet of 8700 kJ. Your daily intakes may be higher or lower depending on your energy needs.",,https://www.coles.com.au/product/dari's-fotw-asian-chicken-soup-550g-7830913,,,2024-06-18T10:00:33.409243-04:00
"Ind54SColes_ADairy, Eggs & Fridge_SAColes Finest_IColes Finest Beef Ragu Fettucine | 400g",Coles Finest Beef Ragu Fettucine | 400g,Coles,"Dairy, Eggs & Fridge",Coles Finest,meals,,$9.50,,,$2.38 per 100g,3771540,"Our meat ragu starts the Italian way with an aromatic soffrito. We add fresh Australian Angus beef, tomatoes, red wine and herbs & spices to create a rich ragu before pairing with durum wheat fettucine and a sprinkling of tangy parmesan to finish. Let us do the hard work for you.",,,"Per 100g/ml
Per Serving
%DI
Energy
675.30
2701.20
Protein
9.60
38.40
Total Fat
6.90
27.60
Carbohydrate
14.40
57.60
Sugars
2.50
10.00
Sodium
240.00
960.00
Saturated
2.80
11.20
Energy (Cal)
161.56
646.22
Dietary Fibre (total)
1.50
6.00
* Percentage Daily Intakes are based on an average adult diet of 8700 kJ. Your daily intakes may be higher or lower depending on your energy needs.",,https://www.coles.com.au/product/coles-finest-beef-ragu-fettucine-400g-3771540,,,2024-06-18T10:00:44.380313-04:00
"Ind54SColes_ADairy, Eggs & Fridge_SAReady to eat meals_IColes Kitchen Smokey Tomato & Cannellini Bean Soup | 550g",Coles Kitchen Smokey Tomato & Cannellini Bean Soup | 550g,Coles,"Dairy, Eggs & Fridge",Ready to eat meals,Soups & stews,,$5.50,,,$1.00 per 100g,7750315,Rich & Warming,,,"Per 100g/ml
Per Serving
%DI
Energy
164.40
452.10
Protein
1.20
3.30
Total Fat
0.30
0.83
Carbohydrate
7.30
20.08
Sugars
1.80
4.95
Sodium
220.00
605.00
Saturated
0.10
0.28
Energy (Cal)
39.33
108.16
Dietary Fibre (total)
1.10
3.03
Trans
0.10
0.28
* Percentage Daily Intakes are based on an average adult diet of 8700 kJ. Your daily intakes may be higher or lower depending on your energy needs.",,https://www.coles.com.au/product/coles-kitchen-smokey-tomato-and-cannellini-bean-soup-550g-7750315,,,2024-06-18T10:00:55.718159-04:00
"Ind54SColes_ADairy, Eggs & Fridge_SAReady to eat meals_IColes Perform Build Chicken Minestrone Soup | 450g",Coles Perform Build Chicken Minestrone Soup | 450g,Coles,"Dairy, Eggs & Fridge",Ready to eat meals,Soups & stews,,$5.00,Pick any 2 for $18,,$1.11 per 100g,6009904,,,,"Per 100g/ml
Per Serving
%DI
Energy
357.00
1606.50
Protein
5.90
26.55
Total Fat
2.20
9.90
Saturated Fat
0.30
1.35
Carbohydrate
8.90
40.05
Sugars
1.70
7.65
Sodium
180.00
810.00
Energy (Cal)
85.41
384.33
Dietary Fibre (total)
3.00
13.50
Trans
0.10
0.45
* Percentage Daily Intakes are based on an average adult diet of 8700 kJ. Your daily intakes may be higher or lower depending on your energy needs.",,https://www.coles.com.au/product/coles-perform-build-chicken-minestrone-soup-450g-6009904,,,2024-06-18T10:01:06.866128-04:00
"Ind54SColes_ADairy, Eggs & Fridge_SAReady to eat meals_IRana Spinach & Ricotta Tortellini | 565g",Rana Spinach & Ricotta Tortellini | 565g,Rana,"Dairy, Eggs & Fridge",Ready to eat meals,Italian meals & pasta,,$10.00,,,$1.77 per 100g,4274890,"Roughly chopped spinach and fabulously creamy, fresh ricotta, wrapped in paper thin pasta. Try serving them with a drizzle of extra-virgin olive oil, chilli flakes and a squeeze of fresh lemon. Now available in family size pack with 4 serves.",,,"Per 100g/ml
Per Serving
%DI
Energy
1167kJ
1645kJ
Protein
9g
12.7g
Total Fat
12g
16.9g
Saturated Fat
6.1g
8.6g
Carbohydrate
32g
45.1g
Sugars
4.1g
5.8g
Sodium
555mg
783mg
* Percentage Daily Intakes are based on an average adult diet of 8700 kJ. Your daily intakes may be higher or lower depending on your energy needs.",,https://www.coles.com.au/product/rana-spinach-and-ricotta-tortellini-565g-4274890,,,2024-06-18T10:01:17.739954-04:00
"Ind54SColes_ADairy, Eggs & Fridge_SAReady to eat meals_IColes Kitchen Beef Massaman Curry & Rice | 350g",Coles Kitchen Beef Massaman Curry & Rice | 350g,Coles,"Dairy, Eggs & Fridge",Ready to eat meals,Thai meals,,$7.50,Pick any 2 for $14,,$2.14 per 100g,2875120,"Australian beef and potato braised in a medium spiced massaman curry sauce, served with jasmine rice",,,"Per 100g/ml
Per Serving
%DI
Energy
663.80
2323.30
Protein
9.20
32.20
Carbohydrate
18.70
65.45
Sugars
1.40
4.90
Sodium
160.00
560.00
Saturated
2.70
9.45
Energy (Cal)
158.80
555.81
Fat
5.10
17.85
Dietary Fibre (total)
0.10
0.35
Trans
0.10
0.35
* Percentage Daily Intakes are based on an average adult diet of 8700 kJ. Your daily intakes may be higher or lower depending on your energy needs.",,https://www.coles.com.au/product/coles-kitchen-beef-massaman-curry-and-rice-350g-2875120,,,2024-06-18T10:01:30.064979-04:00
"Ind54SColes_ADairy, Eggs & Fridge_SAReady to eat meals_IColes Kitchen Ultra Green Soup | 300g",Coles Kitchen Ultra Green Soup | 300g,Coles,"Dairy, Eggs & Fridge",Ready to eat meals,Soups & stews,,$4.00,,,$1.33 per 100g,4215825,"Coles Kitchen Ultra Green Soup 300g. At Natures Kitchen we believe plant based food does not have to be bland and boring, so we're upping the taste in plant based eats. Salty, tangy, spicy, sweet, we offer mouth-watering food, packed with flavour for the modern plant-based eater.",,,"Per 100g/ml
Per Serving
%DI
Energy
187.10
561.30
Protein
2.40
7.20
Total Fat
2.30
6.90
Carbohydrate
2.00
6.00
Sugars
1.10
3.30
Sodium
214.07
642.21
Saturated
0.90
2.70
Energy (Cal)
44.76
134.28
Dietary Fibre (total)
3.40
10.20
Trans
0.10
0.30
* Percentage Daily Intakes are based on an average adult diet of 8700 kJ. Your daily intakes may be higher or lower depending on your energy needs.",,https://www.coles.com.au/product/coles-kitchen-ultra-green-soup-300g-4215825,,,2024-06-18T10:01:41.539879-04:00
"Ind54SColes_ADairy, Eggs & Fridge_SAReady to eat meals_IColes Kitchen Pizza Dough Ball | 250g",Coles Kitchen Pizza Dough Ball | 250g,Coles,"Dairy, Eggs & Fridge",Ready to eat meals,Pizzas,,$2.00,,,$0.80 per 100g,3467935,"From our kitchen to yours, Coles Kitchen offers you great-tasting food that is ready when you are",,,"Per 100g/ml
Per Serving
%DI
Energy
885.60
553.50
Protein
7.80
4.88
Total Fat
1.10
0.69
Saturated Fat
0.20
0.13
Carbohydrate
39.50
24.69
Sugars
3.20
2.00
Sodium
734.00
458.75
Energy (Cal)
211.87
132.42
Dietary Fibre (total)
5.10
3.19
Trans
0.01
0.01
* Percentage Daily Intakes are based on an average adult diet of 8700 kJ. Your daily intakes may be higher or lower depending on your energy needs.",,https://www.coles.com.au/product/coles-kitchen-pizza-dough-ball-250g-3467935,,,2024-06-18T10:01:52.496418-04:00
"Ind54SColes_ADairy, Eggs & Fridge_SAReady to eat meals_IRana Porcini Mushroom Ravioli | 325g",Rana Porcini Mushroom Ravioli | 325g,Rana,"Dairy, Eggs & Fridge",Ready to eat meals,Italian meals & pasta,,$8.00,,,$2.46 per 100g,3296071,"Enjoy the richness of our filling. Made to perfection with flavoursome diced mushrooms and delicate creamy ricotta cheese, wrapped in paper thin pasta parcels.",,,,"Filling 53%: Porcini Mushroom 15% (Boletus Edulis and Related Group), Vegetable Fibres, Ricotta (Whey, Milk, Salt, Citric Acid), Champignon Mushroom 9.2% (Agaricus Bisporus), Breadcrumbs (Soft Wheat Flour, Salt, Yeast), Mozzarella Cheese (Milk, Salt, Non-Animal Rennet), Mascarpone Cheese (Cream, Milk, Citric Acid), Starches, Sunflower Oil, Onion, Whey Powder, White Wine, Natural Flavouring (contains Barley), Salt, Parsley, Lactose (from Milk), Acidity Regulator: Lactic Acid, Garlic, Skimmed Milk Powder, Black Pepper, Pasta 47%: Soft Wheat Flour, Egg 30%, Durum Wheat Semolina",https://www.coles.com.au/product/rana-porcini-mushroom-ravioli-325g-3296071,,,2024-06-18T10:02:01.865447-04:00
"Ind54SColes_ADairy, Eggs & Fridge_SAReady to eat meals_IColes Kitchen Beef Stroganoff And Rice | 350g",Coles Kitchen Beef Stroganoff And Rice | 350g,Coles,"Dairy, Eggs & Fridge",Ready to eat meals,Other ready meals,,$8.00,Pick any 2 for $14,,$2.29 per 100g,3771109,"KITCHEN INSPIRED CREATIONS From our kitchen to yours......Our Classic meals use carefully selected Australian meat, vegetables and herbs and spices to give you home-style comfort food full of flavour and ready for you in minutes.",,,"Per 100g/ml
Per Serving
%DI
Energy
678.60
2375.10
Protein
8.20
28.70
Carbohydrate
19.40
67.90
Sugars
0.70
2.45
Sodium
260.00
910.00
Saturated
2.40
8.40
Energy (Cal)
162.34
568.21
Fat
5.40
18.90
Dietary Fibre (total)
1.20
4.20
Trans
0.20
0.70
* Percentage Daily Intakes are based on an average adult diet of 8700 kJ. Your daily intakes may be higher or lower depending on your energy needs.",,https://www.coles.com.au/product/coles-kitchen-beef-stroganoff-and-rice-350g-3771109,,,2024-06-18T10:02:14.700015-04:00
"Ind54SColes_ADairy, Eggs & Fridge_SA_IIpastai Basil Pesto Sauce | 180g",Ipastai Basil Pesto Sauce | 180g,Ipastai,"Dairy, Eggs & Fridge",,,,$7.50,,,$4.17 per 100g,6380389,"Italy's famous green sauce made the traditional way. Creamy, rich, green goodness for the perfect pasta or something more...think bruschetta, pizza, pie....let your imagination go green!",,,"Per 100g/ml
Per Serving
%DI
Energy
2270
1140
Protein
6.3
3.2
Total Fat
57.7
28.8
Saturated Fat
6.1
3.1
Carbohydrate
6.6
3.3
Sugars
3.2
1.6
Sodium
2210
1100
* Percentage Daily Intakes are based on an average adult diet of 8700 kJ. Your daily intakes may be higher or lower depending on your energy needs.",,https://www.coles.com.au/product/ipastai-basil-pesto-sauce-180g-6380389,,,2024-06-18T10:02:26.930951-04:00
"Ind54SColes_ADairy, Eggs & Fridge_SAReady to eat meals_IIpastai Bolognese Sauce | 300g",Ipastai Bolognese Sauce | 300g,Ipastai,"Dairy, Eggs & Fridge",Ready to eat meals,Italian meals & pasta,,$7.50,,,$2.50 per 100g,6474904,Bolognese Tomato and Meat Sauce. Slow cooked Italian sauce. ,,,,"Tomato pulp (49.5%), water, beef (14.5%), wagyu beef (3.3%), onion, carrot, tomato paste (2.0%), canola oil, celery, red wine (sulphites, milk, egg, fish) (grape juice, tartaric acid, sulphur dioxide, malic acid), citrus fibre, beef stock (salt, sugar, maltodextrin, yeast extract, natural flavour, beef fat (3.6%), burnt sugar, onion powder, pepper), rosemary, nutmeg, bay leaf.",https://www.coles.com.au/product/ipastai-bolognese-sauce-300g-6474904,,,2024-06-18T10:02:36.808184-04:00
"Ind54SColes_ADairy, Eggs & Fridge_SA_ILatina Fresh Gluten Free Ricotta & Spinach Agnolotti Pasta | 280g",Latina Fresh Gluten Free Ricotta & Spinach Agnolotti Pasta | 280g,Latina,"Dairy, Eggs & Fridge",,,,$8.75,Pick any 2 for $13,,$3.13 per 100g,2271520,,,,,,https://www.coles.com.au/product/latina-fresh-gluten-free-ricotta-and-spinach-agnolotti-pasta-280g-2271520,,,2024-06-18T10:02:46.330439-04:00
"Ind54SColes_ADairy, Eggs & Fridge_SAReady to eat meals_IDari's Creamy Pumpkin Soup | 550g",Dari's Creamy Pumpkin Soup | 550g,Daris,"Dairy, Eggs & Fridge",Ready to eat meals,Soups & stews,,$5.50,,$6.80,$1.00 per 100g,6257418,,,,,"Water, pumpkin (48%), cream (2%), vegetable stock, salt, butter, pepper.",https://www.coles.com.au/product/dari's-creamy-pumpkin-soup-550g-6257418,,,2024-06-18T10:02:55.401229-04:00
"Ind54SColes_ADairy, Eggs & Fridge_SABeef & veal_IColes Graze Grass Fed No Added Hormone Beef Mince | 500g",Coles Graze Grass Fed No Added Hormone Beef Mince | 500g,Coles,"Dairy, Eggs & Fridge",Beef & veal,Beef & Veal Mince,,$10.00,,,$20.00 per 1kg,2820606,"GRASS FED 100% AUSTRALIAN BEEF FREE TO ROAM NO ADDED HORMONE Graze is proudly brought to you by our Aussie Farmers in partnership with Coles. Individually selected to high standards, our livestock are raised in the open pastures across the scenic farms of Australia. From the New South Wales Tablelands, Victoria's North East and Gippsland areas to South Australia's Limestone Coast and the Great Southern Region of Western Australia, our Farmers work with nature to produce great tasting, quality grass fed beef.",,,,,https://www.coles.com.au/product/coles-graze-grass-fed-no-added-hormone-beef-mince-500g-2820606,,,2024-06-18T10:03:04.064194-04:00
"Ind54SColes_ADairy, Eggs & Fridge_SAReady to eat meals_IDari's Chunky Minestrone Soup | 550g",Dari's Chunky Minestrone Soup | 550g,Daris,"Dairy, Eggs & Fridge",Ready to eat meals,Soups & stews,,$5.50,,$6.80,$1.00 per 100g,5063824,"There are many variations of Minestrone around Italy. This is ours! Faithful to its humble origins, this tangy tomato-based soup is all about the veggies, pasta, and chicken stock - the simple, fresh flavours that make Minestrone special. Rustic, wholesome, yet deliciously light, serve with crusty bread. Enjoy this dinner table staple all year-round.",,,"Per 100g/ml
Per Serving
%DI
Energy
141
388
Protein
1.2
3.3
Total Fat
0.5
1.4
Saturated Fat
0.2
0.6
Carbohydrate
6.0
16.5
Sugars
1.9
5.3
Sodium
428
1177
Energy (Cal)
33
93
Dietary Fibre (total)
0.6
2.5
Trans
0
0
* Percentage Daily Intakes are based on an average adult diet of 8700 kJ. Your daily intakes may be higher or lower depending on your energy needs.",,https://www.coles.com.au/product/dari's-chunky-minestrone-soup-550g-5063824,,,2024-06-18T10:03:15.438505-04:00
"Ind54SColes_ADairy, Eggs & Fridge_SAColes Finest_IColes Finest Filled Gnocchi Mozz Parmi Reggi & Ricotta | 350g",Coles Finest Filled Gnocchi Mozz Parmi Reggi & Ricotta | 350g,Coles,"Dairy, Eggs & Fridge",Coles Finest,meals,,$6.00,,,$1.71 per 100g,3920220,"Light, fluffy Italian gnocchi made with fresh potatoes filled with Italian ricotta, 24 month aged Parmigiano Reggiano and mozzarella cheeses",,,"Per 100g/ml
Per Serving
%DI
Energy
704
1230
14
Protein
5.9
10.3
21
Total Fat
3.45
6.03
9
Saturated Fat
2.30
4.03
17
Carbohydrate
27.1
47.4
15
Sugars
4.09
7.16
8
Sodium
394
690
30
Energy (Cal)
168
295
0
Dietary Fibre (total)
1.98
3.47
12
* Percentage Daily Intakes are based on an average adult diet of 8700 kJ. Your daily intakes may be higher or lower depending on your energy needs.",,https://www.coles.com.au/product/coles-finest-filled-gnocchi-mozz-parmi-reggi-and-ricotta-350g-3920220,,,2024-06-18T10:03:26.671024-04:00
"Ind54SColes_ADairy, Eggs & Fridge_SAReady to eat meals_IColes Nature's Kitchen Veggie Sauce | 425g",Coles Nature's Kitchen Veggie Sauce | 425g,Coles,"Dairy, Eggs & Fridge",Ready to eat meals,Italian meals & pasta,,,,,,3649433,"Chunky veggie pasta sauce containing a blend of tomato, onion, carrot, zucchini, capsicum and celery",,,"Per 100g/ml
Per Serving
%DI
Energy
170.90
181.15
Protein
1.10
1.17
Carbohydrate
4.40
4.66
Sugars
2.60
2.76
Sodium
250.00
265.00
Saturated
0.20
0.21
Energy (Cal)
40.89
43.34
Fat
1.40
1.48
Dietary Fibre (total)
3.20
3.39
Trans
0.10
0.11
* Percentage Daily Intakes are based on an average adult diet of 8700 kJ. Your daily intakes may be higher or lower depending on your energy needs.",,https://www.coles.com.au/product/coles-nature's-kitchen-veggie-sauce-425g-3649433,,,2024-06-18T10:03:37.557426-04:00
"Ind54SColes_ADairy, Eggs & Fridge_SAReady to eat meals_IColes Kitchen Loaded Supreme Pizza | 470g",Coles Kitchen Loaded Supreme Pizza | 470g,Coles,"Dairy, Eggs & Fridge",Ready to eat meals,Pizzas,,$6.50,Pick any 2 for $12,,$1.38 per 100g,3920606,"KITCHEN INSPIRED CREATIONS From our kitchen to yours......A pizzeria experience at home. We take a stone baked base and top it with vibrant tomato sauce before finishing with pepperoni, ham, capsicum, onions, pineapple and olives. Generously topped and ready for you in minutes.",,,"Per 100g/ml
Per Serving
%DI
Energy
889.70
1040.95
Protein
9.30
10.88
Carbohydrate
26.50
31.01
Sugars
4.90
5.73
Sodium
594.00
694.98
Saturated
2.80
3.28
Energy (Cal)
212.85
249.03
Fat
7.10
8.31
Dietary Fibre (total)
2.30
2.69
Trans
0.04
0.05
* Percentage Daily Intakes are based on an average adult diet of 8700 kJ. Your daily intakes may be higher or lower depending on your energy needs.",,https://www.coles.com.au/product/coles-kitchen-loaded-supreme-pizza-470g-3920606,,,2024-06-18T10:03:48.750215-04:00
"Ind54SColes_ADairy, Eggs & Fridge_SA_IColes Kitchen Butter Chicken | 350g",Coles Kitchen Butter Chicken | 350g,Coles,"Dairy, Eggs & Fridge",,,,$8.00,Pick any 2 for $14,,$2.29 per 100g,7156915,"From our kitchen to yours, Coles Kitchen offers you great-tasting food that is ready when you are",,,"Per 100g/ml
Per Serving
%DI
Energy
593.10
2075.85
Protein
14.80
51.80
Carbohydrate
7.20
25.20
Sugars
4.20
14.70
Sodium
150.00
525.00
Saturated
3.50
12.25
Energy (Cal)
141.89
496.61
Fat
5.90
20.65
Dietary Fibre (total)
0.10
0.35
Trans
0.20
0.70
* Percentage Daily Intakes are based on an average adult diet of 8700 kJ. Your daily intakes may be higher or lower depending on your energy needs.",,https://www.coles.com.au/product/coles-kitchen-butter-chicken-350g-7156915,,,2024-06-18T10:03:59.573339-04:00
"Ind54SColes_ADairy, Eggs & Fridge_SA_IRana Pumpkin & Caramelised Onion Ravioli | 325g",Rana Pumpkin & Caramelised Onion Ravioli | 325g,Rana,"Dairy, Eggs & Fridge",,,,$8.00,,,$2.46 per 100g,3091148,"Love the sweetness of the delicious Pumpkin with a touch of roasted onion, wrapped in paper thin pasta. A true flavours explosion.",,,,"Filling 52%: Pumpkin Puree 41%, Semiprocessed Low Fat Cheese [Low Fat Cheese (Milk, Salt, Rennet), Sunflower Oil, Potato Starch, Water, Salt], Cream (from Milk), Vegetable Fibre (contains Wheat), Grana Padano Cheese [Milk, Salt, Rennet, Lysozyme (from Egg)], Lactose, Breadcrumb (Soft Wheat Flour, Water, Salt, Yeast), Mustard Puree (Quince, Sugar, Natural Flavour), Butter (from Milk), Dehydrated Potatoes, Roasted Onion 1.1%, Corn Starch, Salt, Amaretti Biscuits (Sugar, Apricot Kernels, White Egg, Natural Flavouring), Natural Flavouring, Pasta 48%: Soft Wheat Flour, Egg 30%, Durum Wheat Semolina",https://www.coles.com.au/product/rana-pumpkin-and-caramelised-onion-ravioli-325g-3091148,,,2024-06-18T10:04:09.365381-04:00
"Ind54SColes_ADairy, Eggs & Fridge_SAReady to eat meals_IColes Perform Build Chipotle Chicken Burrito Bowl | 400g",Coles Perform Build Chipotle Chicken Burrito Bowl | 400g,Coles,"Dairy, Eggs & Fridge",Ready to eat meals,Other ready meals,,$10.00,Pick any 2 for $18,,$2.50 per 100g,5070830,"Coles PerForm Chicken Burrito with tender chargrilled cajun chicken breast (RSPCA approved)., chipotle sauce, cooked rice and beans. With up to 43g protein per meal, this is perfect as a fast, nourishing protein-rich meal to complement your exercise, diet or lifestyle goals.",,,"Per 100g/ml
Per Serving
%DI
Energy
474.00
1896.00
Protein
12.90
51.60
Carbohydrate
8.90
35.60
Sugars
0.20
0.80
Sodium
210.00
840.00
Saturated
0.70
2.80
Energy (Cal)
113.40
453.59
Fat
2.60
10.40
Dietary Fibre (total)
0.90
3.60
Trans
0.09
0.36
* Percentage Daily Intakes are based on an average adult diet of 8700 kJ. Your daily intakes may be higher or lower depending on your energy needs.",,https://www.coles.com.au/product/coles-perform-build-chipotle-chicken-burrito-bowl-400g-5070830,,,2024-06-18T10:04:20.630591-04:00
"Ind54SColes_ADairy, Eggs & Fridge_SAReady to eat meals_ILatina Fresh Beef Ravioli Pasta | 625g",Latina Fresh Beef Ravioli Pasta | 625g,Latina,"Dairy, Eggs & Fridge",Ready to eat meals,Italian meals & pasta,,$11.00,,,$1.76 per 100g,5404110,,,,,,https://www.coles.com.au/product/latina-fresh-beef-ravioli-pasta-625g-5404110,,,2024-06-18T10:04:29.788674-04:00
"Ind54SColes_ADairy, Eggs & Fridge_SAReady to eat meals_IColes Kitchen Tomato Pizza Base | 300g",Coles Kitchen Tomato Pizza Base | 300g,Coles,"Dairy, Eggs & Fridge",Ready to eat meals,Pizzas,,$3.00,,,$1.00 per 100g,6187447,"Kitchen Inspired Creations From our kitchen to yours......A pizzeria experience at home. We've used Australian flour to form a stone baked pizza base with tomato passata, ready for you to add your favourite toppings.",,,"Per 100g/ml
Per Serving
%DI
Energy
980.90
735.68
Protein
7.30
5.48
Total Fat
4.90
3.68
Saturated Fat
0.50
0.38
Carbohydrate
37.10
27.83
Sugars
5.80
4.35
Sodium
410.00
307.50
Energy (Cal)
234.67
176.00
Dietary Fibre (total)
5.60
4.20
Trans
0.01
0.01
* Percentage Daily Intakes are based on an average adult diet of 8700 kJ. Your daily intakes may be higher or lower depending on your energy needs.",,https://www.coles.com.au/product/coles-kitchen-tomato-pizza-base-300g-6187447,,,2024-06-18T10:04:40.890664-04:00
"Ind54SColes_ADairy, Eggs & Fridge_SAReady to eat meals_IColes Natures Kitchen Lentil Spaghetti Bolognese | 350g",Coles Natures Kitchen Lentil Spaghetti Bolognese | 350g,Coles,"Dairy, Eggs & Fridge",Ready to eat meals,Italian meals & pasta,,$7.50,Pick any 2 for $14,,$2.14 per 100g,3468031,Spaghetti topped with a hearty red sauce made with lentils,,,"Per 100g/ml
Per Serving
%DI
Energy
473.50
1657.25
Protein
4.80
16.80
Total Fat
1.70
5.95
Carbohydrate
17.80
62.30
Sugars
0.60
2.10
Sodium
180.00
630.00
Saturated
0.20
0.70
Energy (Cal)
113.28
396.47
Dietary Fibre (total)
3.30
11.55
Trans
0.10
0.35
* Percentage Daily Intakes are based on an average adult diet of 8700 kJ. Your daily intakes may be higher or lower depending on your energy needs.",,https://www.coles.com.au/product/coles-natures-kitchen-lentil-spaghetti-bolognese-350g-3468031,,,2024-06-18T10:04:51.731682-04:00
"Ind54SColes_ADairy, Eggs & Fridge_SAReady to eat meals_IColes Pappardelle | 300g",Coles Pappardelle | 300g,Coles,"Dairy, Eggs & Fridge",Ready to eat meals,Italian meals & pasta,,$4.50,,,$1.50 per 100g,3360024,Coles Brand meals are made with quality ingredients. Enjoy delicious and convenient ready to heat Pappardelle.,,,"Per 100g/ml
Per Serving
%DI
Energy
1205.60
1808.40
Protein
12.90
19.35
Total Fat
1.50
2.25
Carbohydrate
53.20
79.80
Sugars
0.90
1.35
Sodium
7.00
10.50
Saturated
0.40
0.60
Energy (Cal)
288.42
432.63
Dietary Fibre (total)
3.30
4.95
* Percentage Daily Intakes are based on an average adult diet of 8700 kJ. Your daily intakes may be higher or lower depending on your energy needs.",,https://www.coles.com.au/product/coles-pappardelle-300g-3360024,,,2024-06-18T10:05:02.728238-04:00
"Ind54SColes_ADairy, Eggs & Fridge_SAReady to eat meals_IYoufoodz Mushroom & Cheese Tortellini With Creamy Sauce | 330g",Youfoodz Mushroom & Cheese Tortellini With Creamy Sauce | 330g,Youfoodz,"Dairy, Eggs & Fridge",Ready to eat meals,Other ready meals,,$11.00,Pick any 2 for $16,,$3.33 per 100g,7825039,"Youfoodz' Creamy Mushroom & Cheese Tortellini is perfectly plump cheese tortellini tossed in a creamy sauce made with butter, onion, mushrooms, thickened cream, parmesan cheese, thyme and just a touch of lemon juice.",,,"Per 100g/ml
Per Serving
%DI
Energy
625kJ
2060kJ
Protein
5.2g
17.3g
Total Fat
7.4g
24.4g
Saturated Fat
4.2g
13.9g
Carbohydrate
14.6g
48.2g
Sugars
2.0g
6.5g
Sodium
401mg
1320mg
Energy (Cal)
149Cal
493Cal
Dietary Fibre (total)
1.6g
5.4g
* Percentage Daily Intakes are based on an average adult diet of 8700 kJ. Your daily intakes may be higher or lower depending on your energy needs.",,https://www.coles.com.au/product/youfoodz-mushroom-and-cheese-tortellini-with-creamy-sauce-330g-7825039,,,2024-06-18T10:05:14.541265-04:00
"Ind54SColes_ADairy, Eggs & Fridge_SAReady to eat meals_IColes Kitchen BBQ Chicken & Bacon Pizza | 460g",Coles Kitchen BBQ Chicken & Bacon Pizza | 460g,Coles,"Dairy, Eggs & Fridge",Ready to eat meals,Pizzas,,$6.50,Pick any 2 for $12,,$1.41 per 100g,6204604,"KITCHEN INSPIRED CREATIONS From our kitchen to yours......A pizzeria experience at home. We take a stone baked base and top it with vibrant tomato passata and barbecue sauce before finishing with roasted RSPCA Approved Australian chicken, smoked bacon and mozzarella. Generously topped and ready for you in minutes",,,"Per 100g/ml
Per Serving
%DI
Energy
864.70
994.41
Protein
11.10
12.77
Carbohydrate
23.70
27.26
Sugars
6.60
7.59
Sodium
555.00
638.25
Saturated
2.60
2.99
Energy (Cal)
206.87
237.90
Fat
6.30
7.25
Dietary Fibre (total)
5.00
5.75
Trans
0.04
0.05
* Percentage Daily Intakes are based on an average adult diet of 8700 kJ. Your daily intakes may be higher or lower depending on your energy needs.",,https://www.coles.com.au/product/coles-kitchen-bbq-chicken-and-bacon-pizza-460g-6204604,,,2024-06-18T10:05:25.821933-04:00
"Ind54SColes_ADairy, Eggs & Fridge_SA_ILatina Fresh Creamy Carbonara Pasta Sauce | 425g",Latina Fresh Creamy Carbonara Pasta Sauce | 425g,Latina,"Dairy, Eggs & Fridge",,,,$7.50,,,$1.76 per 100g,5404109,"Latina Fresh Creamy Carbonara Pasta Sauce combines fresh Australian cream with bacon, Parmesan and various spices to instantly bring any pasta dish to life. Pair with Latina Fresh Classic Veal Tortellini Pasta for a fast and easy work lunch or dinner you'll love to enjoy again and again!
Creamy Italian-style carbonara sauce

Made with fresh Australian Milk & Cream

Cooks in 4 minutes

Perfect with any Latina Fresh pasta

Serves four",,,,,https://www.coles.com.au/product/latina-fresh-creamy-carbonara-pasta-sauce-425g-5404109,,,2024-06-18T10:05:34.731261-04:00
"Ind54SColes_ADairy, Eggs & Fridge_SAReady to eat meals_IDari's Tomato Soup | 350g",Dari's Tomato Soup | 350g,Daris,"Dairy, Eggs & Fridge",Ready to eat meals,Soups & stews,,$4.80,,,$1.37 per 100g,7831381,"An original soup icon, tomato is universally appealing and loved by all ages. We've elevated the classic tomato soup recipe, by adding a touch of cream and a hint of oregano, to create a decadent, creamy, and comforting tomato soup that's full of the flavours of its simple ingredients.
 ",,,"Per 100g/ml
Per Serving
%DI
Energy
161
564
Protein
1.1
3.9
Total Fat
1.7
6.0
Saturated Fat
1.3
4.5
Carbohydrate
4.4
15.4
Sugars
3.8
13.3
Sodium
220
770
Energy (Cal)
38
135
Dietary Fibre (total)
0.6
2.1
Trans
0.0
0.0
* Percentage Daily Intakes are based on an average adult diet of 8700 kJ. Your daily intakes may be higher or lower depending on your energy needs.",,https://www.coles.com.au/product/dari's-tomato-soup-350g-7831381,,,2024-06-18T10:05:46.322556-04:00
"Ind54SColes_ADairy, Eggs & Fridge_SAReady to eat meals_IColes Kitchen Plain Pizza Base | 260g",Coles Kitchen Plain Pizza Base | 260g,Coles,"Dairy, Eggs & Fridge",Ready to eat meals,Pizzas,,$2.20,Buy 2 for $4,,$0.85 per 100g,4691581,"Kitchen Inspired Creations From our kitchen to yours......A pizzeria experience at home. We've used Australian flour to form a stone baked pizza base, ready for you to add your favourite toppings.",,,"Per 100g/ml
Per Serving
%DI
Energy
1009.00
655.85
Protein
8.70
5.66
Carbohydrate
40.90
26.59
Sugars
4.00
2.60
Sodium
410.00
266.50
Saturated
0.40
0.26
Energy (Cal)
241.39
156.90
Fat
2.60
1.69
Dietary Fibre (total)
8.70
5.66
Trans
0.01
0.01
* Percentage Daily Intakes are based on an average adult diet of 8700 kJ. Your daily intakes may be higher or lower depending on your energy needs.",,https://www.coles.com.au/product/coles-kitchen-plain-pizza-base-260g-4691581,,,2024-06-18T10:05:57.995569-04:00
"Ind54SColes_ADairy, Eggs & Fridge_SAReady to eat meals_ILatina Fresh Veal Tortellini Pasta | 375g",Latina Fresh Veal Tortellini Pasta | 375g,Latina,"Dairy, Eggs & Fridge",Ready to eat meals,Italian meals & pasta,,$6.50,,$8.00,$1.73 per 100g,5051836,,,,,,https://www.coles.com.au/product/latina-fresh-veal-tortellini-pasta-375g-5051836,,,2024-06-18T10:06:08.611425-04:00
"Ind54SColes_ADairy, Eggs & Fridge_SA_IColes Kitchen Beef Bolognese Sauce | 425g",Coles Kitchen Beef Bolognese Sauce | 425g,Coles,"Dairy, Eggs & Fridge",,,,,,,,3920242,Rich Australian beef and tomato sauce with carrots and red wine,,,"Per 100g/ml
Per Serving
%DI
Energy
361.20
382.87
Protein
6.60
7.00
Total Fat
4.00
4.24
Carbohydrate
5.00
5.30
Sugars
3.50
3.71
Sodium
260.00
275.60
Saturated
1.50
1.59
Energy (Cal)
86.41
91.60
Dietary Fibre (total)
2.00
2.12
Trans
0.10
0.11
* Percentage Daily Intakes are based on an average adult diet of 8700 kJ. Your daily intakes may be higher or lower depending on your energy needs.",,https://www.coles.com.au/product/coles-kitchen-beef-bolognese-sauce-425g-3920242,,,2024-06-18T10:06:20.472908-04:00
"Ind54SColes_ADairy, Eggs & Fridge_SAColes Finest_IColes Finest Filled Pasta Pumpkin | 350g",Coles Finest Filled Pasta Pumpkin | 350g,Coles,"Dairy, Eggs & Fridge",Coles Finest,meals,,$6.50,,,$1.86 per 100g,3166145,"Thin, delicate pasta filled with sweet pumpkin, ricotta, mascarpone and Grana Padano,",,,"Per 100g/ml
Per Serving
%DI
Protein
8.5
14.88
30
Total Fat
4.3
7.53
11
Saturated Fat
3.0
5.3
22
Sodium
54
94.5
4
Trans
0.1
0.18
Dietary Fibre
5.4
9.45
* Percentage Daily Intakes are based on an average adult diet of 8700 kJ. Your daily intakes may be higher or lower depending on your energy needs.",,https://www.coles.com.au/product/coles-finest-filled-pasta-pumpkin-350g-3166145,,,2024-06-18T10:06:31.499877-04:00
"Ind54SColes_ADairy, Eggs & Fridge_SAReady to eat meals_ILatina Fresh Italian Style Tomato & Garlic Pasta Sauce | 425g",Latina Fresh Italian Style Tomato & Garlic Pasta Sauce | 425g,Latina,"Dairy, Eggs & Fridge",Ready to eat meals,Italian meals & pasta,,$7.50,,,$1.76 per 100g,5233232,"Packed with umami goodness, Latina Fresh Italian Style Tomato & Garlic Pasta Sauce contains no artificial colours or flavours. This delicious blend of tomatoes, onion and olive oil with various herbs and spices makes a perfect topping for all sorts of pasta dishes. Try it in lasagna for a vegetarian-friendly twist.
Pasta sauce made with Australian Tomatoes

Great for lasagne

No artificial colours or flavours

Perfect with any Latina Fresh pasta

Serves four",,,,,https://www.coles.com.au/product/latina-fresh-italian-style-tomato-and-garlic-pasta-sauce-425g-5233232,,,2024-06-18T10:06:40.484625-04:00
"Ind54SColes_ADairy, Eggs & Fridge_SAReady to eat meals_I25 Degrees South Prosciutto & Ricotta Ravioli | 325g",25 Degrees South Prosciutto & Ricotta Ravioli | 325g,25 Degrees,"Dairy, Eggs & Fridge",Ready to eat meals,Italian meals & pasta,,$6.50,,$9.00,$2.00 per 100g,6399591,,,,,,https://www.coles.com.au/product/25-degrees-south-prosciutto-and-ricotta-ravioli-325g-6399591,,,2024-06-18T10:06:49.257778-04:00
"Ind54SColes_ADairy, Eggs & Fridge_SAReady to eat meals_IColes Kitchen Special Fried Rice | 350g",Coles Kitchen Special Fried Rice | 350g,Coles,"Dairy, Eggs & Fridge",Ready to eat meals,Thai meals,,$7.50,Pick any 2 for $14,,$2.14 per 100g,2875095,"Jasmine rice fried with free range eggs, Australian RSPCA Approved Chicken breast, char sui pork and vegetables",,,"Per 100g/ml
Per Serving
%DI
Energy
660.70
2312.45
Protein
8.10
28.35
Total Fat
3.40
11.90
Carbohydrate
22.80
79.80
Sugars
1.20
4.20
Sodium
270.00
945.00
Saturated
0.60
2.10
Energy (Cal)
158.06
553.22
Dietary Fibre (total)
1.20
4.20
Trans
0.10
0.35
* Percentage Daily Intakes are based on an average adult diet of 8700 kJ. Your daily intakes may be higher or lower depending on your energy needs.",,https://www.coles.com.au/product/coles-kitchen-special-fried-rice-350g-2875095,,,2024-06-18T10:07:00.305476-04:00
"Ind54SColes_ADairy, Eggs & Fridge_SAReady to eat meals_IColes Kitchen Honey Soy & Garlic Stir Fry Sauce | 200g",Coles Kitchen Honey Soy & Garlic Stir Fry Sauce | 200g,Coles,"Dairy, Eggs & Fridge",Ready to eat meals,Italian meals & pasta,,$4.50,,,$2.25 per 100g,7748448,"Coles Kitchen Real Food Fast Honey, Soy and Garlic Stir Fry Sauce 200g.

Ready in minutes
No artificial colours and flavours
Delicious blend of sweet honey, savoury soy and garlic

Cook up a family favourite with Coles Kitchen Honey, Soy Garlic Stir Fry Sauce.
This classic combination of garlic, sweet honey and savoury soy packs a flavour punch and is great paired with chicken, beef or pork strips. For a tasty vegetarian option try swapping out the meat for firm fried tofu. You can use any vegetables you have on hand, but broccoli, cauliflower and snow peas are all popular choices.

Coles Kitchen Honey, Soy and Garlic Stir Fry Sauce helps you cut down on meal prep so dinner comes together fast. Just make sure you have all your ingredients ready to go before you fire up the stove because the actual cooking happens quickly. Part of what makes stir fries great is their versatility so feel free to get creative with Coles Kitchen Honey, Soy and Garlic Stir Fry Sauce and different veggies and toppings. Serve with Hokkien noodles or fluffy rice.

Coles Kitchen tip: Build even more flavour into your dish with a sprinkling of chopped spring onions and chilli flakes.",,,"Per 100g/ml
Per Serving
%DI
Energy
414
207
2
Protein
1.2
LESS THAN 1g
1
Total Fat
LESS THAN 1g
LESS THAN 1g
1
Saturated Fat
LESS THAN 1g
LESS THAN 1g
0
Carbohydrate
19.7
9.9
3
Sodium
549
275
12
Energy (Cal)
99
50
* Percentage Daily Intakes are based on an average adult diet of 8700 kJ. Your daily intakes may be higher or lower depending on your energy needs.",,https://www.coles.com.au/product/coles-kitchen-honey-soy-and-garlic-stir-fry-sauce-200g-7748448,,,2024-06-18T10:07:11.992243-04:00
"Ind54SColes_ADairy, Eggs & Fridge_SAReady to eat meals_IColes Kitchen Chicken & Bacon Pasta Bake | 350g",Coles Kitchen Chicken & Bacon Pasta Bake | 350g,Coles,"Dairy, Eggs & Fridge",Ready to eat meals,Italian meals & pasta,,$8.00,Pick any 2 for $14,,$2.29 per 100g,2680766,From our kitchen to yours So you can experience the food of Italy at home we take durum wheat pasta and match to delicious simmered sauces before finishing with cheese. Food that is full of flavour and ready for you in minutes,,,"Per 100g/ml
Per Serving
%DI
Energy
660.90
2313.15
Protein
8.30
29.05
Total Fat
6.40
22.40
Carbohydrate
16.60
58.10
Sugars
0.90
3.15
Sodium
160.00
560.00
Saturated
3.40
11.90
Energy (Cal)
158.11
553.39
Dietary Fibre (total)
0.10
0.35
Trans
0.20
0.70
* Percentage Daily Intakes are based on an average adult diet of 8700 kJ. Your daily intakes may be higher or lower depending on your energy needs.",,https://www.coles.com.au/product/coles-kitchen-chicken-and-bacon-pasta-bake-350g-2680766,,,2024-06-18T10:07:25.003453-04:00
"Ind54SColes_ADairy, Eggs & Fridge_SAReady to eat meals_IColes Kitchen Pulled Pork Mac & Cheese | 350g",Coles Kitchen Pulled Pork Mac & Cheese | 350g,Coles,"Dairy, Eggs & Fridge",Ready to eat meals,Other ready meals,,$8.00,Pick any 2 for $14,,$2.29 per 100g,5586800,Macaroni in a creamy cheese sauce topped with smokey barbecue pulled pork.From our kitchen to yours. So you can experience the food of Italy at home we take durum wheat pasta and match to delicious simmered sauces before finishing with cheese. Food that is full of flavour and ready for you in minutes,,,"Per 100g/ml
Per Serving
%DI
Energy
693.80
2428.30
Protein
7.30
25.55
Total Fat
7.50
26.25
Carbohydrate
16.20
56.70
Sugars
2.70
9.45
Sodium
230.00
805.00
Saturated
4.40
15.40
Energy (Cal)
165.98
580.93
Fat
7.50
26.25
Dietary Fibre (total)
2.10
7.35
Trans
0.20
0.70
* Percentage Daily Intakes are based on an average adult diet of 8700 kJ. Your daily intakes may be higher or lower depending on your energy needs.","INGREDIENTS:Cooked Macaroni Pasta (36%) [Macaroni Pasta (DurumWheat, DurumWheatSemolina), Vegetable Oil], BBQ Pulled Pork (33%) [Pulled Pork (50%) (Australian Sow Stall Free Pork (95%), Water, Marinade {Maize Starch, Salt, Mineral Salt (500), Tapioca Starch, Canola Oil}, Pepper), BBQ Sauce (50%) (Water, Onion (11%), Brown Sugar, Tomato Paste (8%), Crushed Garlic (5.0%), Lemon Juice from Concentrate, Thickener (Starch), BBQ Seasoning (Soy) (3.0%) {contains Natural Colour (Paprika Oleoresins), Smoke Flavouring}, Vinegar, Vegetable Oil, Smoke Flavouring (1.0%) {contains Natural Flavouring}, Dijon Mustard, Smokey Paprika {contains Smoke Flavouring}, Vegetable Stock Seasoning {contains Natural Flavouring}, Natural Colour (Paprika Oleoresins, 150a), Salt, Pepper, Modified Starch {1422, 1442})], Cheese Sauce (28%) [Milk, Cream (Milk), Water, Vegetarian Cheddar Cheese (Milk) (9%), Thickener (Starch), Salted Butter (Milk), Vegetarian Parmesan Cheese (Milk) (2%), Vegetable Stock Seasoning (contains Natural Flavouring), Dijon Mustard (0.4%), Natural Cheese Flavour (Milk), Salt, Natural Preservative (234), Modified Starch (1422, 1442)], Cheddar & Mozzarella Cheese Topping (3.0%) [Vegetarian Cheddar Cheese (Milk) (60%), Vegetarian Mozzarella Cheese (Milk) (40%)].",https://www.coles.com.au/product/coles-kitchen-pulled-pork-mac-and-cheese-350g-5586800,,,2024-06-18T10:07:35.977539-04:00
"Ind54SColes_ADairy, Eggs & Fridge_SAReady to eat meals_IPitango Organic Soup Pumpkin & Ginger | 600g",Pitango Organic Soup Pumpkin & Ginger | 600g,Pitango,"Dairy, Eggs & Fridge",Ready to eat meals,Soups & stews,,$5.75,,$7.25,$0.96 per 100g,4207190,"True food for us means only using carefully selected natural ingredients with no preservatives, artificial colours, flavours or added sugar. 

Organic pumpkin crammed with potatoes, carrots & onion. 
A splash of cream. With a zing of ginger & a hint of spice. 

Grown in NZ
Peeled by hand. ",,,"Per 100g/ml
Per Serving
%DI
Energy
310kJ
931kJ
11%
Protein
1.7g
5.1g
10%
Total Fat
4.7g
14.2g
20%
Saturated Fat
2.8g
8.5g
35%
Carbohydrate
5.7g
17.1g
6%
Sugars
2.9g
9.0g
10%
Sodium
220mg
660mg
29%
Monounsaturated
>1
>1
>1
Energy (Cal)
74Cal
224Cal
>1
Dietary Fibre (total)
1.1g
3.3g
11%
Polyunsaturated
>1
>1
>1
Gluten
0.0g
0.0g
>1
Trans
>1
>1
>1
* Percentage Daily Intakes are based on an average adult diet of 8700 kJ. Your daily intakes may be higher or lower depending on your energy needs.",,https://www.coles.com.au/product/pitango-organic-soup-pumpkin-and-ginger-600g-4207190,,,2024-06-18T10:07:46.976562-04:00
"Ind54SColes_ADairy, Eggs & Fridge_SAYoufoodz_IYoufoodz Fueld Steak Chips & Gravy | 403g",Youfoodz Fueld Steak Chips & Gravy | 403g,Youfoodz,"Dairy, Eggs & Fridge",Youfoodz,Ready to eat meal,,$12.00,,,$2.82 per 100g,4687391,"Tender, slow-cooked beef served with a side of paprika chips and a creamy mustard gravy. Our FUEL'D range is larger in portion size and packed with protein.",,,"Per 100g/ml
Per Serving
%DI
Energy
522 kJ
2110 kJ
Protein
8.0 g
32.4 g
Total Fat
4.9 g
19.6 g
Saturated Fat
3.2 g
12.8 g
Carbohydrate
11.1 g
44.7 g
Sugars
1.6 g
6.5 g
Sodium
526 mg
2120 mg
Energy (Cal)
125 Cal
503 Cal
Dietary Fibre (total)
2.5 g
10.2 g
* Percentage Daily Intakes are based on an average adult diet of 8700 kJ. Your daily intakes may be higher or lower depending on your energy needs.",,https://www.coles.com.au/product/youfoodz-fueld-steak-chips-and-gravy-403g-4687391,,,2024-06-18T10:07:58.270951-04:00
"Ind54SColes_ADairy, Eggs & Fridge_SAReady to eat meals_IColes Kitchen Pumpkin Gnocchi | 500g",Coles Kitchen Pumpkin Gnocchi | 500g,Coles,"Dairy, Eggs & Fridge",Ready to eat meals,Italian meals & pasta,,$5.00,,,$1.00 per 100g,3467516,"KITCHEN INSPIRED CREATIONS From our kitchen to yours...... Experience the taste of Italy at home. We have blended Australian potato and pumpkin with flour to create pillows of soft gnocchi, ready to serve with a sauce of your choice. A delicious meal, full of flavour and ready in minutes",,,"Per 100g/ml
Per Serving
%DI
Energy
770.7
963.375
Protein
4.9
6.125
Carbohydrate
37.5
46.875
Sugars
1.4
1.75
Sodium
257
321.25
Saturated
0.1
0.125
Energy (Cal)
184.3779904
230.472488
Fat
0.7
0.875
Dietary Fibre (total)
3
3.75
* Percentage Daily Intakes are based on an average adult diet of 8700 kJ. Your daily intakes may be higher or lower depending on your energy needs.",,https://www.coles.com.au/product/coles-kitchen-pumpkin-gnocchi-500g-3467516,,,2024-06-18T10:08:09.427982-04:00
"Ind54SColes_ADairy, Eggs & Fridge_SAReady to eat meals_ILatina Fresh Lasagne Sheets 8 Pack | 375g",Latina Fresh Lasagne Sheets 8 Pack | 375g,Latina,"Dairy, Eggs & Fridge",Ready to eat meals,Italian meals & pasta,,$6.00,,,$1.60 per 100g,5165427,,,,,,https://www.coles.com.au/product/latina-fresh-lasagne-sheets-8-pack-375g-5165427,,,2024-06-18T10:08:18.330160-04:00
"Ind54SColes_ADairy, Eggs & Fridge_SAReady to eat meals_I400 Gradi Pizza 11"" Margherita | 400g","400 Gradi Pizza 11"" Margherita | 400g",400 Gradi,"Dairy, Eggs & Fridge",Ready to eat meals,Pizzas,,,,,,3971582,,,,,"Pizza Base (Water, Soft Wheat Flour Type 00, Dried Wheat Mother Yeast, Malted Wheat Flour, Deactivated Yeast) 65%, Pizza Sauce: Tomato (Whole Peeled Tomatoes, Tomato Juice, Acidity Regulator: Citric Acid, Salt, Sugar) 22.5%, Fiore Di Latte Cheese (Pasteurised Cows Milk, Non-Animal Rennet, Starter Culture, Salt), Fresh Basil",https://www.coles.com.au/product/400-gradi-pizza-11%22-margherita-400g-3971582,,,2024-06-18T10:08:28.572631-04:00
"Ind54SColes_ADairy, Eggs & Fridge_SAReady to eat meals_IColes Kitchen Beef Ragu Lasagne | 350g",Coles Kitchen Beef Ragu Lasagne | 350g,Coles,"Dairy, Eggs & Fridge",Ready to eat meals,Italian meals & pasta,,$8.00,Pick any 2 for $14,,$2.29 per 100g,5587100,,,,,,https://www.coles.com.au/product/coles-kitchen-beef-ragu-lasagne-350g-5587100,,,2024-06-18T10:08:37.773696-04:00
"Ind54SColes_ADairy, Eggs & Fridge_SAReady to eat meals_IColes Kitchen Thai Green Chicken Curry & Rice | 350g",Coles Kitchen Thai Green Chicken Curry & Rice | 350g,Coles,"Dairy, Eggs & Fridge",Ready to eat meals,Thai meals,,$7.50,Pick any 2 for $14,,$2.14 per 100g,2875110,"Australian chicken breast in an aromatic green curry sauce with green capsicum and kaffir lime, served with jasmine rice",,,"Per 100g/ml
Per Serving
%DI
Energy
632.60
2214.10
Protein
10.20
35.70
Total Fat
4.90
17.15
Carbohydrate
16.30
57.05
Sugars
2.30
8.05
Sodium
180.00
630.00
Saturated
2.80
9.80
Energy (Cal)
151.34
529.69
Fat
4.90
17.15
Dietary Fibre (total)
0.10
0.35
Trans
0.10
0.35
* Percentage Daily Intakes are based on an average adult diet of 8700 kJ. Your daily intakes may be higher or lower depending on your energy needs.","INGREDIENTS LIST:

Thai Green Chicken Curry (Fish) (57%), Cooked Jasmine Rice (43%).

Thai Green Chicken Curry contains: Cooked Australian RSPCA Approved Chicken Breast (30%), Coconut Cream [Coconut Cream, Stabiliser (415, 412, 407)], Green Beans, Green Capsicum (4%), Water, Palm Sugar, Thai Green Curry Paste (3%), Vinegar, Fish Sauce, Vegetable Oil, Thickener (Starch), Vegetable Stock Seasoning [contains Natural Flavouring], Chilli, Thai Basil, Kaffir Lime Leaf (0.1%), Modified Starch (1422, 1442).

Cooked Jasmine Rice contains: Jasmine Rice, Vegetable Oil, Salt.",https://www.coles.com.au/product/coles-kitchen-thai-green-chicken-curry-and-rice-350g-2875110,,,2024-06-18T10:08:48.945472-04:00
"Ind54SColes_ADairy, Eggs & Fridge_SAReady to eat meals_INevana Pizza Base 12 pack | 700g",Nevana Pizza Base 12 pack | 700g,Nevana,"Dairy, Eggs & Fridge",Ready to eat meals,Pizzas,,$4.80,,,$0.69 per 100g,5618146,Made with fresh & quality ingredients. Enjoy convenient and ready to cook Nevana Pizza Base,,,"Per 100g/ml
Per Serving
%DI
Energy
1150kJ
Protein
12.1g
Total Fat
2.2g
Saturated Fat
0.3g
Carbohydrate
50g
Sugars
6.6g
Sodium
3.9mg
Monounsaturated
1.1g
Polyunsaturated
1.1g
Cholesterol
Less than 0.1g
* Percentage Daily Intakes are based on an average adult diet of 8700 kJ. Your daily intakes may be higher or lower depending on your energy needs.",,https://www.coles.com.au/product/nevana-pizza-base-12-pack-700g-5618146,,,2024-06-18T10:08:59.778876-04:00
"Ind54SColes_ADairy, Eggs & Fridge_SAReady to eat meals_IRana Four Cheese Ravioli | 325g",Rana Four Cheese Ravioli | 325g,Rana,"Dairy, Eggs & Fridge",Ready to eat meals,Italian meals & pasta,,$8.00,,,$2.46 per 100g,3091159,"A delicious and generous filling made with selected varieties of cheeses, wrapped in paper thin pasta. Discover the perfect balance between aromatic and sweet flavours.",,,,"Filling 52%: Semiprocessed Low Fat Cheese 26% [Low Fat Cheese 43% (Milk, Salt, Non-Animal Rennet), Sunflower Oil, Potato Starch, Water, Salt], Ricotta Cheese 10% (Whey, Milk, Salt, Citric Acid), Cream, Vegetable Fibres, Edamer Cheese 7% (Milk, Salt, Non-Animal Rennet), Full Fat Hard Cheese 6% (Milk, Salt, Non-Animal Rennet), Breadcrumbs (Soft Wheat Flour, Salt, Yeast), Gorgonzola Cheese 5% (Milk, Salt, Animal Rennet, Culture), Whey Powder (from Milk), Starches, Emmental Cheese 3% (Milk, Salt, Non-Animal Rennet), Sunflower Oil, Natural Flavouring, Salt, Yeast Extract, Pasta 48%: Soft Wheat Flour, Egg 30%, Durum Wheat Semolina",https://www.coles.com.au/product/rana-four-cheese-ravioli-325g-3091159,,,2024-06-18T10:09:09.071160-04:00
"Ind54SColes_ADairy, Eggs & Fridge_SAReady to eat meals_IGrand Italian Potato Gnocchi | 500g",Grand Italian Potato Gnocchi | 500g,Grand Italian,"Dairy, Eggs & Fridge",Ready to eat meals,Italian meals & pasta,,$6.00,,,$1.20 per 100g,3776882,"Our Grand Italian range of gnocchi are specially made with steamed fresh potato to create fluffy pillows of delicious goodness! The range offers a variety of natural and traditional Italian flavours.  No preservatives or artificials, made with natural or fresh ingredients locally sourced, give the Grand Italian Gnocchi range its hand-made taste experience.
Made with steamed fresh potato!",,,"Per 100g/ml
Per Serving
%DI
Energy
552kJ
690kJ
8%
Protein
4.7g
5.9g
12%
Total Fat
0.6g
0.8g
1%
Saturated Fat
0.1g
0.1g
<1%
Carbohydrate
25.4g
31.8g
10%
Sugars
3.0g
3.8g
4%
Sodium
165mg
206mg
9%
Energy (Cal)
132Cal
165Cal
8%
Dietary Fibre (total)
2.3g
2.9g
10%
* Percentage Daily Intakes are based on an average adult diet of 8700 kJ. Your daily intakes may be higher or lower depending on your energy needs.",,https://www.coles.com.au/product/grand-italian-potato-gnocchi-500g-3776882,,,2024-06-18T10:09:21.627196-04:00
"Ind54SColes_ADairy, Eggs & Fridge_SAReady to eat meals_ILatina Fresh Beef Bolognese Pasta Sauce | 425g",Latina Fresh Beef Bolognese Pasta Sauce | 425g,Latina,"Dairy, Eggs & Fridge",Ready to eat meals,Italian meals & pasta,,$7.50,,,$1.76 per 100g,5220241,"Perfect for topping pasta, Latina Fresh Beef Bolognese Pasta Sauce turns any last-minute dinner idea into something special. Fast to prepare, it's a delicious blend of ripe tomatoes and tender Australian beef with onion, olive oil, garlic and various spices. No artificial colours, flavours or preservatives.
Bolognese made with Australian Beef

No artificial colours or flavours

No preservatives

Perfect with any Latina Fresh pasta

Serves four",,,,,https://www.coles.com.au/product/latina-fresh-beef-bolognese-pasta-sauce-425g-5220241,,,2024-06-18T10:09:30.626853-04:00
"Ind54SColes_ADairy, Eggs & Fridge_SA_ISupreme Plain Roti 4 pack | 500g",Supreme Plain Roti 4 pack | 500g,Supreme,"Dairy, Eggs & Fridge",,,,$7.60,,,$1.52 per 100g,8227892,"The roti bread is a traditional style of thinly-layered Indian bread. It can be prepared sweet, like a crepe, or can be enjoyed with curries and dips. Fully cooked and full of flavour, it's never been simpler to have authentic, hand-made Indian bread. Lightly heat on a frying pan on a low heat or zap in the microwave for about 20 seconds for a taste sensation.",,,"Per 100g/ml
Per Serving
%DI
Energy
1110kJ
1388kJ
Protein
7g
8.8g
Total Fat
5.5g
6.9g
Saturated Fat
1.2g
1.5g
Carbohydrate
44.4g
55.5g
Sugars
2.5g
3.1g
Sodium
480mg
600mg
Dietary Fibre (total)
3.8g
4.8g
* Percentage Daily Intakes are based on an average adult diet of 8700 kJ. Your daily intakes may be higher or lower depending on your energy needs.",,https://www.coles.com.au/product/supreme-plain-roti-4-pack-500g-8227892,,,2024-06-18T10:09:41.558116-04:00
"Ind54SColes_ADairy, Eggs & Fridge_SAReady to eat meals_IDari's Chicken And Corn Soup | 550g",Dari's Chicken And Corn Soup | 550g,Daris,"Dairy, Eggs & Fridge",Ready to eat meals,Soups & stews,,$5.50,,$6.80,$1.00 per 100g,3756284,"A DARI'S family favourite (especially with the kids!) our Chicken and Corn soup is comfort food that's good for you. Juicy pops of corn, free-range chicken breast, and coconut milk create a nourishing soup of satisfying sweetness and texture. Filling and flavoursome, this soup cures every craving in our house!",,,"Per 100g/ml
Per Serving
%DI
Energy
158
453
Protein
2.8
7
Total Fat
1.3
3.6
Saturated Fat
0.7
1.9
Carbohydrate
3.7
10.2
Sugars
1.3
3.6
Sodium
339
932
Energy (Cal)
38
105
Dietary Fibre (total)
0.7
1.9
Trans
0
0
* Percentage Daily Intakes are based on an average adult diet of 8700 kJ. Your daily intakes may be higher or lower depending on your energy needs.",,https://www.coles.com.au/product/dari's-chicken-and-corn-soup-550g-3756284,,,2024-06-18T10:09:52.678996-04:00
"Ind54SColes_ADairy, Eggs & Fridge_SAReady to eat meals_IColes Kitchen Spinach & Ricotta Cannelloni | 350g",Coles Kitchen Spinach & Ricotta Cannelloni | 350g,Coles,"Dairy, Eggs & Fridge",Ready to eat meals,Italian meals & pasta,,$8.00,Pick any 2 for $14,,$2.29 per 100g,3771277,"Spinach and ricotta cheese rolled in pasta and layered with bechamel and tomato sauces, topped with mozzarella",,,"Per 100g/ml
Per Serving
%DI
Energy
470.00
1645.00
Protein
5.40
18.90
Total Fat
0.90
3.15
Carbohydrate
19.30
67.55
Sugars
1.90
6.65
Sodium
210.00
735.00
Saturated
0.20
0.70
Energy (Cal)
112.44
393.54
Fat
0.90
3.15
Dietary Fibre (total)
2.10
7.35
Trans
0.10
0.35
* Percentage Daily Intakes are based on an average adult diet of 8700 kJ. Your daily intakes may be higher or lower depending on your energy needs.",,https://www.coles.com.au/product/coles-kitchen-spinach-and-ricotta-cannelloni-350g-3771277,,,2024-06-18T10:10:03.612041-04:00
"Ind54SColes_ADairy, Eggs & Fridge_SAReady to eat meals_ILatina Fresh Kids Mini Ravioli Pasta Cheese & Vegetable | 200g",Latina Fresh Kids Mini Ravioli Pasta Cheese & Vegetable | 200g,Latina,"Dairy, Eggs & Fridge",Ready to eat meals,Italian meals & pasta,,$6.00,Pick any 2 for $9,,$3.00 per 100g,6393926,,,,,,https://www.coles.com.au/product/latina-fresh-kids-mini-ravioli-pasta-cheese-and-vegetable-200g-6393926,,,2024-06-18T10:10:12.686725-04:00
"Ind54SColes_ADairy, Eggs & Fridge_SAReady to eat meals_IColes Kitchen Bolognese Bake | 350g",Coles Kitchen Bolognese Bake | 350g,Coles,"Dairy, Eggs & Fridge",Ready to eat meals,Italian meals & pasta,,$8.00,Pick any 2 for $14,,$2.29 per 100g,2680755,From our kitchen to yours. So you can experience the food of Italy at home we take durum wheat pasta and match to delicious simmered sauces before finishing with cheese. Food that is full of flavour and ready for you in minutes,,,"Per 100g/ml
Per Serving
%DI
Energy
635.60
2224.60
Protein
8.00
28.00
Total Fat
8.60
30.10
Saturated Fat
4.30
15.05
Carbohydrate
8.60
30.10
Sugars
1.90
6.65
Sodium
170.00
595.00
Saturated
5.10
17.85
Energy (Cal)
152.06
532.20
Dietary Fibre (total)
4.40
15.40
Trans
0.30
1.05
* Percentage Daily Intakes are based on an average adult diet of 8700 kJ. Your daily intakes may be higher or lower depending on your energy needs.",,https://www.coles.com.au/product/coles-kitchen-bolognese-bake-350g-2680755,,,2024-06-18T10:10:26.376802-04:00
"Ind54SColes_ADairy, Eggs & Fridge_SAReady to eat meals_IColes Kitchen Chipotle Chicken With Rice & Beans | 350g",Coles Kitchen Chipotle Chicken With Rice & Beans | 350g,Coles,"Dairy, Eggs & Fridge",Ready to eat meals,Other ready meals,,$7.50,Pick any 2 for $14,,$2.14 per 100g,7749189,"Australian chicken breast in a smokey tex mex sauce, served with rice & black beans",,,"Per 100g/ml
Per Serving
%DI
Energy
458.70
1605.45
Protein
5.40
18.90
Total Fat
1.80
6.30
Carbohydrate
17.10
59.85
Sugars
1.70
5.95
Sodium
140.00
490.00
Saturated
0.80
2.80
Energy (Cal)
109.74
384.08
Dietary Fibre (total)
1.20
4.20
Trans
0.10
0.35
* Percentage Daily Intakes are based on an average adult diet of 8700 kJ. Your daily intakes may be higher or lower depending on your energy needs.",,https://www.coles.com.au/product/coles-kitchen-chipotle-chicken-with-rice-and-beans-350g-7749189,,,2024-06-18T10:10:37.988444-04:00
"Ind54SColes_ADairy, Eggs & Fridge_SAReady to eat meals_IColes Kitchen Chicken Tikka Masala & Rice | 350g",Coles Kitchen Chicken Tikka Masala & Rice | 350g,Coles,"Dairy, Eggs & Fridge",Ready to eat meals,Indian food & meals,,$7.50,Pick any 2 for $14,,$2.14 per 100g,2877523,"Marinated Australian chicken breast in a rich tandoori spiced masala sauce finished with cream, served with basmati rice",,,"Per 100g/ml
Per Serving
%DI
Energy
524.90
1837.15
Protein
7.90
27.65
Total Fat
3.20
11.20
Carbohydrate
15.40
53.90
Sugars
2.70
9.45
Sodium
170.00
595.00
Saturated
1.20
4.20
Energy (Cal)
125.57
439.51
Fat
3.20
11.20
Dietary Fibre (total)
1.30
4.55
Trans
0.10
0.35
* Percentage Daily Intakes are based on an average adult diet of 8700 kJ. Your daily intakes may be higher or lower depending on your energy needs.",,https://www.coles.com.au/product/coles-kitchen-chicken-tikka-masala-and-rice-350g-2877523,,,2024-06-18T10:10:49.003825-04:00
"Ind54SColes_ADairy, Eggs & Fridge_SAReady to eat meals_ILatina Fresh Spinach & Ricotta Agnolotti Pasta | 375g",Latina Fresh Spinach & Ricotta Agnolotti Pasta | 375g,Latina,"Dairy, Eggs & Fridge",Ready to eat meals,Italian meals & pasta,,$6.50,,$8.00,$1.73 per 100g,5280232,,,,,,https://www.coles.com.au/product/latina-fresh-spinach-and-ricotta-agnolotti-pasta-375g-5280232,,,2024-06-18T10:10:58.213062-04:00
"Ind54SColes_ADairy, Eggs & Fridge_SA_IHerbert Adams Quiche Pumpkin Parmesan Spinach | 200g",Herbert Adams Quiche Pumpkin Parmesan Spinach | 200g,Herbert Adams,"Dairy, Eggs & Fridge",,,,$7.30,,,$3.65 per 100g,3775970,"Herbert Adams Gourmet Quiche Selection Pumpkin, Parmesan & Spinach Quiche 200g. Perfect addition to your meal.",,,"Per 100g/ml
Per Serving
%DI
Energy
927kJ
1850kJ
21%
Protein
6.2g
12.4g
25%
Total Fat
8.9g
17.8g
25%
Saturated Fat
4.8g
9.6g
40%
Carbohydrate
27.7g
55.4g
18%
Sugars
2.6g
5.2g
6%
Sodium
320mg
640mg
28%
Energy (Cal)
221Cal
442Cal
Dietary Fibre (total)
2.7g
5.5g
18%
* Percentage Daily Intakes are based on an average adult diet of 8700 kJ. Your daily intakes may be higher or lower depending on your energy needs.",,https://www.coles.com.au/product/herbert-adams-quiche-pumpkin-parmesan-spinach-200g-3775970,,,2024-06-18T10:11:11.692482-04:00
"Ind54SColes_ADairy, Eggs & Fridge_SA_IColes White Dinner Rolls 6 pack | 220g",Coles White Dinner Rolls 6 pack | 220g,Coles,"Dairy, Eggs & Fridge",,,,$2.90,,,$1.32 per 100g,1597180,"Breakfast, lunch, dinner or a snack in between - a good home-made roll can fill the gap",,,"Per 100g/ml
Per Serving
%DI
Energy
1049.30
382.99
Protein
9.30
3.39
Total Fat
1.90
0.69
Carbohydrate
46.50
16.97
Sugars
3.10
1.13
Sodium
383.00
139.80
Saturated
0.30
0.11
Energy (Cal)
251.03
91.63
Dietary Fibre (total)
3.80
1.39
* Percentage Daily Intakes are based on an average adult diet of 8700 kJ. Your daily intakes may be higher or lower depending on your energy needs.",,https://www.coles.com.au/product/coles-white-dinner-rolls-6-pack-220g-1597180,,,2024-06-18T10:11:23.647445-04:00
"Ind54SColes_ADairy, Eggs & Fridge_SAReady to eat meals_IDari's Beef & Barley Soup | 550g",Dari's Beef & Barley Soup | 550g,Daris,"Dairy, Eggs & Fridge",Ready to eat meals,Soups & stews,,$5.50,,$6.80,$1.00 per 100g,5062774,"Nothing says hearty more than Beef and Barley soup, and our version of this classic really satisfies. Made with selected cuts of aged beef brisket for full flavour, we've added vegetables and healthy carbs to create a complete, wholesome dish that's sure to become a year-round favourite.",,,"Per 100g/ml
Per Serving
%DI
Energy
210
578
Protein
5.8
16.0
Total Fat
0.7
1.9
Saturated Fat
0.3
0.8
Carbohydrate
5.0
13.8
Sugars
1.1
3.0
Sodium
265
729
Energy (Cal)
50
138
Dietary Fibre (total)
0.5
1.4
Trans
0
0
* Percentage Daily Intakes are based on an average adult diet of 8700 kJ. Your daily intakes may be higher or lower depending on your energy needs.",,https://www.coles.com.au/product/dari's-beef-and-barley-soup-550g-5062774,,,2024-06-18T10:11:35.860538-04:00
"Ind54SColes_ADairy, Eggs & Fridge_SA_IColes Kitchen Rich Beef Pie | 700g",Coles Kitchen Rich Beef Pie | 700g,Coles,"Dairy, Eggs & Fridge",,,,$15.80,,,$2.26 per 100g,4219350,Butter enriched shortcrust and puff pastry filled with a rich Australian beef gravy. Kitchen Inspired Creations From our kitchen to yours...... Our Classic pies use carefully selected ingredients to give you homestyle comfort food full of flavour.,,,"Per 100g/ml
Per Serving
%DI
Energy
969.80
1697.15
Protein
9.00
15.75
Total Fat
11.50
20.13
Carbohydrate
22.50
39.38
Sugars
1.90
3.33
Sodium
249.00
435.75
Saturated
5.80
10.15
Energy (Cal)
232.01
406.02
Dietary Fibre (total)
1.10
1.93
Trans
0.10
0.18
* Percentage Daily Intakes are based on an average adult diet of 8700 kJ. Your daily intakes may be higher or lower depending on your energy needs.",,https://www.coles.com.au/product/coles-kitchen-rich-beef-pie-700g-4219350,,,2024-06-18T10:11:47.928069-04:00
"Ind54SColes_ADairy, Eggs & Fridge_SA_IColes Pasta Tortellini Veal | 600g",Coles Pasta Tortellini Veal | 600g,Coles,"Dairy, Eggs & Fridge",,,,$5.50,,,$0.92 per 100g,2714289,Coles Veal Tortellini,,,"Per 100g/ml
Per Serving
%DI
Energy
1170
1760
20
Protein
12.4
18.6
37
Total Fat
7.3
11.0
16
Saturated Fat
1.2
1.8
8
Carbohydrate
39.5
59.3
19
Sugars
1.30
1.95
Sodium
258
387
17
Saturated
2.60
3.90
Energy (Cal)
281
421
Dietary Fibre (total)
3.20
4.80
Trans
0.20
0.30
* Percentage Daily Intakes are based on an average adult diet of 8700 kJ. Your daily intakes may be higher or lower depending on your energy needs.",,https://www.coles.com.au/product/coles-pasta-tortellini-veal-600g-2714289,,,2024-06-18T10:12:00.252608-04:00
"Ind54SColes_ADairy, Eggs & Fridge_SA_ILatina Fresh Beef Ravioli Pasta | 375g",Latina Fresh Beef Ravioli Pasta | 375g,Latina,"Dairy, Eggs & Fridge",,,,$8.00,,,$2.13 per 100g,5051858,,,,,,https://www.coles.com.au/product/latina-fresh-beef-ravioli-pasta-375g-5051858,,,2024-06-18T10:12:09.699159-04:00
"Ind54SColes_ADairy, Eggs & Fridge_SA_IColes Kitchen Loaded Hawaiian Pizza | 455g",Coles Kitchen Loaded Hawaiian Pizza | 455g,Coles,"Dairy, Eggs & Fridge",,,,$6.50,Pick any 2 for $12,,$1.43 per 100g,6188042,From our kitchen to yours......A pizzeria experience at home. We take a stone baked base and top it with vibrant tomato sauce before finishing with ham and pineapple. Generously topped and ready for you in minutes.,,,"Per 100g/ml
Per Serving
%DI
Energy
824.60
940.04
Protein
9.10
10.37
Carbohydrate
24.10
27.47
Sugars
5.90
6.73
Sodium
491.00
559.74
Saturated
2.40
2.74
Energy (Cal)
197.27
224.89
Fat
5.80
6.61
Dietary Fibre (total)
5.70
6.50
Trans
0.03
0.03
* Percentage Daily Intakes are based on an average adult diet of 8700 kJ. Your daily intakes may be higher or lower depending on your energy needs.",,https://www.coles.com.au/product/coles-kitchen-loaded-hawaiian-pizza-455g-6188042,,,2024-06-18T10:12:21.218797-04:00
"Ind54SColes_ADairy, Eggs & Fridge_SA_IColes Kitchen Double Pepperoni Pizza | 420g",Coles Kitchen Double Pepperoni Pizza | 420g,Coles,"Dairy, Eggs & Fridge",,,,$6.50,Pick any 2 for $12,,$1.55 per 100g,6187550,From our kitchen to yours......A pizzeria experience at home. We take a stone baked base and top it with vibrant tomato sauce before finishing with spicy pepperoni and mozzarella. Generously topped and ready for you in minutes.,,,"Per 100g/ml
Per Serving
%DI
Energy
1064.40
1117.62
Protein
11.20
11.76
Carbohydrate
31.70
33.29
Sugars
4.20
4.41
Sodium
629.00
660.45
Saturated
3.30
3.47
Energy (Cal)
254.64
267.37
Fat
8.30
8.72
Dietary Fibre (total)
3.50
3.68
Trans
0.04
0.04
* Percentage Daily Intakes are based on an average adult diet of 8700 kJ. Your daily intakes may be higher or lower depending on your energy needs.",,https://www.coles.com.au/product/coles-kitchen-double-pepperoni-pizza-420g-6187550,,,2024-06-18T10:12:32.577293-04:00
"Ind54SColes_ADairy, Eggs & Fridge_SA_IColes Kitchen Chicken Noodle Soup | 300g",Coles Kitchen Chicken Noodle Soup | 300g,Coles,"Dairy, Eggs & Fridge",,,,$4.00,,,$1.33 per 100g,3467414,"From our kitchen to yours, Coles Kitchen offers you great-tasting food that is ready when you are",,,"Per 100g/ml
Per Serving
%DI
Energy
202.50
607.50
Protein
3.30
9.90
Total Fat
2.20
6.60
Carbohydrate
3.40
10.20
Sugars
0.70
2.10
Sodium
170.00
510.00
Saturated
1.50
4.50
Energy (Cal)
48.44
145.33
Dietary Fibre (total)
0.90
2.70
Trans
0.10
0.30
* Percentage Daily Intakes are based on an average adult diet of 8700 kJ. Your daily intakes may be higher or lower depending on your energy needs.",,https://www.coles.com.au/product/coles-kitchen-chicken-noodle-soup-300g-3467414,,,2024-06-18T10:12:44.504560-04:00
"Ind54SColes_ADairy, Eggs & Fridge_SA_ILatina Protein Pasta Chicken & Pesto | 400g",Latina Protein Pasta Chicken & Pesto | 400g,Latina,"Dairy, Eggs & Fridge",,,,$9.00,,,$2.25 per 100g,7729986,"Delicious Chicken & Pesto Ravioli with 30g of protein per serve. Serves two, cooked in 5 minutes.
30g of protein per serve.

Serves two, cooked in 5 minutes.",,,,,https://www.coles.com.au/product/latina-protein-pasta-chicken-and-pesto-400g-7729986,,,2024-06-18T10:12:53.533134-04:00
"Ind54SColes_ADairy, Eggs & Fridge_SAYoufoodz_IYoufoodz Creamy Chicken Carbonara | 310g",Youfoodz Creamy Chicken Carbonara | 310g,Youfoodz,"Dairy, Eggs & Fridge",Youfoodz,Ready to eat meal,,$11.00,Pick any 2 for $16,,$3.55 per 100g,3584112,"You really can't go wrong with carbonara, so we created our very own version.

Our Creamy Chicken Carbonara features al dente fettuccine made using Australian ingredients, tender slices of chicken, pieces of ham, mushrooms and of course, a creamy cheese and garlic sauce. Sure, it's a little indulgent, but it's packed with 38 grams of protein which is absolutely good for you.",,,"Per 100g/ml
Per Serving
%DI
Energy
499 kJ
1550 kJ
Protein
9.1 g
28.1 g
Total Fat
3.7 g
11.4 g
Saturated Fat
2.1 g
6.5 g
Carbohydrate
11.7 g
36.2 g
Sugars
1.3 g
3.9 g
Sodium
462 mg
1430 mg
Energy (Cal)
119 Cal
370 Cal
Dietary Fibre (total)
1.3 g
3.9 g
* Percentage Daily Intakes are based on an average adult diet of 8700 kJ. Your daily intakes may be higher or lower depending on your energy needs.",,https://www.coles.com.au/product/youfoodz-creamy-chicken-carbonara-310g-3584112,,,2024-06-18T10:13:05.124018-04:00
"Ind54SColes_ADairy, Eggs & Fridge_SAYoufoodz_IYoufoodz Slow Cooked BBQ Beef And Mash Meal | 326g",Youfoodz Slow Cooked BBQ Beef And Mash Meal | 326g,Youfoodz,"Dairy, Eggs & Fridge",Youfoodz,Ready to eat meal,,$11.00,Pick any 2 for $16,,$3.37 per 100g,3769480,"Our BBQ Beef with Creamy Mash & Carrots is a star staple at Youfoodz. The beef in this meal is incredibly tender since it's been slow-roasted for hours then smothered in a hearty BBQ sauce of onion, carrot, capsicum, celery and garlic. It's made complete with a serve of creamy mashed potatoes and sliced carrot. The best part - for so much flavour, it's incredibly lite at just 282 calories!",,,"Per 100g/ml
Per Serving
%DI
Energy
379 kJ
1240 kJ
Protein
5.3 g
17.3 g
Total Fat
3.1 g
10.0 g
Saturated Fat
1.7 g
5.6 g
Carbohydrate
9.7 g
31.6 g
Sugars
4.0 g
13.0 g
Sodium
479 mg
1560 mg
Energy (Cal)
91 Cal
296 Cal
Dietary Fibre (total)
1.6 g
5.3 g
* Percentage Daily Intakes are based on an average adult diet of 8700 kJ. Your daily intakes may be higher or lower depending on your energy needs.",,https://www.coles.com.au/product/youfoodz-slow-cooked-bbq-beef-and-mash-meal-326g-3769480,,,2024-06-18T10:13:19.775069-04:00
"Ind54SColes_ADairy, Eggs & Fridge_SAReady to eat meals_IColes Kitchen Braised Beef & Mash | 350g",Coles Kitchen Braised Beef & Mash | 350g,Coles,"Dairy, Eggs & Fridge",Ready to eat meals,Other ready meals,,$8.00,Pick any 2 for $14,,$2.29 per 100g,3467968,"From our kitchen to yours, Coles Kitchen offers you great-tasting food that is ready when you are",,,"Per 100g/ml
Per Serving
%DI
Energy
551.70
1930.95
Protein
6.30
22.05
Total Fat
7.80
27.30
Carbohydrate
8.00
28.00
Sugars
0.90
3.15
Sodium
190.00
665.00
Saturated
4.30
15.05
Energy (Cal)
131.99
461.95
Dietary Fibre (total)
2.50
8.75
Trans
0.40
1.40
* Percentage Daily Intakes are based on an average adult diet of 8700 kJ. Your daily intakes may be higher or lower depending on your energy needs.",,https://www.coles.com.au/product/coles-kitchen-braised-beef-and-mash-350g-3467968,,,2024-06-18T10:13:30.981297-04:00
"Ind54SColes_ADairy, Eggs & Fridge_SA_IDari's Hearty Chicken Soup | 550g",Dari's Hearty Chicken Soup | 550g,Daris,"Dairy, Eggs & Fridge",,,,$5.50,,$6.80,$1.00 per 100g,1196600,"Our Hearty Chicken soup is good, honest, old-school soup, âlike grandmother used to make'. Succulent chicken, flavoursome stock, and classic vegetables combine to create a soup that takes you back to childhood. Mild in flavour yet so nutritious, delicious, and easy to eat, this soup gives you all the taste and comfort of home.",,,"Per 100g/ml
Per Serving
%DI
Energy
106
292
Protein
2.6
7.2
Total Fat
0.4
1.1
Saturated Fat
0.1
0.3
Carbohydrate
2.7
7.4
Sugars
0.8
2.2
Sodium
315
866
Energy (Cal)
25
69
Dietary Fibre (total)
0.5
1.4
Trans
0
0
* Percentage Daily Intakes are based on an average adult diet of 8700 kJ. Your daily intakes may be higher or lower depending on your energy needs.",,https://www.coles.com.au/product/dari's-hearty-chicken-soup-550g-1196600,,,2024-06-18T10:13:42.004942-04:00
"Ind54SColes_ADairy, Eggs & Fridge_SA_IColes Finest Angus Beef Ragu Ravioli | 350g",Coles Finest Angus Beef Ragu Ravioli | 350g,Coles,"Dairy, Eggs & Fridge",,,,$6.50,,,$1.86 per 100g,3920195,"Crafted by Giovanni Di Sebastiano, a traditional style pasta maker who creates authentic Italian pasta in Australia. These thin, delicate pasta sheets are filled with the finest ingredients for a delicious meal.",,,"Per 100g/ml
Per Serving
%DI
Energy
1176.8
2059.4
24
Protein
13.3
23.28
47
Total Fat
11.7
20.48
29
Saturated Fat
5.2
9.1
38
Carbohydrate
29
50.75
16
Sodium
310
542.5
24
Energy (Cal)
281.53
492.68
Potassium
240
420
Trans
0.4
0.7
Dietary Fibre
3.1
5.43
* Percentage Daily Intakes are based on an average adult diet of 8700 kJ. Your daily intakes may be higher or lower depending on your energy needs.",,https://www.coles.com.au/product/coles-finest-angus-beef-ragu-ravioli-350g-3920195,,,2024-06-18T10:13:53.031725-04:00
