idx,name,brand,aisle,subaisle,subsubaisle,size,price,multi_price,old_price,pricePerUnit,itemNum,description,serving,img_urls,item_label,item_ingredients,url,SKU,UPC,timeStamp
"Ind53SColes_ADairy, Eggs & Fridge_SAButter & margarine_IWestern Star Original Salted Butter | 250g",Western Star Original Salted Butter | 250g,Western Star,"Dairy, Eggs & Fridge",Butter & margarine,Butter,,$5.20,,,$2.08 per 100g,210590,"Crafting Butter Since 1926. Our story began in Victoria in 1926 when the leading butter makers in the Western District came together to create Western Star. Over 90 years later and trusted for generations, Western Star truly is Australia's Favourite.",,,"Per 100g/ml
Per Serving
%DI
Energy
3000kJ
150kJ
2%
Protein
<1g
<1g
0%
Total Fat
80.5g
4.0g
6%
Saturated Fat
53.1g
2.7g
11%
Carbohydrate
<1g
<1g
0%
Sugars
<1g
<1g
0%
Sodium
640mg
32mg
1%
* Percentage Daily Intakes are based on an average adult diet of 8700 kJ. Your daily intakes may be higher or lower depending on your energy needs.","Pasteurised Cream (from Milk), Salt.",https://www.coles.com.au/product/western-star-original-salted-butter-250g-210590,,,2024-06-16T20:53:53.448098-04:00
"Ind53SColes_ADairy, Eggs & Fridge_SAButter & margarine_IMainland Organic Spreadable | 250g",Mainland Organic Spreadable | 250g,Mainland,"Dairy, Eggs & Fridge",Butter & margarine,Blends,,$6.50,,,$2.60 per 100g,2458600,"Mainland butter is crafted using pure and natural New Zealand grass fed dairy.
Made with Grass Fed Butter

Certified Organic",,,"Per 100g/ml
Per Serving
%DI
Energy
3030kJ
152kJ
2%
Protein
Less than 1g
Less than 1g
0%
Total Fat
81.6g
4.1g
6%
Saturated Fat
36.9g
1.8g
8%
Carbohydrate
Less than 1g
Less than 1g
0%
Sugars
Less than 1g
Less than 1g
0%
Sodium
703mg
35mg
2%
* Percentage Daily Intakes are based on an average adult diet of 8700 kJ. Your daily intakes may be higher or lower depending on your energy needs.",,https://www.coles.com.au/product/mainland-organic-spreadable-250g-2458600,,,2024-06-16T20:54:04.620656-04:00
"Ind53SColes_ADairy, Eggs & Fridge_SAButter & margarine_IFlora Margarine Spread Buttery | 1kg",Flora Margarine Spread Buttery | 1kg,Flora,"Dairy, Eggs & Fridge",Butter & margarine,Margarine,,$6.95,,$8.95,$0.70 per 100g,3515299,"With a blend of nutritious seeds oils and just the right amount of buttermilk, Flora Buttery is a spread that gives you and your family all the benefits of plant goodness with the taste you love. It can be used for spreading, cooking and baking and is perfect for families who prefer an alternative to butter but still fancy something scrumptious. It contains 65% less saturated fat than butter and has no artificial colors or flavors.",,,"Per 100g/ml
Per Serving
%DI
Energy
2360kJ
236kJ
Protein
<1.0g
<1.0g
Total Fat
63.4g
6.3g
Saturated Fat
15.9g
1.6g
Carbohydrate
<1.0g
<1.0g
Sugars
<1.0g
<1.0g
Sodium
355mg
36mg
Vitamin E
16mg
Monounsaturated
20.3g
2.0g
Omega - 6
27.3g min
2.7g min
Polyunsaturated
26.7g
2.7g
Potassium
31mg
<5mg
Trans
0.5g
0.05g
* Percentage Daily Intakes are based on an average adult diet of 8700 kJ. Your daily intakes may be higher or lower depending on your energy needs.",,https://www.coles.com.au/product/flora-margarine-spread-buttery-1kg-3515299,,,2024-06-16T20:54:15.733247-04:00
"Ind53SColes_ADairy, Eggs & Fridge_SAButter & margarine_IFlora Margarine Spread Light | 500g",Flora Margarine Spread Light | 500g,Flora,"Dairy, Eggs & Fridge",Butter & margarine,Margarine,,$5.25,,,$1.05 per 100g,87643,"Flora Light is made with sunflower seed oil, a source of Omega 6 and Vitamin E and contains 75% less saturated fat than butter.
Flora Light margarine spread is made with sunflower seed oil and contains 75% less saturated fat than butter.",,,"Per 100g/ml
Per Serving
%DI
Energy
1780kJ
178kJ
Protein
0.1g
<0.1g
Total Fat
47.2g
4.7g
Saturated Fat
11.8g
1.2g
Carbohydrate
<1.0g
<1.0g
Sugars
<1.0g
<1.0g
Sodium
350mg
35mg
Vitamin E
11mg
Monounsaturated
15.1g
1.5g
Omega - 6
19.2g min
1.9g min
Polyunsaturated
19.9g
2.0g
Potassium
38mg
<5mg
Trans
0.4g
0.04g
* Percentage Daily Intakes are based on an average adult diet of 8700 kJ. Your daily intakes may be higher or lower depending on your energy needs.","INGREDIENTS: Water, vegetable oils (46%) (containing 39% sunflower and canola oils), thickener (potato starch), salt, emulsifiers (471, soy lecithin), milk solids, preservative (202), food acid (lactic acid), vitamins (A, D), natural flavours,natural colour (-carotene).",https://www.coles.com.au/product/flora-margarine-spread-light-500g-87643,,,2024-06-16T20:54:26.978992-04:00
"Ind53SColes_ADairy, Eggs & Fridge_SAButter & margarine_IFlora Margarine Spread Original | 1kg",Flora Margarine Spread Original | 1kg,Flora,"Dairy, Eggs & Fridge",Butter & margarine,Margarine,,$6.95,,$8.95,$0.70 per 100g,222363,"Flora Original contains the good oils (sunflower oil and canola oi) and combines that great Flora taste with essential fatty acids, and has 65% less saturated fat than butter. Flora margarine spreads easily and taste delicious. Enjoy Flora Original on toast, dollop it on hot vegetables or melt it over potatoes for a little extra indulgence. Flora Original is a source of Vitamin D and E. No artificial colours or flavours. 
Flora Original Margarine is made with sunflower seed oil and contains 65% less saturated fat than butter.
Flora Original Margarine is perfect for spreading on sandwiches and toast and has less saturated fats than butter.
Enjoy Flora Original Margarine on toast, dollop it on hot vegetables or melt it over potatoes for a little extra indulgence, but with 65% less saturated fat than butter.
Flora Original is a source of Vitamin D and E.
No artificial colours or flavours.",,,"Per 100g/ml
Per Serving
%DI
Energy
2340kJ
234kJ
Protein
<1.0g
<1.0g
Total Fat
63.1g
6.3g
Saturated Fat
15.85g
1.6g
Carbohydrate
<1.0g
<1.0g
Sugars
<1.0g
<1.0g
Sodium
450mg
45mg
Vitamin E
14mg
Monounsaturated
20.2g
2.0g
Omega - 6
25.8g min
2.6g min
Polyunsaturated
26.6g
2.7g
Potassium
30mg
<5.0mg
Trans
0.5g
0.05g
* Percentage Daily Intakes are based on an average adult diet of 8700 kJ. Your daily intakes may be higher or lower depending on your energy needs.","INGREDIENTS: Vegetable oils (63%) (containing 52% sunflower and canola oils), water, salt, milk solids, emulsifiers (471, soy lecithin), preservative (202), food acid (lactic acid), natural colours (annatto, curcumin), vitamins (A, D), natural flavours.",https://www.coles.com.au/product/flora-margarine-spread-original-1kg-222363,,,2024-06-16T20:54:38.547219-04:00
"Ind53SColes_ADairy, Eggs & Fridge_SAButter & margarine_ILurpak Butter Slightly Salted | 400g",Lurpak Butter Slightly Salted | 400g,Lurpak,"Dairy, Eggs & Fridge",Butter & margarine,Butter,,$8.00,,,$2.00 per 100g,6892143,"With Lurpak by your side you're always ready to cook, bake and fry up wonders, cook. With its delicate taste, Lurpak Slightly Salted Butter enhances the flavour of whatever food you add it to. From a hearty pasta dish, your showstopper fruit pie to some simple rustic crushed potatoes, its subtle notes complement every creation you russle up in the kitchen. For people who love Good Food, Lurpak makes it even better. Now sleeves up. Today we cook bold.
Made from 100% fresh milk

Distinctive, creamy, delicate and fresh taste.

Perfect for cooking, baking or spreading

Suitable for freezing

Suitable for vegetarians",,,"Per 100g/ml
Per Serving
%DI
Energy
3040 kJ
304 kJ
Protein
0.6g
0.06g
Total Fat
82g
8.2g
Saturated Fat
52g
5.2g
Carbohydrate
0.7g
0.07g
Sugars
0.7g
0.07g
Sodium
480mg
48mg
Energy (Cal)
739 Cal
73.9 Cal
* Percentage Daily Intakes are based on an average adult diet of 8700 kJ. Your daily intakes may be higher or lower depending on your energy needs.",,https://www.coles.com.au/product/lurpak-butter-slightly-salted-400g-6892143,,,2024-06-16T20:54:50.563836-04:00
"Ind53SColes_ADairy, Eggs & Fridge_SA_IMainland Butter Soft Salt Reduced Spreadable Butter | 375g",Mainland Butter Soft Salt Reduced Spreadable Butter | 375g,Mainland,"Dairy, Eggs & Fridge",,,,$8.00,,,$2.13 per 100g,6854745,"At Mainland we triple churn two natural ingredients, cream & salt, to create a pure & spreadable butter.
100% Pure Butter

Made to Spread

Over 50% less sodium than Mainland Buttersoft Salted.

No Oil. No Additives.",,,"Per 100g/ml
Per Serving
%DI
Energy
3070kJ
154kJ
2%
Protein
Less than 1g
Less than 1g
0%
Total Fat
82.4g
4.1g
6%
Saturated Fat
49.6g
2.5g
10%
Carbohydrate
Less than 1g
Less than 1g
0%
Sugars
Less than 1g
Less than 1g
0%
Sodium
200mg
10mg
0%
Potassium
22mg
Less than 5mg
* Percentage Daily Intakes are based on an average adult diet of 8700 kJ. Your daily intakes may be higher or lower depending on your energy needs.",,https://www.coles.com.au/product/mainland-butter-soft-salt-reduced-spreadable-butter-375g-6854745,,,2024-06-16T20:55:02.054411-04:00
"Ind53SColes_ADairy, Eggs & Fridge_SA_IHeilala Baking Vanilla Extract With Natural Flavour | 125mL",Heilala Baking Vanilla Extract With Natural Flavour | 125mL,Heilala,"Dairy, Eggs & Fridge",,,,$6.50,,$8.50,$0.52 per 10mL,3816783,"While adding flavour and fragrance to your cooking, we give back to the Tongan communities where Heilala vanilla pods are hand-picked for ripeness.
Ideal for everyday baking such as cookies and cupcakes, or any time vanilla is a complimentary flavour.
Substitute an equal amount of Baking Blend Vanilla in place of vanilla essence or paste.",,,,"Vanilla Bean Extract (Extractives in Water, Glycerine and Alcohol) 85.5%, Natural Vanilla Flavour 13.6%, Sugar 0.9%",https://www.coles.com.au/product/heilala-baking-vanilla-extract-with-natural-flavour-125ml-3816783,,,2024-06-16T20:55:11.270313-04:00
"Ind53SColes_ADairy, Eggs & Fridge_SAButter & margarine_IDevondale Regular Butter Blend | 500g",Devondale Regular Butter Blend | 500g,Devondale,"Dairy, Eggs & Fridge",Butter & margarine,Blends,,$7.50,,,$1.50 per 100g,5047613,Devondale's Extra Soft Spreadable Butter Blend starts with double churned butter for a deliciously creamy blend which spreads easy onto toast or a sandwich. - Soft spreadable butter- extra soft butter- perfect to spread on bread or toast,,,"Per 100g/ml
Per Serving
%DI
Energy
2240kJ
112kJ
Protein
<1g
<1g
Total Fat
60g
3g
Saturated Fat
26.2g
1.3g
Carbohydrate
<1g
<1g
Sugars
<1g
<1g
Sodium
370mg
19mg
* Percentage Daily Intakes are based on an average adult diet of 8700 kJ. Your daily intakes may be higher or lower depending on your energy needs.",,https://www.coles.com.au/product/devondale-regular-butter-blend-500g-5047613,,,2024-06-16T20:55:24.016449-04:00
"Ind53SColes_ADairy, Eggs & Fridge_SAButter & margarine_IMeadow Lea Original Margarine Spread | 500g",Meadow Lea Original Margarine Spread | 500g,Meadow Lea,"Dairy, Eggs & Fridge",Butter & margarine,Margarine,,$4.00,,$5.00,$0.80 per 100g,138074,"Spread Happiness Enjoy your toast and sandwiches with a tasty spread on top. MeadowLea Spread is made from natural plant seeds, making it great for both spreading onto bread and cooking a range of recipes. Made in Australia since 1939, MeadowLea Spread has become an Australian household staple. This spread contains natural colour and flavour and is a classic spread for your favourite toast toppers, ham and cheese sandwiches or for baking cakes and cookies. Made from natural plant seeds. Natural colour and flavour MeadowLea Spread has been Made in Australia since 1939. Great for toast, sandwiches, sauces, baking and savoury recipes.",,,"Per 100g/ml
Per Serving
%DI
Energy
2220kJ
111kJ
Protein
0.1g
0g
Total Fat
60g
3g
Saturated Fat
15.3g
0.8g
Carbohydrate
0.2g
0g
Sugars
0.1g
0g
Alpha-linolenic acid
4.2g
0.2g
Cholesterol
3mg
0mg
Vitamin A
1000ug
50ug
Vitamin D
10ug
0.5ug
Sodium
590mg
30mg
Monounsaturated
30g
1.5g
Dietary Fibre (total)
0g
0g
Polyunsaturated
14.3g
0.7g
Potassium
30mg
2mg
Trans
0.4g
0g
* Percentage Daily Intakes are based on an average adult diet of 8700 kJ. Your daily intakes may be higher or lower depending on your energy needs.",,https://www.coles.com.au/product/meadow-lea-original-margarine-spread-500g-138074,,,2024-06-16T20:55:35.758528-04:00
"Ind53SColes_ADairy, Eggs & Fridge_SAButter & margarine_IWestern Star Original Spreadable Butter Blend | 375g",Western Star Original Spreadable Butter Blend | 375g,Western Star,"Dairy, Eggs & Fridge",Butter & margarine,Blends,,$4.80,,$6.00,$1.28 per 100g,7716850,"We've taken the five-star Western Star taste you know and love and made it soft and spreadable. Ideal for sandwiches, toast, pancakes and more.",,,"Per 100g/ml
Per Serving
%DI
Energy
2570kJ
129kJ
2%
Protein
<1g
<1g
0
Total Fat
68.4g
3.4g
3.4g
Saturated Fat
28.0g
1.4g
7%
Carbohydrate
1.2g
<1g
0
Sugars
1.2g
<1g
0
Sodium
487mg
24mg
1%
Energy (Cal)
629Cal
32Cal
* Percentage Daily Intakes are based on an average adult diet of 8700 kJ. Your daily intakes may be higher or lower depending on your energy needs.",,https://www.coles.com.au/product/western-star-original-spreadable-butter-blend-375g-7716850,,,2024-06-16T20:55:47.115045-04:00
"Ind53SColes_ADairy, Eggs & Fridge_SAButter & margarine_IWestern Star Chef's Choice Unsalted Cultured Butter Pat | 250g",Western Star Chef's Choice Unsalted Cultured Butter Pat | 250g,Western Star,"Dairy, Eggs & Fridge",Butter & margarine,Butter,,$5.20,,,$2.08 per 100g,190100,Western Star Butter Cultured Chef's Choice 250g is a premium quality butter that's noted for its extra creamier continental taste and texture. A creamier fresh tasting butter that's versatile and ensures great results every time.,,,"Per 100g/ml
Per Serving
%DI
Energy
3090kJ
155kJ
2%
Protein
<1g
<1g
0
Total Fat
82.9g
4.1g
4.1g
Saturated Fat
54.7g
2.7g
11%
Carbohydrate
<1g
<1g
0
Sugars
<1g
<1g
0
Sodium
18mg
<5mg
0
Potassium
30mg
Less than 5mg
* Percentage Daily Intakes are based on an average adult diet of 8700 kJ. Your daily intakes may be higher or lower depending on your energy needs.",,https://www.coles.com.au/product/western-star-chef's-choice-unsalted-cultured-butter-pat-250g-190100,,,2024-06-16T20:55:58.088607-04:00
"Ind53SColes_ADairy, Eggs & Fridge_SAButter & margarine_ILurpak Butter Garlic | 125g",Lurpak Butter Garlic | 125g,Lurpak,"Dairy, Eggs & Fridge",Butter & margarine,Butter,,$3.00,,$3.50,$2.40 per 100g,1730188,"The creaminess of Lurpak with the rich taste of garlic, Lurpak with Crushed Garlic is the ideal combination. Perfect for spreading, slathering or searing; it comes in a compact 125g size with 1-inch thick blocks, making it simple to slice off only what you need.",,,"Per 100g/ml
Per Serving
%DI
Energy
2860kJ
286kJ
Protein
1.2g
0.12g
Total Fat
75g
7.5g
Saturated Fat
48g
4.8g
Carbohydrate
2.7g
0.27g
Sugars
1.6g
0.16g
Sodium
792mg
79.2mg
* Percentage Daily Intakes are based on an average adult diet of 8700 kJ. Your daily intakes may be higher or lower depending on your energy needs.",,https://www.coles.com.au/product/lurpak-butter-garlic-125g-1730188,,,2024-06-16T20:56:09.524656-04:00
"Ind53SColes_ADairy, Eggs & Fridge_SA_IFlora ProActiv Margarine Spread Buttery | 250g",Flora ProActiv Margarine Spread Buttery | 250g,Flora,"Dairy, Eggs & Fridge",,,,$5.75,,,$2.30 per 100g,2941156,"Flora ProActiv contain natural plant sterols. Eating 2g of plant sterols daily as part of a healthy diet and lifestyle has been clinically proven to lower cholesterol by up to 10%
within 21 days. May not be suitable for children under 5 years and pregnant or lactating women. There is no additional benefit when more than 3 grams per day is consumed.",,,"Per 100g/ml
Per Serving
%DI
Energy
2410kJ
241kJ
Protein
<1.0g
<1.0g
Total Fat
62.1g
6.2g
Saturated Fat
13.9g
1.4g
Carbohydrate
<1.0g
<1.0g
Sugars
<1.0g
<1.0g
Sodium
360mg
36mg
Monounsaturated
22.8g
2.3g
Polyunsaturated
27.5g
2.8g
Potassium
36mg
4mg
Trans
0.5g
0.05g
* Percentage Daily Intakes are based on an average adult diet of 8700 kJ. Your daily intakes may be higher or lower depending on your energy needs.",,https://www.coles.com.au/product/flora-proactiv-margarine-spread-buttery-250g-2941156,,,2024-06-16T20:56:20.602552-04:00
"Ind53SColes_ADairy, Eggs & Fridge_SAButter & margarine_IFairy Cooking Margarine | 250g",Fairy Cooking Margarine | 250g,Fairy,"Dairy, Eggs & Fridge",Butter & margarine,Margarine,,$2.60,,,$1.04 per 100g,189279,"Fairy is a specialty blend cooking margarine that has been used by Australian families since since the 1930's. It's a fail proof traditional margarine for home baking & cooking and it's special blend of animal fats produces outstanding baking results. From birthday parties, to baking at home with the family, Fairy Margarine is ideal for baking cakes, puddings, icings, Anzac biscuits and more. Fairy is Australian made and owned and with exceptional quality remains true to its heritage.",,,"Per 100g/ml
Per Serving
%DI
Energy
3040kJ
304kJ
Protein
<1g
<1g
0%
Total Fat
81.7g
8.2g
0%
Saturated Fat
37.4g
3.7g
0%
Carbohydrate
<1g
<1g
0%
Sugars
<1g
<1g
0%
Sodium
1300mg
130mg
0%
Trans
3.4g
0.3g
0%
* Percentage Daily Intakes are based on an average adult diet of 8700 kJ. Your daily intakes may be higher or lower depending on your energy needs.",,https://www.coles.com.au/product/fairy-cooking-margarine-250g-189279,,,2024-06-16T20:56:31.729555-04:00
"Ind53SColes_ADairy, Eggs & Fridge_SAButter & margarine_IWestgold Butter Infused Garlic & Parsley | 100g",Westgold Butter Infused Garlic & Parsley | 100g,Westgold,"Dairy, Eggs & Fridge",Butter & margarine,Butter,,$2.80,,,$2.80 per 100g,7085089,"This deliciously infused butter adds flair to your cooking with a roasted garlicky punch and fresh parsley bite.

Our creamy butter starts its journey on the rugged West Coast of New Zealand's South Island. Home to lush, green pastures, it's the perfect place to make the finest dairy products.",,,"Per 100g/ml
Per Serving
%DI
Energy
2940kJ
147
Protein
1
<1
Total Fat
76.8
3.8
Saturated Fat
56.5
2.8
Carbohydrate
4.9
<1
Sugars
<1
<1
Sodium
720
36
* Percentage Daily Intakes are based on an average adult diet of 8700 kJ. Your daily intakes may be higher or lower depending on your energy needs.",,https://www.coles.com.au/product/westgold-butter-infused-garlic-and-parsley-100g-7085089,,,2024-06-16T20:56:42.874230-04:00
"Ind53SColes_ADairy, Eggs & Fridge_SAButter & margarine_IColes Simply Salted Butter | 250g",Coles Simply Salted Butter | 250g,Coles,"Dairy, Eggs & Fridge",Butter & margarine,Butter,,$3.70,,,$1.48 per 100g,3169835,"Coles Dairy salted butter, 250g. A rich, smooth and creamy butter. Ideal for toasts and sandwiches. Product of New Zealand.",,,"Per 100g/ml
Per Serving
%DI
Energy
3042.40
152.12
Protein
0.60
0.03
Saturated Fat
53.1
2.7
11
Carbohydrate
1.20
0.06
Sugars
0.50
0.03
Sodium
540.00
27.00
Saturated
56.30
2.82
Energy (Cal)
727.85
36.39
Fat
81.40
4.07
Dietary Fibre (total)
0.00
0.00
* Percentage Daily Intakes are based on an average adult diet of 8700 kJ. Your daily intakes may be higher or lower depending on your energy needs.",,https://www.coles.com.au/product/coles-simply-salted-butter-250g-3169835,,,2024-06-16T20:56:53.831327-04:00
"Ind53SColes_ADairy, Eggs & Fridge_SAButter & margarine_IColes Cholesterol Lowering Spread | 500g",Coles Cholesterol Lowering Spread | 500g,Coles,"Dairy, Eggs & Fridge",Butter & margarine,Margarine,,$5.00,,,$1.00 per 100g,3162734,Coles Dairy 500g cholesterol lowering spread. This spread actively lowers cholesterol absorption and is enriched with natural phytosterols.,,,"Per 100g/ml
Per Serving
%DI
Energy
2383.22
238.32
Protein
0.20
0.02
Total Fat
64.00
6.40
Carbohydrate
0.20
0.02
Sugars
0.20
0.02
Saturated
15.50
1.55
Phytosterols
8.00
0.80
Sodium
360.00
36.00
Monounsaturated
33.10
3.31
Energy (Cal)
570.15
57.01
Dietary Fibre (total)
0.10
0.01
Polyunsaturated
15.00
1.50
Trans
0.20
0.02
* Percentage Daily Intakes are based on an average adult diet of 8700 kJ. Your daily intakes may be higher or lower depending on your energy needs.",,https://www.coles.com.au/product/coles-cholesterol-lowering-spread-500g-3162734,,,2024-06-16T20:57:04.962585-04:00
"Ind53SColes_ADairy, Eggs & Fridge_SAButter & margarine_IAllowrie Butter Pat | 250g",Allowrie Butter Pat | 250g,Allowrie,"Dairy, Eggs & Fridge",Butter & margarine,Butter,,$5.20,,,$2.08 per 100g,195158,Allowrie Salted Butter 250g,,,"Per 100g/ml
Per Serving
%DI
Energy
3060 kJ
153 kJ
2%
Protein
Less than 1 g
Less than 1 g
0
Total Fat
82.2 g
4.1 g
6%
Saturated Fat
54.2 g
2.7 g
11%
Carbohydrate
Less than 1 g
Less than 1 g
0
Sugars
Less than 1 g
Less than 1 g
0
Sodium
640 mg
32 mg
1%
* Percentage Daily Intakes are based on an average adult diet of 8700 kJ. Your daily intakes may be higher or lower depending on your energy needs.",,https://www.coles.com.au/product/allowrie-butter-pat-250g-195158,,,2024-06-16T20:57:16.705051-04:00
"Ind53SColes_ADairy, Eggs & Fridge_SAButter & margarine_IWestern Star Spreadable Blend Reduced Salt | 500g",Western Star Spreadable Blend Reduced Salt | 500g,Western Star,"Dairy, Eggs & Fridge",Butter & margarine,Blends,,$7.00,,,$1.40 per 100g,7716113,"Enjoy the five star quality and taste of Western Star Original spreadable, with less salt. Ideal for those watching their salt intake.",,,"Per 100g/ml
Per Serving
%DI
Energy
2570kJ
129kJ
2%
Protein
<1g
<1g
0
Total Fat
68.4g
3.4g
3.4g
Saturated Fat
28.1g
1.4g
7%
Carbohydrate
1.2g
<1g
0
Sugars
1.2g
<1g
0
Sodium
285mg
14mg
1%
Energy (Cal)
629Cal
32Cal
Potassium
70mg
LESS THAN 5mg
* Percentage Daily Intakes are based on an average adult diet of 8700 kJ. Your daily intakes may be higher or lower depending on your energy needs.",,https://www.coles.com.au/product/western-star-spreadable-blend-reduced-salt-500g-7716113,,,2024-06-16T20:57:27.717756-04:00
"Ind53SColes_ADairy, Eggs & Fridge_SAButter & margarine_ILurpak Butter Lighter Spreadable Slightly Salted | 250g",Lurpak Butter Lighter Spreadable Slightly Salted | 250g,Lurpak,"Dairy, Eggs & Fridge",Butter & margarine,Blends,,$5.50,,,$2.20 per 100g,7175363,"Lighter*
*25% less fat than Lurpak Spreadable.
Lurpak Lighter Spreadable gives you the best of both worlds. The slightly salted Lurpak taste you love, but with 25% less saturated fat. Smother over a hot jacket potato or add to gravy for extra glossiness.",,,"Per 100g/ml
Per Serving
%DI
Energy
2120kJ
212kJ
Protein
0.3g
0.03g
Total Fat
57g
5.7g
Saturated Fat
22g
2.2g
Carbohydrate
0.4g
0.04g
Sugars
0.4g
0.04g
Sodium
363mg
36mg
Potassium
10mg
1mg
* Percentage Daily Intakes are based on an average adult diet of 8700 kJ. Your daily intakes may be higher or lower depending on your energy needs.",,https://www.coles.com.au/product/lurpak-butter-lighter-spreadable-slightly-salted-250g-7175363,,,2024-06-16T20:57:38.691772-04:00
"Ind53SColes_ADairy, Eggs & Fridge_SAButter & margarine_IDevondale Regular Butter | 500g",Devondale Regular Butter | 500g,Devondale,"Dairy, Eggs & Fridge",Butter & margarine,Blends,,$7.50,,,$1.50 per 100g,5017500,"Devondale's Dairy Soft Spreadable Butter Blend starts with double churned butter for a deliciously creamy blend, the perfect addition to just about anything. Pop it on your morning toast, bread for your kids sandwich or crackers. The delicious Devondale taste is perfect for spreading.- soft spreadable butter- perfect to spread on bread or toast",,,"Per 100g/ml
Per Serving
%DI
Energy
2460kJ
123kJ
Protein
<1g
<1g
Total Fat
66g
3.3g
Saturated Fat
32g
1.6g
Carbohydrate
<1g
<1g
Sugars
<1g
<1g
Sodium
530mg
27mg
* Percentage Daily Intakes are based on an average adult diet of 8700 kJ. Your daily intakes may be higher or lower depending on your energy needs.",,https://www.coles.com.au/product/devondale-regular-butter-500g-5017500,,,2024-06-16T20:57:50.286216-04:00
"Ind53SColes_ADairy, Eggs & Fridge_SAButter & margarine_IYork Foods Lard | 250g",York Foods Lard | 250g,York Foods,"Dairy, Eggs & Fridge",Butter & margarine,Alternative Spreads,,$4.50,,,$1.80 per 100g,2256468,"York foods Lard is the secret ingredients chefs use to make the perfect pastry and cakes. This one is made the traditional way. Whether you're looking to add depth of flavour to roasts or want to relive your memories from your youth when grandma baked Sunday dessert, we really can't stress enough that a jar of lard and dripping should be added to your larder.
Non-Homogenised
Non-Deodorised
Non-Hydrogenated
Australian made.",,,,Pork Fat.,https://www.coles.com.au/product/york-foods-lard-250g-2256468,,,2024-06-16T20:57:59.521615-04:00
"Ind53SColes_ADairy, Eggs & Fridge_SAButter & margarine_IMainland Garlic & Herb Spreadable Blend | 140g",Mainland Garlic & Herb Spreadable Blend | 140g,Mainland,"Dairy, Eggs & Fridge",Butter & margarine,Blends,,$3.60,,$4.00,$2.57 per 100g,6820379,"Spread it on a crusty baguette for homemade garlic bread, use it as a finishing touch on a steak or elevate your favourite vegetables. The options are endless!
Made with New Zealand Grass Fed Butter",,,"Per 100g/ml
Per Serving
%DI
Energy
2970kJ
149kJ
2%
Protein
Less than 1g
Less than 1g
0%
Total Fat
79.0g
4.0g
6%
Saturated Fat
34.6g
1.7g
7%
Carbohydrate
2.0g
Less than 1g
0%
Sugars
Less than 1g
Less than 1g
0%
Sodium
888mg
44mg
2%
Monounsaturated
0
0
0
Energy (Cal)
0
0
0
Dietary Fibre (total)
0
0
0
Polyunsaturated
0
0
0
Trans
0
0
0
* Percentage Daily Intakes are based on an average adult diet of 8700 kJ. Your daily intakes may be higher or lower depending on your energy needs.",,https://www.coles.com.au/product/mainland-garlic-and-herb-spreadable-blend-140g-6820379,,,2024-06-16T20:58:10.720316-04:00
"Ind53SColes_ADairy, Eggs & Fridge_SAButter & margarine_ILurpak Butter Unsalted | 400g",Lurpak Butter Unsalted | 400g,Lurpak,"Dairy, Eggs & Fridge",Butter & margarine,Butter,,$8.00,,,$2.00 per 100g,6892100,"With Lurpak by your side you're always ready to cook, bake and fry up wonders, cook. With its delicate taste, Lurpak Unsalted Butter enhances the flavour of whatever food you add it to. From a hearty risotto dish, your weekend baking creations to some simple earthy mushrooms, its subtle notes complement every creation you russle up in the kitchen. For people who love Good Food, Lurpak makes it even better. Now sleeves up. Today we cook bold.
Made from 100% fresh milk

No added salt

Distinctive, creamy, delicate and fresh taste.

Perfect for cooking, baking or spreading

Suitable for freezing

Suitable for vegetarians.",,,"Per 100g/ml
Per Serving
%DI
Energy
3070 kJ
307 kJ
Protein
0.6g
0.06g
Total Fat
82g
8.2g
Saturated Fat
53g
5.3g
Carbohydrate
0.7g
0.07g
Sugars
0.7g
0.07g
Sodium
0g
0g
Energy (Cal)
747 Cal
74.7 Cal
* Percentage Daily Intakes are based on an average adult diet of 8700 kJ. Your daily intakes may be higher or lower depending on your energy needs.",,https://www.coles.com.au/product/lurpak-butter-unsalted-400g-6892100,,,2024-06-16T20:58:21.900659-04:00
"Ind53SColes_ADairy, Eggs & Fridge_SAButter & margarine_IWestern Star Supersoft Spreadable Butter Blend | 500g",Western Star Supersoft Spreadable Butter Blend | 500g,Western Star,"Dairy, Eggs & Fridge",Butter & margarine,Blends,,$7.00,,,$1.40 per 100g,9615296,We've taken Australia's favourite Western Star taste and created our softest dairy spread. Ideal for spreading on the freshest of bread.,,,"Per 100g/ml
Per Serving
%DI
Energy
2190kJ
110kJ
1%
Protein
<1g
<1g
0
Total Fat
58.4g
2.9g
2.9g
Saturated Fat
24.7g
1.2g
5%
Carbohydrate
<1g
<1g
0
Sugars
<1g
<1g
0
Sodium
481mg
24mg
1%
Energy (Cal)
524Cal
26Cal
* Percentage Daily Intakes are based on an average adult diet of 8700 kJ. Your daily intakes may be higher or lower depending on your energy needs.",,https://www.coles.com.au/product/western-star-supersoft-spreadable-butter-blend-500g-9615296,,,2024-06-16T20:58:32.987382-04:00
"Ind53SColes_ADairy, Eggs & Fridge_SAButter & margarine_IColes Buttery Blend Spread | 500g",Coles Buttery Blend Spread | 500g,Coles,"Dairy, Eggs & Fridge",Butter & margarine,Blends,,$4.90,,,$0.98 per 100g,5469035,"Coles original butter blend, 500g. Australian made soft and spreadable butter, perfect for sandwiches and toast.",,,"Per 100g/ml
Per Serving
%DI
Energy
2062.30
206.23
Protein
0.10
0.01
Carbohydrate
0.40
0.04
Sugars
0.40
0.04
Sodium
383.00
38.30
Saturated
17.30
1.73
Monounsaturated
26.20
2.62
Energy (Cal)
493.37
49.34
Fat
55.40
5.54
Dietary Fibre (total)
0.50
0.05
Polyunsaturated
11.30
1.13
Trans
0.60
0.06
* Percentage Daily Intakes are based on an average adult diet of 8700 kJ. Your daily intakes may be higher or lower depending on your energy needs.",,https://www.coles.com.au/product/coles-buttery-blend-spread-500g-5469035,,,2024-06-16T20:58:43.982992-04:00
"Ind53SColes_ADairy, Eggs & Fridge_SAButter & margarine_IColes Simply Unsalted Butter | 250g",Coles Simply Unsalted Butter | 250g,Coles,"Dairy, Eggs & Fridge",Butter & margarine,Butter,,$3.70,,,$1.48 per 100g,3169879,"Coles Dairy unsalted butter, 250g. A rich, smooth and creamy butter. Ideal for baking your favourite cakes and adding and buttery goodness to your favourite savoury dishes. Product of New Zealand.",,,"Per 100g/ml
Per Serving
%DI
Energy
3083.90
154.20
Protein
1.00
0.05
Carbohydrate
1.50
0.08
Sugars
0.60
0.03
Sodium
6.00
0.30
Saturated
58.30
2.92
Energy (Cal)
737.78
36.89
Fat
82.20
4.11
Dietary Fibre (total)
0.00
0.00
* Percentage Daily Intakes are based on an average adult diet of 8700 kJ. Your daily intakes may be higher or lower depending on your energy needs.",,https://www.coles.com.au/product/coles-simply-unsalted-butter-250g-3169879,,,2024-06-16T20:58:55.359535-04:00
"Ind53SColes_ADairy, Eggs & Fridge_SAButter & margarine_IFlora Margarine Spread Original | 500g",Flora Margarine Spread Original | 500g,Flora,"Dairy, Eggs & Fridge",Butter & margarine,Margarine,,$5.25,,,$1.05 per 100g,189406,"Flora Original contains the good oils (sunflower oil and canola oi) and combines that great Flora taste with essential fatty acids, and has 65% less saturated fat than butter. Flora margarine spreads easily and taste delicious. Enjoy Flora Original on toast, dollop it on hot vegetables or melt it over potatoes for a little extra indulgence. Flora Original is a source of Vitamin D and E. No artificial colours or flavours. 
Flora Original margarine is made with sunflower seed oil and contains 65% less saturated fat than butter.
Flora Original margarine is perfect for families who prefer an alternative with less saturated fat than butter.
Enjoy Flora Original margarine on toast, dollop it on hot vegetables or melt it over potatoes for a little extra indulgence, but with 65% less saturated fat than butter.
Flora Original is a source of Vitamin D and E.
No artificial colours or flavours.",,,"Per 100g/ml
Per Serving
%DI
Energy
2340kJ
234kJ
Protein
<1.0g
<1.0g
Total Fat
63.1g
6.3g
Saturated Fat
15.8g
1.6g max
Carbohydrate
<1.0g
<1.0g
Sugars
<1.0g
<1.0g
Sodium
450mg
45mg
Vitamin E
14mg
Monounsaturated
20.2g min
2.0g min
Omega - 6
25.8g min
2.6g min
Polyunsaturated
26.6g min
2.7g min
Potassium
30mg
<5.0mg
Trans
0.5g
0.05g
* Percentage Daily Intakes are based on an average adult diet of 8700 kJ. Your daily intakes may be higher or lower depending on your energy needs.",,https://www.coles.com.au/product/flora-margarine-spread-original-500g-189406,,,2024-06-16T20:59:06.170530-04:00
"Ind53SColes_ADairy, Eggs & Fridge_SAButter & margarine_INuttelex Baking Blend Vegan Margarine | 500g",Nuttelex Baking Blend Vegan Margarine | 500g,Nuttelex,"Dairy, Eggs & Fridge",Butter & margarine,Blends,,$5.60,,,$1.12 per 100g,6804893,"Made for all the bakers, creators & kitchen heroes who asked us for an extra rich, plant-based & allergy-friendly baking-blend to create the best buttercream frosting, cakes, biscuits and pastries. Brimming with buttery flavour it's also perfect on roasts, toast and sandwiches too.",,,"Per 100g/ml
Per Serving
%DI
Energy
2900kJ
2900kJ
Protein
0g
0g
Total Fat
80g
80g
Saturated Fat
20.4g
20.4g
Carbohydrate
0g
0g
Sugars
0g
0g
Lactose
0g
0g
Sodium
340mg
340mg
Monounsaturated
39.8g
39.8g
Dietary Fibre (total)
0g
0g
Polyunsaturated
19.4g
19.4g
Galactose
0g
0g
Gluten
0mg
0mg
Trans
0.4g
0.4g
* Percentage Daily Intakes are based on an average adult diet of 8700 kJ. Your daily intakes may be higher or lower depending on your energy needs.",,https://www.coles.com.au/product/nuttelex-baking-blend-vegan-margarine-500g-6804893,,,2024-06-16T20:59:18.142203-04:00
"Ind53SColes_ADairy, Eggs & Fridge_SAButter & margarine_IGreat Ocean Road Pat Butter Unsalted | 250g",Great Ocean Road Pat Butter Unsalted | 250g,Great Ocean Road,"Dairy, Eggs & Fridge",Butter & margarine,Butter,,$6.00,,,$2.40 per 100g,3783775,"Rich and creamy butter, just how it should be.Born on the Great Ocean Road in Victoria, our products are made with 100% Australian milk sourced predominately from farmers in South West Victoria.- Unsalted Butter",,,"Per 100g/ml
Per Serving
%DI
Energy
3110kJ
156kJ
Protein
<1g
<1g
Total Fat
83.3g
4.2g
Saturated Fat
58.3g
2.9g
Carbohydrate
<1g
<1g
Sugars
<1g
<1g
Sodium
6mg
<5mg
* Percentage Daily Intakes are based on an average adult diet of 8700 kJ. Your daily intakes may be higher or lower depending on your energy needs.","Cream (from Milk),Water. Contains Milk.",https://www.coles.com.au/product/great-ocean-road-pat-butter-unsalted-250g-3783775,,,2024-06-16T20:59:29.049954-04:00
"Ind53SColes_ADairy, Eggs & Fridge_SAButter & margarine_IColes Simply Regular Spread | 1kg",Coles Simply Regular Spread | 1kg,Coles,"Dairy, Eggs & Fridge",Butter & margarine,Margarine,,$3.30,,,$0.33 per 100g,5428639,"Coles Regular spread, 1kg tub. Dairy free, suitable for vegetarians, spread perfect in sandwiches or on toast.",,,"Per 100g/ml
Per Serving
%DI
Energy
1927.06
192.71
Protein
0.09
0.01
Carbohydrate
0.09
0.01
Sugars
0.09
0.01
Sodium
340.00
34.00
Saturated
11.80
1.18
Monounsaturated
27.40
2.74
Energy (Cal)
461.02
46.10
Fat
52.00
5.20
Dietary Fibre (total)
0.00
0.00
Polyunsaturated
12.60
1.26
Trans
0.20
0.02
* Percentage Daily Intakes are based on an average adult diet of 8700 kJ. Your daily intakes may be higher or lower depending on your energy needs.",,https://www.coles.com.au/product/coles-simply-regular-spread-1kg-5428639,,,2024-06-16T20:59:42.354134-04:00
"Ind53SColes_ADairy, Eggs & Fridge_SAButter & margarine_IFlora ProActiv Margarine Spread Original | 250g",Flora ProActiv Margarine Spread Original | 250g,Flora,"Dairy, Eggs & Fridge",Butter & margarine,Margarine,,$5.75,,,$2.30 per 100g,8146940,"This contains 2g of plant sterols, the optimal amount per day proven to lower cholesterol.
More than 3g of plant sterols per day do not provide additional benefits. If you are on cholesterol lowering medication please consult your doctor while using Flora ProActiv. ",,,"Per 100g/ml
Per Serving
%DI
Energy
2390kJ
239kJ
Protein
<1.0g
<1.0g
Total Fat
62.0g
6.2g
Saturated Fat
13.5
1.4g
Carbohydrate
<1.0g
<1.0g
Sugars
<1.0g
<1.0g
Sodium
360mg
36mg
Monounsaturated
22.8g
2.3g
Polyunsaturated
27.5g
2.8g
Potassium
27mg
3mg
Trans
0.5g
0.05g
* Percentage Daily Intakes are based on an average adult diet of 8700 kJ. Your daily intakes may be higher or lower depending on your energy needs.",,https://www.coles.com.au/product/flora-proactiv-margarine-spread-original-250g-8146940,,,2024-06-16T20:59:53.603962-04:00
"Ind53SColes_ADairy, Eggs & Fridge_SAButter & margarine_ILurpak Butter Spreadable Slightly Salted | 400g",Lurpak Butter Spreadable Slightly Salted | 400g,Lurpak,"Dairy, Eggs & Fridge",Butter & margarine,Blends,,$7.50,,,$1.88 per 100g,5376659,"There for as soon as the toast pops up, Lurpak® Spreadable Slightly Salted has become a modern classic and kitchen staple with its distinct Lurpak® taste. It is perfect for mixing with fresh ingredients such as chives or parsley to create flavoured butters.",,,"Per 100g/ml
Per Serving
%DI
Energy
2900kJ
725kJ
Protein
<1g
<1g
Total Fat
78g
19.5g
Saturated Fat
35g
8.75g
Carbohydrate
<1g
<1g
Sugars
<1g
<1g
Sodium
360mg
90mg
* Percentage Daily Intakes are based on an average adult diet of 8700 kJ. Your daily intakes may be higher or lower depending on your energy needs.",Made from Natural Ingredients with added Vitamin D.,https://www.coles.com.au/product/lurpak-butter-spreadable-slightly-salted-400g-5376659,,,2024-06-16T21:00:06.070983-04:00
"Ind53SColes_ADairy, Eggs & Fridge_SAButter & margarine_INuttelex Original Spread | 500g",Nuttelex Original Spread | 500g,Nuttelex,"Dairy, Eggs & Fridge",Butter & margarine,Margarine,,$5.20,,,$1.04 per 100g,209161,"Australia's Original vegan and vegetarian plant based spread. The perfect all-rounder for spreading, baking and cooking delivers 70% less saturated fat and 50% less salt than butter. Naturally free from artificial colours and flavours #Vegan #Dairyfree #Lactosefree #Cholesterolfreeoils #Nutoilfree #Saltreduced #Glutenfree #GMFree",,,"Per 100g/ml
Per Serving
%DI
Energy
2400kJ
240kJ
0%
Protein
0g
0g
0%
Total Fat
63g
6.3g
0%
Saturated Fat
16.3g
1.6g
0%
Carbohydrate
0g
0g
0%
Sugars
0g
0g
0%
Cholesterol
0mg
0mg
0%
Vitamin A
1100ug
110ug
15%
Lactose
0g
0g
0%
Vitamin D
10ug
1ug
10%
Sodium
340mg
34mg
0%
Vitamin E
30mg
3mg
30%
Monounsaturated
29.1g
2.9g
0%
Dietary Fibre (total)
0g
0g
Polyunsaturated
17.5g
1.8g
0%
Galactose
0g
0g
Gluten
0mg
0mg
0%
Potassium
10mg
1mg
0%
Trans
0.1g
0.01g
0%
* Percentage Daily Intakes are based on an average adult diet of 8700 kJ. Your daily intakes may be higher or lower depending on your energy needs.",,https://www.coles.com.au/product/nuttelex-original-spread-500g-209161,,,2024-06-16T21:00:17.507870-04:00
"Ind53SColes_ADairy, Eggs & Fridge_SAButter & margarine_IGreat Ocean Road Pat Butter Sea Salt | 250g",Great Ocean Road Pat Butter Sea Salt | 250g,Great Ocean Road,"Dairy, Eggs & Fridge",Butter & margarine,Butter,,$6.00,,,$2.40 per 100g,3783764,"Rich and creamy butter, just how it should be.Born on the Great Ocean Road in Victoria, our products are made with 100% Australian milk sourced predominately from farmers in South West Victoria.- Salted butter- Made with Sea Salt",,,"Per 100g/ml
Per Serving
%DI
Energy
3020kJ
151kJ
Protein
<1g
<1g
Total Fat
81g
4.1g
Saturated Fat
56.7g
2.8g
Carbohydrate
<1g
<1g
Sugars
<1g
<1g
Sodium
623mg
31mg
* Percentage Daily Intakes are based on an average adult diet of 8700 kJ. Your daily intakes may be higher or lower depending on your energy needs.",,https://www.coles.com.au/product/great-ocean-road-pat-butter-sea-salt-250g-3783764,,,2024-06-16T21:00:28.624191-04:00
"Ind53SColes_ADairy, Eggs & Fridge_SAButter & margarine_IFlora ProActiv Margarine Spread Light | 500g",Flora ProActiv Margarine Spread Light | 500g,Flora,"Dairy, Eggs & Fridge",Butter & margarine,Margarine,,$7.50,,$10.00,$1.50 per 100g,9410760,"Flora ProActiv contain natural plant sterols. Eating 2g of plant sterols daily as part of a healthy diet and lifestyle has been clinically proven to lower cholesterol by up to 10%
within 21 days. May not be suitable for children under 5 years and pregnant or lactating women. There is no additional benefit when more than 3 grams per day is consumed.",,,"Per 100g/ml
Per Serving
%DI
Energy
1540kJ/100g
154kJ
Protein
<0.1g/100g
<0.1g
Total Fat
40.5g/100g
4.1g
Saturated Fat
9.0g/100g
0.9g
Carbohydrate
1.9g/100g
0.2g
Sugars
0.1g/100g
<0.1g
Sodium
360mg/100g
36mg
Monounsaturated
14.3g
1.4g
Polyunsaturated
16.9g
1.7g
Potassium
38mg
4mg
Trans
0.4g
0.04g
* Percentage Daily Intakes are based on an average adult diet of 8700 kJ. Your daily intakes may be higher or lower depending on your energy needs.",,https://www.coles.com.au/product/flora-proactiv-margarine-spread-light-500g-9410760,,,2024-06-16T21:00:41.486702-04:00
"Ind53SColes_ADairy, Eggs & Fridge_SAButter & margarine_IThe Organic Milk Company Unsalted Butter | 250g",The Organic Milk Company Unsalted Butter | 250g,The Organic Milk Company,"Dairy, Eggs & Fridge",Butter & margarine,Butter,,$5.80,,,$2.32 per 100g,3780664,"The Organic Milk Company Unsalted Butter, 250g. Made from Australian Organic dairy milk. Perfect for baking.",,,"Per 100g/ml
Per Serving
%DI
Energy
3040
152
Total Fat
81.5
4.1
Saturated Fat
53.8
2.7
Carbohydrate
0
0
Sugars
0
0
Sodium
10
1
Saturated
53.8 g
2.7 g
* Percentage Daily Intakes are based on an average adult diet of 8700 kJ. Your daily intakes may be higher or lower depending on your energy needs.",,https://www.coles.com.au/product/the-organic-milk-company-unsalted-butter-250g-3780664,,,2024-06-16T21:00:52.554954-04:00
"Ind53SColes_ADairy, Eggs & Fridge_SAButter & margarine_IWestgold Unsalted Butter | 400g",Westgold Unsalted Butter | 400g,Westgold,"Dairy, Eggs & Fridge",Butter & margarine,Butter,,$5.80,,,$1.45 per 100g,7085056,"Whether you're baking up a storm or slathering it on your morning toast, there are so many ways for the rich flavours and indulgent-as textures of Westgold Butter to make your next meal, snack or treat extraordinary. Sourced from the lush, rain-drenched pastures of the wild West Coast of New Zealand's South Island, and traditionally churned with zero 'processing', chemicals or artificials - it's ridiculously creamy and wildly rich - just as nature intended.",,,,,https://www.coles.com.au/product/westgold-unsalted-butter-400g-7085056,,,2024-06-16T21:01:01.478793-04:00
"Ind53SColes_ADairy, Eggs & Fridge_SADairy, chilled & frozen_IDevondale Salted Butter | 250g",Devondale Salted Butter | 250g,Devondale,"Dairy, Eggs & Fridge","Dairy, chilled & frozen",Spreads & dips,,$4.50,,,"$1.80 per 100g
Was $5.30 on May 2024",1778617,"Devondale's Salted Butter is the perfect choice for all your cooking and baking needs. Devondale butter is double churned to ensure a creamy taste and a rich, high quality texture with a touch of salt. A delicious addition to your kitchen.- salted butter block- perfect for cooking butter or melting for spreadable butter",,,"Per 100g/ml
Per Serving
%DI
Energy
3020kJ
151kJ
Protein
<1g
<1g
Total Fat
81g
4.1g
Saturated Fat
55.1g
2.8g
Carbohydrate
<1g
<1g
Sugars
<1g
<1g
Sodium
695mg
35mg
* Percentage Daily Intakes are based on an average adult diet of 8700 kJ. Your daily intakes may be higher or lower depending on your energy needs.",,https://www.coles.com.au/product/devondale-salted-butter-250g-1778617,,,2024-06-16T21:01:12.331776-04:00
"Ind53SColes_ADairy, Eggs & Fridge_SAButter & margarine_IWestern Star Spreadable Butter Blend | 375g",Western Star Spreadable Butter Blend | 375g,Western Star,"Dairy, Eggs & Fridge",Butter & margarine,Blends,,$4.80,,$6.00,$1.28 per 100g,9615263,We've taken Australia's favourite Western Star taste and created our softest dairy spread. Ideal for spreading on the freshest of bread.,,,"Per 100g/ml
Per Serving
%DI
Energy
2190kJ
110kJ
1%
Protein
<1g
<1g
0
Total Fat
58.4g
2.9g
2.9g
Saturated Fat
24.7g
1.2g
5%
Carbohydrate
<1g
<1g
0
Sugars
<1g
<1g
0
Sodium
481mg
24mg
1%
Energy (Cal)
524Cal
26Cal
* Percentage Daily Intakes are based on an average adult diet of 8700 kJ. Your daily intakes may be higher or lower depending on your energy needs.",,https://www.coles.com.au/product/western-star-spreadable-butter-blend-375g-9615263,,,2024-06-16T21:01:23.854667-04:00
"Ind53SColes_ADairy, Eggs & Fridge_SAButter & margarine_IColes Dairy Unsalted Butter Pat | 250g",Coles Dairy Unsalted Butter Pat | 250g,Coles,"Dairy, Eggs & Fridge",Butter & margarine,Butter,,$4.30,,,$1.72 per 100g,46883,Australian MadeButterUnsalted,,,"Per 100g/ml
Per Serving
%DI
Energy
3110
156
2
Protein
0.70
0.04
0
Total Fat
83.3
4.2
6
Saturated Fat
57.9
2.9
12
Carbohydrate
1.0
LESS THAN 1g
0
Sugars
0.70
0.04
0
Sodium
5
LESS THAN 5mg
0
Energy (Cal)
744
37
Dietary Fibre (total)
0.10
0.01
0
Potassium
20
LESS THAN 5mg
* Percentage Daily Intakes are based on an average adult diet of 8700 kJ. Your daily intakes may be higher or lower depending on your energy needs.",,https://www.coles.com.au/product/coles-dairy-unsalted-butter-pat-250g-46883,,,2024-06-16T21:01:35.101721-04:00
"Ind53SColes_ADairy, Eggs & Fridge_SAButter & margarine_IWestgold Salted Butter | 400g",Westgold Salted Butter | 400g,Westgold,"Dairy, Eggs & Fridge",Butter & margarine,Butter,,$5.80,,,$1.45 per 100g,7075278,"Whether you're cooking up a storm or slathering it on your morning toast, there are so many ways for the rich flavours and indulgent-as textures of Westgold Butter to make your next meal, snack or treat extraordinary. Sourced from the lush, rain-drenched pastures of the wild West Coast of New Zealand's South Island, and traditionally churned with zero 'processing', chemicals or artificials - it's ridiculously creamy and wildly rich - just as nature intended.",,,,,https://www.coles.com.au/product/westgold-salted-butter-400g-7075278,,,2024-06-16T21:01:44.536746-04:00
"Ind53SColes_ADairy, Eggs & Fridge_SAButter & margarine_IWestern Star Spreadable Blend Regular Salt Reduced | 375g",Western Star Spreadable Blend Regular Salt Reduced | 375g,Western Star,"Dairy, Eggs & Fridge",Butter & margarine,Blends,,$4.80,,$6.00,$1.28 per 100g,7716827,"Enjoy the five-star quality and taste of Western Star Original spreadable, with 40% less salt than Western Star Spreadable Original*.

Soft‘n'Less Salt is the lowest salt spreadable in the Western Star family, perfect for sandwiches. Ideal for those watching their salt intake.",,,"Per 100g/ml
Per Serving
%DI
Energy
2570kJ
129kJ
2%
Protein
<1g
<1g
0%
Total Fat
68.4g
3.4g
5%
Saturated Fat
28.1g
1.4g
7%
Carbohydrate
1.2g
<1g
0%
Sugars
1.2g
<1g
0%
Sodium
285mg
14mg
1%
Monounsaturated
0
0
0
Energy (Cal)
0
0
0
Dietary Fibre (total)
0
0
0
Polyunsaturated
0
0
0
Potassium
70mg
Less than 5mg
0
Trans
0
0
0
* Percentage Daily Intakes are based on an average adult diet of 8700 kJ. Your daily intakes may be higher or lower depending on your energy needs.",,https://www.coles.com.au/product/western-star-spreadable-blend-regular-salt-reduced-375g-7716827,,,2024-06-16T21:01:55.559829-04:00
"Ind53SColes_ADairy, Eggs & Fridge_SAButter & margarine_IMainland Butter Soft Salted Spreadable Butter | 375g",Mainland Butter Soft Salted Spreadable Butter | 375g,Mainland,"Dairy, Eggs & Fridge",Butter & margarine,Blends,,$8.00,,,$2.13 per 100g,6854734,"At Mainland we triple churn two natural ingredients, cream & salt, to create a pure & spreadable butter.
100% Pure Butter

Made to Spread

No Oil. No Additives.",,,"Per 100g/ml
Per Serving
%DI
Energy
3040kJ
152kJ
2%
Protein
Less than 1g
Less than 1g
0%
Total Fat
81.7g
4.1g
6%
Saturated Fat
49.1g
2.5g
10%
Carbohydrate
Less than 1g
Less than 1g
0%
Sugars
Less than 1g
Less than 1g
0%
Sodium
480mg
24mg
1%
* Percentage Daily Intakes are based on an average adult diet of 8700 kJ. Your daily intakes may be higher or lower depending on your energy needs.",,https://www.coles.com.au/product/mainland-butter-soft-salted-spreadable-butter-375g-6854734,,,2024-06-16T21:02:06.407423-04:00
"Ind53SColes_ADairy, Eggs & Fridge_SAButter & margarine_IColes Simply Salted Butter | 500g",Coles Simply Salted Butter | 500g,Coles,"Dairy, Eggs & Fridge",Butter & margarine,Butter,,$6.40,,,$1.28 per 100g,3169880,"Coles Dairy salted butter, 500g. A rich, smooth and creamy butter. Ideal for toasts and sandwiches. Product of New Zealand.",,,"Per 100g/ml
Per Serving
%DI
Energy
3042.40
152.12
Protein
0.60
0.03
Carbohydrate
1.20
0.06
Sugars
0.50
0.03
Sodium
540.00
27.00
Saturated
56.30
2.82
Energy (Cal)
727.85
36.39
Fat
81.40
4.07
Dietary Fibre (total)
0.00
0.00
* Percentage Daily Intakes are based on an average adult diet of 8700 kJ. Your daily intakes may be higher or lower depending on your energy needs.",,https://www.coles.com.au/product/coles-simply-salted-butter-500g-3169880,,,2024-06-16T21:02:17.608906-04:00
"Ind53SColes_ADairy, Eggs & Fridge_SAButter & margarine_IColes Organic Unsalted Butter | 250g",Coles Organic Unsalted Butter | 250g,Coles,"Dairy, Eggs & Fridge",Butter & margarine,Butter,,$4.85,,,$1.94 per 100g,3938260,"Coles Dairy organic unsalted butter 250g. Made with Australian certified organic fresh milk. We partner with Certified Organic growers and producers, to bring you high-quality, great tasting and trusted organic products, so you can enjoy the goodness of nature, everyday.",,,"Per 100g/ml
Per Serving
%DI
Energy
3150
158
2
Protein
0.60
0.03
0
Total Fat
84.7
4.2
6
Saturated Fat
60.05
3.00
13
Carbohydrate
LESS THAN 1g
LESS THAN 1g
0
Sugars
0.55
0.03
0
Sodium
7
LESS THAN 5mg
0
Energy (Cal)
754
38
Dietary Fibre (total)
0.00
0.00
0
* Percentage Daily Intakes are based on an average adult diet of 8700 kJ. Your daily intakes may be higher or lower depending on your energy needs.","INGREDIENTS: Organic Cream (Milk), Water.",https://www.coles.com.au/product/coles-organic-unsalted-butter-250g-3938260,,,2024-06-16T21:02:28.631073-04:00
"Ind53SColes_ADairy, Eggs & Fridge_SAButter & margarine_IWestern Star Traditional Spreadable Butter Blend | 500g",Western Star Traditional Spreadable Butter Blend | 500g,Western Star,"Dairy, Eggs & Fridge",Butter & margarine,Blends,,$7.00,,,$1.40 per 100g,7716500,"Find 1 of 6 Gold Stars in pack to Win $10,000

Plus, for your chance to instantly win 1000s of Grocey Vouchers, scan here.

Find out more at goldstargiveaway.com.au.

6 x Gold Stars to be found: 2 in Coles, 2 in Woolworths & 2 in an independent retailer. Conditions apply, see www.goldstargiveaway.com.au. Open to AU res 18+ Starts: 12:01AM AEST on 3/6/24. Ends 11:59PM AEST on 28/7/24. Max 1 entry p/product; 8 entries p/person; & 1 entry p/person p/day. Retain receipt/s, unique code/s, barcode/s & Gold Star packaging. Gold Star Major Prize (x6): $10K Cash Prize. Instant Prizes (x2001): $25 Woolworths Supermarket eGift Card, Coles Gift Card or Vault Pays-enabled Prepaid Mastercard (depending on store of purchase). Major Prize winners published on website from 5/8/24. Promoter: Fonterra Brands (Australia) Pty Ltd (ABN 80 095 181 669) of Level 2, 40 River Boulevard, Richmond VIC 3121. NSW Authority: TP/ 00772. Permits: ACT TP23/ 02742, SA T23/ 2116.",,,"Per 100g/ml
Per Serving
%DI
Energy
2570kJ
129kJ
0
Protein
<1g
<1g
0
Total Fat
68.4g
3.4g
0
Saturated Fat
28.0g
1.4g
0
Carbohydrate
1.2g
<1g
0
Sugars
1.2g
<1g
0
Sodium
487mg
24mg
0
Monounsaturated
0
0
0
Energy (Cal)
0
0
0
Dietary Fibre (total)
0
0
0
Polyunsaturated
0
0
0
Trans
0
0
0
* Percentage Daily Intakes are based on an average adult diet of 8700 kJ. Your daily intakes may be higher or lower depending on your energy needs.",,https://www.coles.com.au/product/western-star-traditional-spreadable-butter-blend-500g-7716500,,,2024-06-16T21:02:39.905201-04:00
"Ind53SColes_ADairy, Eggs & Fridge_SAButter & margarine_ILurpak Butter Spreadable Slightly Salted | 250g",Lurpak Butter Spreadable Slightly Salted | 250g,Lurpak,"Dairy, Eggs & Fridge",Butter & margarine,Blends,,$5.50,,,$2.20 per 100g,5393910,"There for as soon as the toast pops up, Lurpak Spreadable Slightly Salted has become a modern classic and kitchen staple with its distinct Lurpak taste. It is perfect for mixing with fresh ingredients such as chives or parsley to create flavoured butters.",,,"Per 100g/ml
Per Serving
%DI
Energy
2900kJ
291kJ
Protein
0.5g
0.05g
Total Fat
78g
7.8g
Saturated Fat
35g
3.5g
Carbohydrate
0.6g
0.06g
Sugars
0.6g
0.06g
Sodium
360mg
36mg
Potassium
15mg
1.5mg
* Percentage Daily Intakes are based on an average adult diet of 8700 kJ. Your daily intakes may be higher or lower depending on your energy needs.",,https://www.coles.com.au/product/lurpak-butter-spreadable-slightly-salted-250g-5393910,,,2024-06-16T21:02:51.438962-04:00
"Ind53SColes_ADairy, Eggs & Fridge_SAButter & margarine_ICopha Vegetable Cooking Oil Solid | 250g",Copha Vegetable Cooking Oil Solid | 250g,Copha,"Dairy, Eggs & Fridge",Butter & margarine,Margarine,,$3.00,,,$1.20 per 100g,189483,"Copha is a popular vegan vegetable shortening and a key ingredient in the much-loved kids party recipes such as chocolate crackles, white Christmas and other no-bake desserts and sweet treats. Free from gluten ingredients and palm oil, Copha is made from 99% coconut oil. Copha is versatile and can be used in many different baking applications. From traditional birthday and Christmas party recipes, to modern recipes, Copha has always been associated with fun, family and sweet childhood memories for over 70 years.",,,"Per 100g/ml
Per Serving
%DI
Energy
3700kJ
370kJ
Protein
0g
0g
0%
Total Fat
100g
10g
0%
Saturated Fat
98g
9.8g
0%
Carbohydrate
0g
0g
0%
Sugars
0g
0g
0%
Sodium
0mg
0mg
0%
* Percentage Daily Intakes are based on an average adult diet of 8700 kJ. Your daily intakes may be higher or lower depending on your energy needs.",,https://www.coles.com.au/product/copha-vegetable-cooking-oil-solid-250g-189483,,,2024-06-16T21:03:02.305295-04:00
"Ind53SColes_ADairy, Eggs & Fridge_SADairy, chilled & frozen_IDevondale Unsalted Pat Butter | 250g",Devondale Unsalted Pat Butter | 250g,Devondale,"Dairy, Eggs & Fridge","Dairy, chilled & frozen",Spreads & dips,,$4.50,,,"$1.80 per 100g
Was $5.30 on May 2024",1985917,"Devondale's Unsalted Butter is the perfect choice for all your baking needs, whether it be baking a cake or finishing off a pasta. Devondale butter is double churned to ensure a creamy taste and a rich, high quality texture.- unsalted butter block- Perfect for cooking butter or melting for spreadable butter",,,"Per 100g/ml
Per Serving
%DI
Energy
3060kJ
153kJ
Protein
<1g
<1g
Total Fat
82g
4.1g
Saturated Fat
55.8g
2.8g
Carbohydrate
<1g
<1g
Sugars
<1g
<1g
Sodium
6mg
<5mg
* Percentage Daily Intakes are based on an average adult diet of 8700 kJ. Your daily intakes may be higher or lower depending on your energy needs.",,https://www.coles.com.au/product/devondale-unsalted-pat-butter-250g-1985917,,,2024-06-16T21:03:14.290190-04:00
"Ind53SColes_ADairy, Eggs & Fridge_SAButter & margarine_IMainland Organic Salted Butter | 250g",Mainland Organic Salted Butter | 250g,Mainland,"Dairy, Eggs & Fridge",Butter & margarine,Butter,,$6.00,,,$2.40 per 100g,1708076,"Mainland butter is crafted using pure and natural New Zealand grass fed dairy.
Certified Orgainc

Grass Fed Butter",,,"Per 100g/ml
Per Serving
%DI
Energy
3030kJ
152kJ
2%
Protein
0.6g
0.0g
0%
Total Fat
81.4g
4.1g
6%
Saturated Fat
53.9g
2.7g
11%
Carbohydrate
Less than 1.0g
Less than 1.0g
0%
Sugars
Less than 1.0g
Less than 1.0g
0%
Sodium
600mg
30mg
1%
* Percentage Daily Intakes are based on an average adult diet of 8700 kJ. Your daily intakes may be higher or lower depending on your energy needs.",,https://www.coles.com.au/product/mainland-organic-salted-butter-250g-1708076,,,2024-06-16T21:03:25.367699-04:00
"Ind53SColes_ADairy, Eggs & Fridge_SAButter & margarine_INuttelex Buttery Spread | 500g",Nuttelex Buttery Spread | 500g,Nuttelex,"Dairy, Eggs & Fridge",Butter & margarine,Margarine,,$5.20,,,$1.04 per 100g,3056920,"A favourite for those who just love the taste of butter - but want a healthier option. Enjoy a dollop on your veggies, topped on your toast or use in any traditional butter-based recipe to make it just that little bit better.
#Vegetarianandvegan #Dairyfree #Lactosefree #Cholesterolfreeoils #Nutoilfree #Saltreduced #Glutenfree #GMFree",,,"Per 100g/ml
Per Serving
%DI
Energy
2400kJ
240kJ
Protein
0g
0g
Total Fat
65g
6.5g
Saturated Fat
16.9g
1.7g
Carbohydrate
0g
0g
Sugars
0g
0g
Cholesterol
0mg
0mg
Vitamin A
1100ug
110ug
15%
Lactose
0g
0g
Vitamin D
10ug
1ug
10%
Sodium
340mg
34mg
Vitamin E
30mg
3mg
30%
Monounsaturated
30.1g
3g
Dietary Fibre (total)
0g
0g
Polyunsaturated
17.9g
1.8g
Galactose
0g
0g
Gluten
0mg
0mg
Potassium
10mg
1mg
Trans
0.1g
0.01g
* Percentage Daily Intakes are based on an average adult diet of 8700 kJ. Your daily intakes may be higher or lower depending on your energy needs.","(All from vegetable sources) Vegetable oils, water, salt, emulsifiers (471, sunflower lecithin), natural flavour, vitamins A, D, E, natural colour (beta carotene).",https://www.coles.com.au/product/nuttelex-buttery-spread-500g-3056920,,,2024-06-16T21:03:38.008690-04:00
"Ind53SColes_ADairy, Eggs & Fridge_SAButter & margarine_IColes Salt Reduced Butter | 250g",Coles Salt Reduced Butter | 250g,Coles,"Dairy, Eggs & Fridge",Butter & margarine,Butter,,$4.30,,,$1.72 per 100g,5079234,Australian MadeButterSalt Reduced,,,"Per 100g/ml
Per Serving
%DI
Energy
3057.80
152.89
2
Protein
0.70
0.04
0
Total Fat
82.00
4.10
6
Saturated Fat
56.50
2.83
12
Carbohydrate
0.70
0.04
0
Sugars
0.70
0.04
0
Sodium
253.00
12.65
1
Energy (Cal)
731.53
36.58
Dietary Fibre (total)
0.00
0.00
0
Potassium
31.00
1.55
* Percentage Daily Intakes are based on an average adult diet of 8700 kJ. Your daily intakes may be higher or lower depending on your energy needs.",,https://www.coles.com.au/product/coles-salt-reduced-butter-250g-5079234,,,2024-06-16T21:03:49.525307-04:00
"Ind53SColes_ADairy, Eggs & Fridge_SAButter & margarine_IColes Spreadable Dairy Blend | 750g",Coles Spreadable Dairy Blend | 750g,Coles,"Dairy, Eggs & Fridge",Butter & margarine,Blends,,$7.30,,,$0.97 per 100g,4655180,Made with Australian MilkSALTED,,,"Per 100g/ml
Per Serving
%DI
Energy
2270
113
1
Protein
0.5
0.025
Total Fat
60.3
3.0
4
Saturated Fat
25.2
1.3
5
Carbohydrate
1.3
LESS THAN 1g
0
Sugars
0.8
0.04
Sodium
413
21
1
Saturated
28.3
1.415
Energy (Cal)
542
27
Fat
59
2.95
Dietary Fibre (total)
0
0
trans
1.6
LESS THAN 0.1g
* Percentage Daily Intakes are based on an average adult diet of 8700 kJ. Your daily intakes may be higher or lower depending on your energy needs.",,https://www.coles.com.au/product/coles-spreadable-dairy-blend-750g-4655180,,,2024-06-16T21:04:00.639072-04:00
"Ind53SColes_ADairy, Eggs & Fridge_SAButter & margarine_IOlive Grove Classic Olive Oil Margarine Tub | 500g",Olive Grove Classic Olive Oil Margarine Tub | 500g,Olive Grove,"Dairy, Eggs & Fridge",Butter & margarine,Margarine,,$6.30,,,$1.26 per 100g,5448589,"Made with the natural goodness of olive oil, Olive Grove Classic Olive Oil Spread is great tasting and perfect for cooking a range of dishes. It's also a delicious spread on toast with sweet or savoury toppings. Ideal for spreading, cooking or baking, this spread helps you to create fresh flavoursome food. Made with the goodness of olive oil, this spread contains 65% less saturated fat compared to butter*. Olive Grove Classic Olive Oil Spread also provides a source of Omega 9.
*16.2g/100g saturated fat compared to 53.8g/100g in butter (Food Standards Australia and New Zealand 2019) Made with the natural goodness of olive oil, Olive Grove Classic Olive Oil Spread contains 65% less saturated fat than butter. Great for cooking and baking.",,,"Per 100g/ml
Per Serving
%DI
Energy
2220kJ
220kJ
0.03%
Protein
<1g
<1g
0%
Total Fat
60g
6g
0.09%
Saturated Fat
16.2g
1.6g
0.07%
Carbohydrate
<1g
<1g
0%
Sugars
<1g
<1g
0%
Sodium
340mg
35mg
0.02%
Monounsaturated
30.5g
3.1g
Polyunsaturated
13g
1.3g
Potassium
30mg
3mg
Trans
0.3g
<1g
* Percentage Daily Intakes are based on an average adult diet of 8700 kJ. Your daily intakes may be higher or lower depending on your energy needs.",,https://www.coles.com.au/product/olive-grove-classic-olive-oil-margarine-tub-500g-5448589,,,2024-06-16T21:04:11.771530-04:00
"Ind53SColes_ADairy, Eggs & Fridge_SAButter & margarine_IWik Dripping | 500g",Wik Dripping | 500g,Wik,"Dairy, Eggs & Fridge",Butter & margarine,Margarine,,$4.20,,,$0.84 per 100g,3277088,"WIK is the finest quality pure dripping in the market. Made from 100% animal fat, WIK is the perfect choice for applications like crispy chips, battered fish and everyday roasting or frying. 'Enjoy the forgotten taste of golden crusty potatoes and sweetly roasted meat the way grandma used to make'.",,,"Per 100g/ml
Per Serving
%DI
Energy
3700kJ
3700kJ
Protein
<1g
<1g
Total Fat
99.9g
99.9g
Saturated Fat
47g
47g
Carbohydrate
<1g
<1g
Sugars
<1g
<1g
Sodium
<5mg
<5mg
* Percentage Daily Intakes are based on an average adult diet of 8700 kJ. Your daily intakes may be higher or lower depending on your energy needs.",,https://www.coles.com.au/product/wik-dripping-500g-3277088,,,2024-06-16T21:04:22.808596-04:00
"Ind53SColes_ADairy, Eggs & Fridge_SAButter & margarine_IColes Olive Oil Spread | 500g",Coles Olive Oil Spread | 500g,Coles,"Dairy, Eggs & Fridge",Butter & margarine,Margarine,,$4.90,,,$0.98 per 100g,9641809,"Coles dairy olive oil spread, 500g. Contains 65% less saturated fat than butter. A vegetarian spread perfect on toast.",,,"Per 100g/ml
Per Serving
%DI
Energy
2508.00
250.80
Protein
0.10
0.01
Saturated Fat
16.8
1.7
7
Carbohydrate
0.50
0.05
Sugars
0.10
0.01
Saturated
16.80
1.68
Sodium
345.00
34.50
Monounsaturated
37.90
3.79
Energy (Cal)
600.00
60.00
Fat
67.40
6.74
Dietary Fibre (total)
0.50
0.05
Polyunsaturated
12.50
1.25
Trans
0.20
0.02
* Percentage Daily Intakes are based on an average adult diet of 8700 kJ. Your daily intakes may be higher or lower depending on your energy needs.",,https://www.coles.com.au/product/coles-olive-oil-spread-500g-9641809,,,2024-06-16T21:04:34.239965-04:00
"Ind53SColes_ADairy, Eggs & Fridge_SA_IBertolli Olive Oil Margarine Spread Classic | 500g",Bertolli Olive Oil Margarine Spread Classic | 500g,Bertolli,"Dairy, Eggs & Fridge",,,,$4.50,,$5.50,$0.90 per 100g,9643622,Bertolli Classic Spread is delicious on fresh bread and with the goodness of olive oil it compliments all foods in a healthy Mediterranean diet.,,,"Per 100g/ml
Per Serving
%DI
Energy
2340kJ/100g
234kJ
Protein
<1.0g/100g
<1.0g
Total Fat
63.0g/100g
6.3g
Saturated Fat
16.2g/100g
1.6g
Carbohydrate
<1.0g/100g
<1.0g
Sugars
<1.0g/100g
<1.0g
Sodium
360mg/100g
36mg
Monounsaturated
34.4g
3.4g
Omega - 6
8.8g
0.9g
Polyunsaturated
12.0g
1.2g
Potassium
25mg
<5.0mg
Trans
0.4g
0.04g
* Percentage Daily Intakes are based on an average adult diet of 8700 kJ. Your daily intakes may be higher or lower depending on your energy needs.",,https://www.coles.com.au/product/bertolli-olive-oil-margarine-spread-classic-500g-9643622,,,2024-06-16T21:04:45.943289-04:00
"Ind53SColes_ADairy, Eggs & Fridge_SAButter & margarine_IFlora Pro Activ Margarine Spread Original | 500g",Flora Pro Activ Margarine Spread Original | 500g,Flora,"Dairy, Eggs & Fridge",Butter & margarine,Margarine,,$7.50,,$10.00,$1.50 per 100g,8840843,"Flora ProActiv contain natural plant sterols. Eating 2g of plant sterols daily as part of a healthy diet and lifestyle has been clinically proven to lower cholesterol by up to 10%
within 21 days. May not be suitable for children under 5 years and pregnant or lactating women. There is no additional benefit when more than 3 grams per day is consumed.",,,"Per 100g/ml
Per Serving
%DI
Energy
2390kJ
239kJ
Protein
<1.0g
<1.0g
Total Fat
62.0g
6.2g
Saturated Fat
13.5g
1.4g
Carbohydrate
<1.0g
<1.0g
Sugars
<1.0g
<1.0g
Sodium
360mg
36mg
Monounsaturated
22.8g
2.3g
Polyunsaturated
27.5g
2.8g
Potassium
27mg
3mg
Trans
0.5g
0.05g
* Percentage Daily Intakes are based on an average adult diet of 8700 kJ. Your daily intakes may be higher or lower depending on your energy needs.",,https://www.coles.com.au/product/flora-pro-activ-margarine-spread-original-500g-8840843,,,2024-06-16T21:04:56.827192-04:00
"Ind53SColes_ADairy, Eggs & Fridge_SAMilk_IPauls Farmhouse Gold Full Cream Milk | 1.5L",Pauls Farmhouse Gold Full Cream Milk | 1.5L,Pauls,"Dairy, Eggs & Fridge",Milk,Full cream milk,,$4.40,,,$2.93 per 1L,2750602,"Farmhouse Gold is perfect for those who love the traditional taste of real milk. Made with fresh wholesome milk from Australian farms, Farmhouse Gold Full Cream has a deliciously rich, extra creamy taste you will savour. Milk, the way it was meant to be. ",,,"Per 100g/ml
Per Serving
%DI
Energy
317 kJ
792 kJ
Protein
3.4g
8.5g
Total Fat
4.7g
11.8g
Saturated Fat
3.1g
7.7g
Carbohydrate
4.8g
12g
Sugars
4.8g
12g
Calcium
123mg
307mg
38%
Sodium
41mg
102mg
Energy (Cal)
76 Cal
189 Cal
* Percentage Daily Intakes are based on an average adult diet of 8700 kJ. Your daily intakes may be higher or lower depending on your energy needs.",,https://www.coles.com.au/product/pauls-farmhouse-gold-full-cream-milk-1.5l-2750602,,,2024-06-16T21:05:08.056450-04:00
"Ind53SColes_ADairy, Eggs & Fridge_SAButter & margarine_ILurpak Butter Unsalted | 400g",Lurpak Butter Unsalted | 400g,Lurpak,"Dairy, Eggs & Fridge",Butter & margarine,Butter,,$8.00,,,$2.00 per 100g,6892100,"With Lurpak by your side you're always ready to cook, bake and fry up wonders, cook. With its delicate taste, Lurpak Unsalted Butter enhances the flavour of whatever food you add it to. From a hearty risotto dish, your weekend baking creations to some simple earthy mushrooms, its subtle notes complement every creation you russle up in the kitchen. For people who love Good Food, Lurpak makes it even better. Now sleeves up. Today we cook bold.
Made from 100% fresh milk

No added salt

Distinctive, creamy, delicate and fresh taste.

Perfect for cooking, baking or spreading

Suitable for freezing

Suitable for vegetarians.",,,"Per 100g/ml
Per Serving
%DI
Energy
3070 kJ
307 kJ
Protein
0.6g
0.06g
Total Fat
82g
8.2g
Saturated Fat
53g
5.3g
Carbohydrate
0.7g
0.07g
Sugars
0.7g
0.07g
Sodium
0g
0g
Energy (Cal)
747 Cal
74.7 Cal
* Percentage Daily Intakes are based on an average adult diet of 8700 kJ. Your daily intakes may be higher or lower depending on your energy needs.",,https://www.coles.com.au/product/lurpak-butter-unsalted-400g-6892100,,,2024-06-16T21:28:18.062037-04:00
"Ind53SColes_ADairy, Eggs & Fridge_SAButter & margarine_IThe Organic Milk Company Unsalted Butter | 250g",The Organic Milk Company Unsalted Butter | 250g,The Organic Milk Company,"Dairy, Eggs & Fridge",Butter & margarine,Butter,,$5.80,,,$2.32 per 100g,3780664,"The Organic Milk Company Unsalted Butter, 250g. Made from Australian Organic dairy milk. Perfect for baking.",,,"Per 100g/ml
Per Serving
%DI
Energy
3040
152
Total Fat
81.5
4.1
Saturated Fat
53.8
2.7
Carbohydrate
0
0
Sugars
0
0
Sodium
10
1
Saturated
53.8 g
2.7 g
* Percentage Daily Intakes are based on an average adult diet of 8700 kJ. Your daily intakes may be higher or lower depending on your energy needs.",,https://www.coles.com.au/product/the-organic-milk-company-unsalted-butter-250g-3780664,,,2024-06-16T21:28:28.805482-04:00
"Ind53SColes_ADairy, Eggs & Fridge_SAButter & margarine_ICopha Vegetable Cooking Oil Solid | 250g",Copha Vegetable Cooking Oil Solid | 250g,Copha,"Dairy, Eggs & Fridge",Butter & margarine,Margarine,,$3.00,,,$1.20 per 100g,189483,"Copha is a popular vegan vegetable shortening and a key ingredient in the much-loved kids party recipes such as chocolate crackles, white Christmas and other no-bake desserts and sweet treats. Free from gluten ingredients and palm oil, Copha is made from 99% coconut oil. Copha is versatile and can be used in many different baking applications. From traditional birthday and Christmas party recipes, to modern recipes, Copha has always been associated with fun, family and sweet childhood memories for over 70 years.",,,"Per 100g/ml
Per Serving
%DI
Energy
3700kJ
370kJ
Protein
0g
0g
0%
Total Fat
100g
10g
0%
Saturated Fat
98g
9.8g
0%
Carbohydrate
0g
0g
0%
Sugars
0g
0g
0%
Sodium
0mg
0mg
0%
* Percentage Daily Intakes are based on an average adult diet of 8700 kJ. Your daily intakes may be higher or lower depending on your energy needs.",,https://www.coles.com.au/product/copha-vegetable-cooking-oil-solid-250g-189483,,,2024-06-16T21:28:39.578749-04:00
"Ind53SColes_ADairy, Eggs & Fridge_SAButter & margarine_IWestern Star Chef's Choice Unsalted Cultured Butter Pat | 250g",Western Star Chef's Choice Unsalted Cultured Butter Pat | 250g,Western Star,"Dairy, Eggs & Fridge",Butter & margarine,Butter,,$5.20,,,$2.08 per 100g,190100,Western Star Butter Cultured Chef's Choice 250g is a premium quality butter that's noted for its extra creamier continental taste and texture. A creamier fresh tasting butter that's versatile and ensures great results every time.,,,"Per 100g/ml
Per Serving
%DI
Energy
3090kJ
155kJ
2%
Protein
<1g
<1g
0
Total Fat
82.9g
4.1g
4.1g
Saturated Fat
54.7g
2.7g
11%
Carbohydrate
<1g
<1g
0
Sugars
<1g
<1g
0
Sodium
18mg
<5mg
0
Potassium
30mg
Less than 5mg
* Percentage Daily Intakes are based on an average adult diet of 8700 kJ. Your daily intakes may be higher or lower depending on your energy needs.",,https://www.coles.com.au/product/western-star-chef's-choice-unsalted-cultured-butter-pat-250g-190100,,,2024-06-16T21:28:50.489740-04:00
"Ind53SColes_ADairy, Eggs & Fridge_SA_IFlora Margarine Spread Buttery | 1kg",Flora Margarine Spread Buttery | 1kg,Flora,"Dairy, Eggs & Fridge",,,,$6.95,,$8.95,$0.70 per 100g,3515299,"With a blend of nutritious seeds oils and just the right amount of buttermilk, Flora Buttery is a spread that gives you and your family all the benefits of plant goodness with the taste you love. It can be used for spreading, cooking and baking and is perfect for families who prefer an alternative to butter but still fancy something scrumptious. It contains 65% less saturated fat than butter and has no artificial colors or flavors.",,,"Per 100g/ml
Per Serving
%DI
Energy
2360kJ
236kJ
Protein
<1.0g
<1.0g
Total Fat
63.4g
6.3g
Saturated Fat
15.9g
1.6g
Carbohydrate
<1.0g
<1.0g
Sugars
<1.0g
<1.0g
Sodium
355mg
36mg
Vitamin E
16mg
Monounsaturated
20.3g
2.0g
Omega - 6
27.3g min
2.7g min
Polyunsaturated
26.7g
2.7g
Potassium
31mg
<5mg
Trans
0.5g
0.05g
* Percentage Daily Intakes are based on an average adult diet of 8700 kJ. Your daily intakes may be higher or lower depending on your energy needs.",,https://www.coles.com.au/product/flora-margarine-spread-buttery-1kg-3515299,,,2024-06-16T21:29:01.812131-04:00
"Ind53SColes_ADairy, Eggs & Fridge_SA_IFlora ProActiv Margarine Spread Buttery | 500g",Flora ProActiv Margarine Spread Buttery | 500g,Flora,"Dairy, Eggs & Fridge",,,,$7.50,,$10.00,$1.50 per 100g,8085029,"Flora ProActiv contain natural plant sterols. Eating 2g of plant sterols daily as part of a healthy diet and lifestyle has been clinically proven to lower cholesterol by up to 10%
within 21 days. May not be suitable for children under 5 years and pregnant or lactating women. There is no additional benefit when more than 3 grams per day is consumed.",,,"Per 100g/ml
Per Serving
%DI
Energy
2410kJ/100g
241kJ
Protein
<1.0g/100g
<1.0g
Total Fat
62.1g/100g
6.2g
Saturated Fat
13.9g/100g
1.4g
Carbohydrate
<1.0g/100g
<1.0g
Sugars
<1.0g/100g
<1.0g
Sodium
360mg/100g
36mg
Monounsaturated
22.8g
2.3g
Polyunsaturated
27.5g
2.8g
Potassium
36mg
4mg
Trans
0.5g
0.05g
* Percentage Daily Intakes are based on an average adult diet of 8700 kJ. Your daily intakes may be higher or lower depending on your energy needs.",,https://www.coles.com.au/product/flora-proactiv-margarine-spread-buttery-500g-8085029,,,2024-06-16T21:29:13.719992-04:00
"Ind53SColes_ADairy, Eggs & Fridge_SAButter & margarine_IMainland Butter Soft Salt Reduced Spreadable Butter | 375g",Mainland Butter Soft Salt Reduced Spreadable Butter | 375g,Mainland,"Dairy, Eggs & Fridge",Butter & margarine,Blends,,$8.00,,,$2.13 per 100g,6854745,"At Mainland we triple churn two natural ingredients, cream & salt, to create a pure & spreadable butter.
100% Pure Butter

Made to Spread

Over 50% less sodium than Mainland Buttersoft Salted.

No Oil. No Additives.",,,"Per 100g/ml
Per Serving
%DI
Energy
3070kJ
154kJ
2%
Protein
Less than 1g
Less than 1g
0%
Total Fat
82.4g
4.1g
6%
Saturated Fat
49.6g
2.5g
10%
Carbohydrate
Less than 1g
Less than 1g
0%
Sugars
Less than 1g
Less than 1g
0%
Sodium
200mg
10mg
0%
Potassium
22mg
Less than 5mg
* Percentage Daily Intakes are based on an average adult diet of 8700 kJ. Your daily intakes may be higher or lower depending on your energy needs.",,https://www.coles.com.au/product/mainland-butter-soft-salt-reduced-spreadable-butter-375g-6854745,,,2024-06-16T21:29:24.989171-04:00
"Ind53SColes_ADairy, Eggs & Fridge_SADairy, chilled & frozen_IDevondale Salted Butter | 250g",Devondale Salted Butter | 250g,Devondale,"Dairy, Eggs & Fridge","Dairy, chilled & frozen",Spreads & dips,,$4.50,,,"$1.80 per 100g
Was $5.30 on May 2024",1778617,"Devondale's Salted Butter is the perfect choice for all your cooking and baking needs. Devondale butter is double churned to ensure a creamy taste and a rich, high quality texture with a touch of salt. A delicious addition to your kitchen.- salted butter block- perfect for cooking butter or melting for spreadable butter",,,"Per 100g/ml
Per Serving
%DI
Energy
3020kJ
151kJ
Protein
<1g
<1g
Total Fat
81g
4.1g
Saturated Fat
55.1g
2.8g
Carbohydrate
<1g
<1g
Sugars
<1g
<1g
Sodium
695mg
35mg
* Percentage Daily Intakes are based on an average adult diet of 8700 kJ. Your daily intakes may be higher or lower depending on your energy needs.",,https://www.coles.com.au/product/devondale-salted-butter-250g-1778617,,,2024-06-16T21:29:36.455414-04:00
"Ind53SColes_ADairy, Eggs & Fridge_SAButter & margarine_IMainland Garlic & Herb Spreadable Blend | 140g",Mainland Garlic & Herb Spreadable Blend | 140g,Mainland,"Dairy, Eggs & Fridge",Butter & margarine,Blends,,$3.60,,$4.00,$2.57 per 100g,6820379,"Spread it on a crusty baguette for homemade garlic bread, use it as a finishing touch on a steak or elevate your favourite vegetables. The options are endless!
Made with New Zealand Grass Fed Butter",,,"Per 100g/ml
Per Serving
%DI
Energy
2970kJ
149kJ
2%
Protein
Less than 1g
Less than 1g
0%
Total Fat
79.0g
4.0g
6%
Saturated Fat
34.6g
1.7g
7%
Carbohydrate
2.0g
Less than 1g
0%
Sugars
Less than 1g
Less than 1g
0%
Sodium
888mg
44mg
2%
Monounsaturated
0
0
0
Energy (Cal)
0
0
0
Dietary Fibre (total)
0
0
0
Polyunsaturated
0
0
0
Trans
0
0
0
* Percentage Daily Intakes are based on an average adult diet of 8700 kJ. Your daily intakes may be higher or lower depending on your energy needs.",,https://www.coles.com.au/product/mainland-garlic-and-herb-spreadable-blend-140g-6820379,,,2024-06-16T21:29:47.778047-04:00
"Ind53SColes_ADairy, Eggs & Fridge_SAButter & margarine_IDevondale Extra Soft Butter Less Fat | 750g",Devondale Extra Soft Butter Less Fat | 750g,Devondale,"Dairy, Eggs & Fridge",Butter & margarine,Blends,,$9.95,,,$1.33 per 100g,3512053,Devondale's Extra Soft Spreadable Butter Blend starts with double churned butter for a deliciously creamy blend which spreads easy onto toast or a sandwich. - Soft spreadable butter- extra soft butter- perfect to spread on bread or toast,,,"Per 100g/ml
Per Serving
%DI
Energy
2240kJ
112kJ
Protein
<1g
<1g
Total Fat
60g
3g
Saturated Fat
26.2g
1.3g
Carbohydrate
<1g
<1g
Sugars
<1g
<1g
Sodium
370mg
19mg
* Percentage Daily Intakes are based on an average adult diet of 8700 kJ. Your daily intakes may be higher or lower depending on your energy needs.",,https://www.coles.com.au/product/devondale-extra-soft-butter-less-fat-750g-3512053,,,2024-06-16T21:29:58.708248-04:00
"Ind53SColes_ADairy, Eggs & Fridge_SAButter & margarine_IColes Organic Unsalted Butter | 250g",Coles Organic Unsalted Butter | 250g,Coles,"Dairy, Eggs & Fridge",Butter & margarine,Butter,,$4.85,,,$1.94 per 100g,3938260,"Coles Dairy organic unsalted butter 250g. Made with Australian certified organic fresh milk. We partner with Certified Organic growers and producers, to bring you high-quality, great tasting and trusted organic products, so you can enjoy the goodness of nature, everyday.",,,"Per 100g/ml
Per Serving
%DI
Energy
3150
158
2
Protein
0.60
0.03
0
Total Fat
84.7
4.2
6
Saturated Fat
60.05
3.00
13
Carbohydrate
LESS THAN 1g
LESS THAN 1g
0
Sugars
0.55
0.03
0
Sodium
7
LESS THAN 5mg
0
Energy (Cal)
754
38
Dietary Fibre (total)
0.00
0.00
0
* Percentage Daily Intakes are based on an average adult diet of 8700 kJ. Your daily intakes may be higher or lower depending on your energy needs.",,https://www.coles.com.au/product/coles-organic-unsalted-butter-250g-3938260,,,2024-06-16T21:30:09.626928-04:00
