idx,name,brand,aisle,subaisle,subsubaisle,size,price,multi_price,old_price,pricePerUnit,itemNum,description,serving,img_urls,item_label,item_ingredients,url,SKU,UPC,timeStamp
"Ind53SColes_ADairy, Eggs & Fridge_SADairy Desserts_IWicked Sister Lemon Tiramisu | 100g",Wicked Sister Lemon Tiramisu | 100g,Wicked Sister,"Dairy, Eggs & Fridge",Dairy Desserts,Chilled Dairy Desserts,,$3.50,,$4.00,$3.50 per 100g,7014400,,,,,,https://www.coles.com.au/product/wicked-sister-lemon-tiramisu-100g-7014400,,,2024-06-17T10:54:23.382857-04:00
"Ind53SColes_ADairy, Eggs & Fridge_SA_IPauls Low Fat Chocolate Mousse 2X62g | 124g",Pauls Low Fat Chocolate Mousse 2X62g | 124g,Pauls,"Dairy, Eggs & Fridge",,,,$2.80,,,$2.26 per 100g,8469971,"<p>At Pauls, we love dairy and put that passion into every Pauls milk, cream, custard and yoghurt we make.</p>

Pauls Low Fat Chocolate Mousse is gluten-free, rich and creamy with no artificial colours, flavours or preservatives. Low fat and has less than 75 calories per serve.

Gluten Free
No artificial Colours
No preservatives
Less tha 75 calories per serve
Gluten Free

No artificial colours or preservatives

Less than 75 calories per serve",,,"Per 100g/ml
Per Serving
%DI
Energy
468kJ
290kJ
Protein
4.7g
2.9g
Total Fat
2.5g
1.6g
Saturated Fat
1.9g
1.2g
Carbohydrate
15.8g
9.8g
Sugars
14.6g
9.1g
Calcium
115mg
Sodium
57mg
35mg
Energy (Cal)
112Cal
69Cal
Gluten
NIL
NIL
* Percentage Daily Intakes are based on an average adult diet of 8700 kJ. Your daily intakes may be higher or lower depending on your energy needs.","Skim Milk, Sugar, Milk Chocolate (4.2%) (contains Soy Lecithin), Inulin, Cocoa, Gelatine, Thickeners (1442 (from Maize), 407), Emulsifier (472b), Sweeteners (950, 951).",https://www.coles.com.au/product/pauls-low-fat-chocolate-mousse-2x62g-124g-8469971,,,2024-06-17T10:54:35.331907-04:00
"Ind53SColes_ADairy, Eggs & Fridge_SA_IWicked Sister Cookies & Cream Mousse | 90g",Wicked Sister Cookies & Cream Mousse | 90g,Wicked Sister,"Dairy, Eggs & Fridge",,,,$3.50,,$4.00,$3.89 per 100g,7033165,,,,,,https://www.coles.com.au/product/wicked-sister-cookies-and-cream-mousse-90g-7033165,,,2024-06-17T10:54:46.238794-04:00
"Ind53SColes_ADairy, Eggs & Fridge_SA_IDivine Classic Crème Caramel Dessert 2 pack | 150g",Divine Classic Crème Caramel Dessert 2 pack | 150g,Divine Classic,"Dairy, Eggs & Fridge",,,,$3.75,Buy 2 for $6.50,,$1.25 per 100g,242917,"There's no better dessert than a dairy dessert and we've made quality Crme Caramel convenient for time poor Australians with Divine Classic.
Divine Classic Crme Caramel is the ultimate indulgence. This exquisitely smooth restaurant style dessert sets the benchmark for taste and texture. Enjoy this French style custard topped with luxurious caramel for a truly timeless dessert.
French style custard topped with luxurious caramel
Ultimately indulgent taste and texture
Restaurant style dessert",,,"Per 100g/ml
Per Serving
%DI
Energy
527kJ
791kJ
9.00%
Protein
4.1g
6.2g
12.00%
Total Fat
3.9g
5.9g
8.00%
Saturated Fat
2.5g
3.8g
16.00%
Carbohydrate
18.4g
27.6g
9.00%
Sugars
17.7g
26.6g
30.00%
Calcium
126mg
189mg
24% RDI*
Sodium
53mg
80mg
4.00%
Energy (Cal)
126Cal
189Cal
* Percentage Daily Intakes are based on an average adult diet of 8700 kJ. Your daily intakes may be higher or lower depending on your energy needs.","Custard: (Milk, Skim Milk, Water, Milk Solids, Cream, Sugar, Gelatine, Thickeners (410, 415), Flavour, Colours (150d, 102, 110)) Caramel. Sauce: Min. 12% (Water, Sugar, Thickener (1422, 466), Colours (150d, 155), Glucose, Flavour, Acidity Regulators (270, 331), Salt).",https://www.coles.com.au/product/divine-classic-creme-caramel-dessert-2-pack-150g-242917,,,2024-06-17T10:54:58.467577-04:00
"Ind53SColes_ADairy, Eggs & Fridge_SA_IWicked Sister Strawberry Panna Cotta 2X150G | 300g",Wicked Sister Strawberry Panna Cotta 2X150G | 300g,Wicked Sister,"Dairy, Eggs & Fridge",,,,$4.80,,,$1.60 per 100g,3835573,"Panna Cotta is taken to dream land with this delicious combination of strawberry coulis and sweet, melt in the mouth, cream. Wicked Sister's Strawberry Panna Cotta is so wickedly delicious it will become a favourite for quiet nights in.",,,"Per 100g/ml
Per Serving
%DI
Energy
751kJ
1130kJ
Protein
1.9g
2.9g
Total Fat
9.4g
14g
Saturated Fat
6.6g
9.9g
Carbohydrate
21.7g
32.5g
Sugars
19.7g
29.6g
Sodium
23mg
35mg
* Percentage Daily Intakes are based on an average adult diet of 8700 kJ. Your daily intakes may be higher or lower depending on your energy needs.",,https://www.coles.com.au/product/wicked-sister-strawberry-panna-cotta-2x150g-300g-3835573,,,2024-06-17T10:55:10.214122-04:00
"Ind53SColes_ADairy, Eggs & Fridge_SA_IIsland Berries Tasmania Panna Cotta Coconut Mango Passionfruit Coulis | 145g",Island Berries Tasmania Panna Cotta Coconut Mango Passionfruit Coulis | 145g,Island Berries Tasmania,"Dairy, Eggs & Fridge",,,,$4.50,,,$3.10 per 100g,6798531,"Panna Cotta is a traditional dessert prepared in farmhouse kitchens in the Piedmont region of north-west Italy.
This Coconut Panna Cotta is made from the silky smoothness of delicious coconut cream with a hint of vanilla, and served with a fresh tropical mango and passionfruit coulis.
A refreshing, dairy free version of the much beloved Island Berries Tasmania Panna Cotta, this indulgent dessert will delight with the subtle flavours of coconut and vanilla.",,,"Per 100g/ml
Per Serving
%DI
Energy
918kJ
1330kJ
Protein
0.9g
1.4g
Total Fat
10.1g
14.6g
Saturated Fat
9g
13.1g
Carbohydrate
30.3g
43.9g
Sugars
29g
42g
Sodium
196mg
284mg
* Percentage Daily Intakes are based on an average adult diet of 8700 kJ. Your daily intakes may be higher or lower depending on your energy needs.",,https://www.coles.com.au/product/island-berries-tasmania-panna-cotta-coconut-mango-passionfruit-coulis-145g-6798531,,,2024-06-17T10:55:21.770986-04:00
"Ind53SColes_ADairy, Eggs & Fridge_SA_IThe Sweetporium Co. Lemon Cheesecake 2 Pack | 180g",The Sweetporium Co. Lemon Cheesecake 2 Pack | 180g,The Sweetporium Co,"Dairy, Eggs & Fridge",,,,$4.90,,,$2.72 per 100g,4471610,Coles Dairy Lemon cheesecake 2pk. A biscuit crumb layered with a creamy cheesecake filling and lemon sauce. Packed into individual pots for a convenient and delicious dessert.,,,"Per 100g/ml
Per Serving
%DI
Energy
1173.30
1055.97
Protein
5.40
4.86
Carbohydrate
36.20
32.58
Sugars
26.10
23.49
Sodium
97.00
87.30
Saturated
8.50
7.65
Energy (Cal)
280.69
252.62
Fat
12.50
11.25
Dietary Fibre (total)
0.45
0.41
Trans
0.01
0.01
* Percentage Daily Intakes are based on an average adult diet of 8700 kJ. Your daily intakes may be higher or lower depending on your energy needs.","INGREDIENTS: Cheesecake Cream (61%) [Water, Glucose Syrup, Milk Protein, Coconut Oil, Ricotta Cheese (8%) (Whey (Milk), Milk, Acidity Regulator (330)), Sugar, Sponge Cake Powder (Wheat Flour, Sugar, Egg, Water, Potato Starch, Emulsifier (471), Coconut Oil, Raising Agents (450 (Wheat), 500 (Wheat)), Salt), Skimmed Milk Powder, Egg Yolk, Alcohol, Beef Gelatine, Emulsifier (471 From Palm), Thickener (415), Natural Flavouring, Acidity Regulator (330)], Lemon Sauce (28%) [Lemon Juice (30%), Water, Sugar, Glucose-fructose syrup,Gelling Agents (406, 440), Natural flavouring,Preservative (202), Natural Colour (Turmeric)], Biscuit Crumble (11%) [Wheat Flour, Sugar, Wholemeal Wheat Flour, Rapeseed Oil, Palm Oil, Inverted Sugar Syrup, Skimmed Milk Powder, Raising Agents (500, 503)].",https://www.coles.com.au/product/the-sweetporium-co.-lemon-cheesecake-2-pack-180g-4471610,,,2024-06-17T10:55:33.865306-04:00
"Ind53SColes_ADairy, Eggs & Fridge_SA_IWicked Sister Double Choc Panna Cotta 2x150g | 300g",Wicked Sister Double Choc Panna Cotta 2x150g | 300g,Wicked Sister,"Dairy, Eggs & Fridge",,,,$4.80,,,$1.60 per 100g,5405724,"Panna Cotta is given a wonderfully rich chocolately twist thanks to Wicked Sister's Double Choc Panna Cotta. One spoonful of this silky, creamy delight and you'll be transported into a deliciously smooth chocolate world.",,,"Per 100g/ml
Per Serving
%DI
Energy
703kJ
1050kJ
Protein
2.8g
4.2g
Total Fat
7.7g
11.6g
Saturated Fat
5.4g
8.1g
Carbohydrate
22.4g
33.6g
Sugars
19.6g
29.4g
Sodium
51mg
76mg
* Percentage Daily Intakes are based on an average adult diet of 8700 kJ. Your daily intakes may be higher or lower depending on your energy needs.",,https://www.coles.com.au/product/wicked-sister-double-choc-panna-cotta-2x150g-300g-5405724,,,2024-06-17T10:55:45.527994-04:00
"Ind53SColes_ADairy, Eggs & Fridge_SA_IWicked Sister Vanilla Bean Creme Caramel 2X150Gram | 300g",Wicked Sister Vanilla Bean Creme Caramel 2X150Gram | 300g,Wicked Sister,"Dairy, Eggs & Fridge",,,,$4.80,,,$1.60 per 100g,3835595,Your tastebuds will be swooning and saying ooh la la when you taste Wicked Sister's Creme Caramel. Decadently creamy custard overflowing with sweet caramel sauce. A delicious taste sensation you'll be all gooey for.,,,"Per 100g/ml
Per Serving
%DI
Energy
599kJ
898kJ
Protein
2.9g
4.4g
Total Fat
3.4g
5.1g
Saturated Fat
2.4g
3.6g
Carbohydrate
24g
36g
Sugars
21.7g
32.6g
Sodium
71mg
106mg
* Percentage Daily Intakes are based on an average adult diet of 8700 kJ. Your daily intakes may be higher or lower depending on your energy needs.",,https://www.coles.com.au/product/wicked-sister-vanilla-bean-creme-caramel-2x150gram-300g-3835595,,,2024-06-17T10:55:57.792940-04:00
"Ind53SColes_ADairy, Eggs & Fridge_SA_IFancy Plants High Protein Pud Chocolate | 160g",Fancy Plants High Protein Pud Chocolate | 160g,Fancy Plants,"Dairy, Eggs & Fridge",,,,$3.50,,,$2.19 per 100g,6098256,"Fancy feeling better?
Fancy Plants Protein Pud is a delicious plant-based pudding packed with plant protein. Made with Australian grown and processed faba bean protein, Protein Pud contains 10g of protein to help build and repair muscles and provides a source of iron for healthy blood and a source of calcium for strong bones and teeth. Protein Pud is a delicious and nutritious pre or post work out snack¦the proof is in the pudding!
Fancy Plants partners with global organisation 1% for the Planet, that sees 1% of sales going back to people and the planet through the work of high-impact, not-for-profit social and environmental groups.
Plant-based
Vegan
High Protein 10g
4 HSR
Source of iron
Source of calcium
Source of potassium
Dairy free
Gluten free
Fully recyclable packaging
Australian made
1% for the Planet
www.fancyplants.com
Instagram: @fancyplants_au
Facebook: Fancy Plants AU",,,"Per 100g/ml
Per Serving
%DI
Energy
530kJ
848kJ
Protein
6.9g
10.9g
Total Fat
6.3g
10.1g
Saturated Fat
0.7g
1g
Carbohydrate
10.1g
16.2g
Sugars
8.4g
13.4g
Calcium
70mg
111mg
13%
Sodium
28mg
44mg
Iron
1.6mg
2.4mg
20%
Magnesium
13mg
21mg
Potassium
134mg
214mg
* Percentage Daily Intakes are based on an average adult diet of 8700 kJ. Your daily intakes may be higher or lower depending on your energy needs.",,https://www.coles.com.au/product/fancy-plants-high-protein-pud-chocolate-160g-6098256,,,2024-06-17T10:56:10.000392-04:00
"Ind53SColes_ADairy, Eggs & Fridge_SA_ISweetporium Caramel Cheesecake Dessert | 90g",Sweetporium Caramel Cheesecake Dessert | 90g,Sweetporium,"Dairy, Eggs & Fridge",,,,$3.20,Pick any 2 for $5.50,,$3.56 per 100g,7537500,Biscuit crumb layered with sweet caramel sauce and a creamy cheesecake filling,,,"Per 100g/ml
Per Serving
%DI
Energy
1322.70
1190.43
Protein
4.00
3.60
Total Fat
16.90
15.21
Carbohydrate
36.60
32.94
Sugars
25.40
22.86
Sodium
171.00
153.90
Saturated
12.00
10.80
Energy (Cal)
316.44
284.79
Dietary Fibre (total)
0.90
0.81
Trans
0.50
0.45
* Percentage Daily Intakes are based on an average adult diet of 8700 kJ. Your daily intakes may be higher or lower depending on your energy needs.","INGREDIENTS: Caramel Sauce (28%) (Water, Sugar, Thickener (1442), Butter (Milk), Natural Flavours, Caramelised Sugar, Stabiliser (440), Salt, Natural Colour (Carotene), Acidity Regulators (330, 331)), Neufchatel Cheese (17%) (Milk, Cream (Milk), Salt, Stabilisers (410, 412), Cultures), Condensed Milk (Milk, Sugar), Imitation Cream (Water, Palm Oil, Milk Solids, Sugar, Emulsifiers (471 (Soy), 435, Soy Lecithin), Thickeners (415, 412), Salt, Colour (160b)), Biscuit Crumb (14%) (Wheat Flour, Sugar, Palm Oil, Sugar Syrup, Salt, Wheat Bran, Cinnamon, Raising Agent (500)), Coconut Macaroon, Hokey Pokey Pieces (Sugar, Glucose, Cocoa Butter^, Water, Raising Agent (Baking Powder), Whey Protein Concentrate (Milk)), Unsalted Butter (Milk), Water, Beef Gelatine, Natural Caramel Flavour.",https://www.coles.com.au/product/sweetporium-caramel-cheesecake-dessert-90g-7537500,,,2024-06-17T10:56:22.774689-04:00
"Ind53SColes_ADairy, Eggs & Fridge_SA_IColes Finest Black Forest Dessert | 100g",Coles Finest Black Forest Dessert | 100g,Coles,"Dairy, Eggs & Fridge",,,,$4.40,Pick any 2 for $7.50,,$4.40 per 100g,7499718,"A layered dessert made in Italy with sweet cherries, sponge biscuit and mascarpone.",,,"Per 100g/ml
Per Serving
%DI
Energy
916.70
916.70
Protein
3.90
3.90
Total Fat
8.00
8.00
Carbohydrate
32.00
32.00
Sugars
22.00
22.00
Sodium
40.00
40.00
Saturated
5.50
5.50
Energy (Cal)
219.31
219.31
Dietary Fibre (total)
1.30
1.30
Trans
0.10
0.10
* Percentage Daily Intakes are based on an average adult diet of 8700 kJ. Your daily intakes may be higher or lower depending on your energy needs.",,https://www.coles.com.au/product/coles-finest-black-forest-dessert-100g-7499718,,,2024-06-17T10:56:34.672122-04:00
"Ind53SColes_ADairy, Eggs & Fridge_SA_IWicked Sister Chocolate Mousse | 90g",Wicked Sister Chocolate Mousse | 90g,Wicked Sister,"Dairy, Eggs & Fridge",,,,$3.50,,$4.00,$3.89 per 100g,4493974,"Perfectly airy, wonderfully chocolatey and oh so desirable. Wicked Sister's Chocolate Mousse is the ultimate chocolate fix that you've been searching for. Too good for only special occasions, this taste sensation will become a regular favourite.",,,"Per 100g/ml
Per Serving
%DI
Energy
1092kJ
986kJ
Protein
5.6g
5g
Total Fat
13.5g
12.2g
Saturated Fat
11.2g
10.1g
Carbohydrate
26.4g
23.8g
Sugars
20g
18g
Sodium
76mg
69mg
* Percentage Daily Intakes are based on an average adult diet of 8700 kJ. Your daily intakes may be higher or lower depending on your energy needs.",,https://www.coles.com.au/product/wicked-sister-chocolate-mousse-90g-4493974,,,2024-06-17T10:56:46.897751-04:00
"Ind53SColes_ADairy, Eggs & Fridge_SA_IWicked Sister Vanilla Bean Rice Pudding 2x170g | 340g",Wicked Sister Vanilla Bean Rice Pudding 2x170g | 340g,Wicked Sister,"Dairy, Eggs & Fridge",,,,$4.80,,,$1.41 per 100g,2367389,"Without a doubt, Wicked Sister's Rice Pudding is pure, sweet perfection. The creamy, vanilla delight of this rice pudding will comfort your soul while awakening the tastebuds. An absolute crowd pleaser, be sure to keep some for yourself.",,,"Per 100g/ml
Per Serving
%DI
Energy
630kJ
1070kJ
Protein
2.8g
4.8g
Total Fat
5.5g
9.3g
Saturated Fat
3.8g
6.4g
Carbohydrate
21.9g
37.2g
Sugars
14g
23.8g
Sodium
22mg
38mg
* Percentage Daily Intakes are based on an average adult diet of 8700 kJ. Your daily intakes may be higher or lower depending on your energy needs.",,https://www.coles.com.au/product/wicked-sister-vanilla-bean-rice-pudding-2x170g-340g-2367389,,,2024-06-17T10:56:59.815867-04:00
"Ind53SColes_ADairy, Eggs & Fridge_SA_IWicked Sister High Protein Banana Pudding | 170g",Wicked Sister High Protein Banana Pudding | 170g,Wicked Sister,"Dairy, Eggs & Fridge",,,,$3.00,,,$1.76 per 100g,4494060,"Go bananas for our high protein banana pudding. Protein has never tasted so good with Wicked Sister's High Protein Banana Pudding. Creamy and rich, it hits that sweet spot (with no sugar added) while delivering a punch of 15g of protein to fill you up and keep you going.",,,"Per 100g/ml
Per Serving
%DI
Energy
412kJ
700kJ
Protein
9.1g
15.5g
Total Fat
3.5g
5.9g
Saturated Fat
2.5g
4.2g
Carbohydrate
7.2g
21.2g
Sugars
5.7g
9.7g
Sodium
51mg
87mg
* Percentage Daily Intakes are based on an average adult diet of 8700 kJ. Your daily intakes may be higher or lower depending on your energy needs.",,https://www.coles.com.au/product/wicked-sister-high-protein-banana-pudding-170g-4494060,,,2024-06-17T10:57:57.858799-04:00
"Ind53SColes_ADairy, Eggs & Fridge_SA_IThe Sweetporium Co. Passionfruit & Mango Cheesecake | 180g",The Sweetporium Co. Passionfruit & Mango Cheesecake | 180g,The Sweetporium Co,"Dairy, Eggs & Fridge",,,,$4.90,,,$2.72 per 100g,7500792,Biscuit crumb layered with a creamy cheesecake filling and passionfruit & mango sauce,,,"Per 100g/ml
Per Serving
%DI
Energy
1078.50
970.65
Protein
5.40
4.86
Total Fat
12.50
11.25
Carbohydrate
30.60
27.54
Sugars
21.10
18.99
Sodium
100.00
90.00
Saturated
8.50
7.65
Energy (Cal)
258.01
232.21
Dietary Fibre (total)
0.50
0.45
Trans
0.10
0.09
* Percentage Daily Intakes are based on an average adult diet of 8700 kJ. Your daily intakes may be higher or lower depending on your energy needs.",,https://www.coles.com.au/product/the-sweetporium-co.-passionfruit-and-mango-cheesecake-180g-7500792,,,2024-06-17T10:58:10.021955-04:00
"Ind53SColes_ADairy, Eggs & Fridge_SA_IPauls Chocolate Mousse Despicable Me Minions 12X50g | 600g",Pauls Chocolate Mousse Despicable Me Minions 12X50g | 600g,Pauls,"Dairy, Eggs & Fridge",,,,$8.00,,,$1.33 per 100g,1870507,"Pauls Kids Despicable Me Minions Chocolate Mousse is a delicious dairy snack packed with dairy goodness and is free from artificial colours and preservatives.

Featuring the lovable minions from Despicable Me!

At Pauls, we love dairy. We're pretty passionate about making great tasting products packed with real dairy goodness. We put that devotion into every Pauls milk, cream, custard and yoghurt we make. 
No artificial Colours

No artificial flavours",,,"Per 100g/ml
Per Serving
%DI
Energy
865kJ
433kJ
Protein
4.5g
2.3g
Total Fat
12.0g
6.0g
Saturated Fat
7.8g
3.9g
Carbohydrate
20.0g
10.0g
Sugars
18.8g
9.4g
Sodium
66mg
33mg
Monounsaturated
0g
0g
Energy (Cal)
207Cal
104Cal
Dietary Fibre (total)
0g
0g
Polyunsaturated
0g
0g
Trans
0g
0g
* Percentage Daily Intakes are based on an average adult diet of 8700 kJ. Your daily intakes may be higher or lower depending on your energy needs.",,https://www.coles.com.au/product/pauls-chocolate-mousse-despicable-me-minions-12x50g-600g-1870507,,,2024-06-17T10:58:21.439976-04:00
"Ind53SColes_ADairy, Eggs & Fridge_SA_IIsland Berries Tasmania Panna Cotta With Raspberry Coulis | 145g",Island Berries Tasmania Panna Cotta With Raspberry Coulis | 145g,Island Berries Tasmania,"Dairy, Eggs & Fridge",,,,$4.50,,,$3.10 per 100g,5060586,"Panna Cotta is a traditional dessert prepared in farmhouse kitchens in the Piedmont region of north-west Italy. The silky smoothness of rich fresh dairy cream, with a subtle fragrance of vanilla, is accompanied by the freshness of Raspberry Coulis.",,,"Per 100g/ml
Per Serving
%DI
Energy
1370kJ
1990kJ
Protein
2g
3g
Total Fat
29.9g
48.3g
Saturated Fat
19.1g
27.8g
Carbohydrate
12.5g
18.2g
Sugars
12.5g
18.2g
Sodium
32mg
47mg
* Percentage Daily Intakes are based on an average adult diet of 8700 kJ. Your daily intakes may be higher or lower depending on your energy needs.","Fresh cream (93%), Sugar, Vanilla extract, Carrageenan (407), Raspberry Coulis (Raspberries (57%), Water, Sugar, Carrageenan (407))",https://www.coles.com.au/product/island-berries-tasmania-panna-cotta-with-raspberry-coulis-145g-5060586,,,2024-06-17T10:58:33.494720-04:00
"Ind53SColes_ADairy, Eggs & Fridge_SA_IWicked Sister High Protein Strawberry Pudding | 170g",Wicked Sister High Protein Strawberry Pudding | 170g,Wicked Sister,"Dairy, Eggs & Fridge",,,,$3.00,,,$1.76 per 100g,5418770,"Taste the most scrumptious strawberry delight with Wicked Sister's High Protein Strawberry Pudding. Its smooth, creamy and fresh flavour will satisfy any sweet craving and keep you coming back for more. With no added sugar and a 15g hit of protein this is a taste of a summer strawberry paradise.",,,"Per 100g/ml
Per Serving
%DI
Energy
409kJ
695kJ
Protein
9.2g
15.6g
Total Fat
3.5g
5.9g
Saturated Fat
2.4g
4.2g
Carbohydrate
6.5g
11.1g
Sugars
5.2g
8.8g
Sodium
52mg
88mg
* Percentage Daily Intakes are based on an average adult diet of 8700 kJ. Your daily intakes may be higher or lower depending on your energy needs.",,https://www.coles.com.au/product/wicked-sister-high-protein-strawberry-pudding-170g-5418770,,,2024-06-17T10:58:45.006937-04:00
"Ind53SColes_ADairy, Eggs & Fridge_SA_ISweetporium Lamington Dessert | 90g",Sweetporium Lamington Dessert | 90g,Sweetporium,"Dairy, Eggs & Fridge",,,,$3.20,Pick any 2 for $5.50,,$3.56 per 100g,7537566,"Sponge cake crumb layered with strawberry sauce, chocolate mousse and desiccated coconut",,,"Per 100g/ml
Per Serving
%DI
Energy
1507.10
1356.39
Protein
3.00
2.70
Total Fat
26.80
24.12
Carbohydrate
26.90
24.21
Sugars
19.40
17.46
Sodium
131.00
117.90
Saturated
18.20
16.38
Energy (Cal)
360.55
324.50
Dietary Fibre (total)
0.90
0.81
Trans
0.70
0.63
* Percentage Daily Intakes are based on an average adult diet of 8700 kJ. Your daily intakes may be higher or lower depending on your energy needs.",,https://www.coles.com.au/product/sweetporium-lamington-dessert-90g-7537566,,,2024-06-17T10:58:56.490640-04:00
"Ind53SColes_ADairy, Eggs & Fridge_SADairy Desserts_INestle Chocolate Mousse Dessert | 124g",Nestle Chocolate Mousse Dessert | 124g,Nestle,"Dairy, Eggs & Fridge",Dairy Desserts,Chilled Dairy Desserts,,$2.80,,,$2.26 per 100g,8477109,"Nestle believes that proper nutrition and physical activity are important in maintaining good health.
Nestle Chocolate Mousse is a Smooth and creamy milk chocolate mousse, made with Australian milk.
Made with Australian Milk
Source of Calcium",,,"Per 100g/ml
Per Serving
%DI
Energy
875
543
6%
Protein
4.9g
3.0g
6%
Total Fat
11.8g
7.3g
10%
Saturated Fat
8.3g
5.1g
21%
Carbohydrate
20.8g
12.9g
4%
Sugars
19.4g
12.0g
13%
Sodium
46mg
28mg
1%
Energy (Cal)
209
130
6%
* Percentage Daily Intakes are based on an average adult diet of 8700 kJ. Your daily intakes may be higher or lower depending on your energy needs.",,https://www.coles.com.au/product/nestle-chocolate-mousse-dessert-124g-8477109,,,2024-06-17T10:59:09.392113-04:00
"Ind53SColes_ADairy, Eggs & Fridge_SADairy Desserts_IWicked Sister Raspberry Tiramisu | 100g",Wicked Sister Raspberry Tiramisu | 100g,Wicked Sister,"Dairy, Eggs & Fridge",Dairy Desserts,Chilled Dairy Desserts,,$3.50,,$4.00,$3.50 per 100g,6934822,,,,,,https://www.coles.com.au/product/wicked-sister-raspberry-tiramisu-100g-6934822,,,2024-06-17T10:59:20.509341-04:00
"Ind53SColes_ADairy, Eggs & Fridge_SADairy Desserts_IWicked Sister Tiramisu | 90g",Wicked Sister Tiramisu | 90g,Wicked Sister,"Dairy, Eggs & Fridge",Dairy Desserts,Chilled Dairy Desserts,,$3.50,,$4.00,$3.89 per 100g,4493996,"Tiramisu means 'pick me up' and one mouthful of the perfection of Wicked Sister's Tiramisu and you'll know why. Deliciously layered flavours of biscuit, coffee and cream combine to give you the dessert you've been craving.",,,"Per 100g/ml
Per Serving
%DI
Energy
1095kJ
986kJ
Protein
4.6g
4.1g
Total Fat
11.4g
10.3g
Saturated Fat
9.2g
8.3g
Carbohydrate
31.1g
28g
Sugars
18.7g
16.8g
Sodium
84mg
76mg
* Percentage Daily Intakes are based on an average adult diet of 8700 kJ. Your daily intakes may be higher or lower depending on your energy needs.",,https://www.coles.com.au/product/wicked-sister-tiramisu-90g-4493996,,,2024-06-17T11:00:18.658015-04:00
"Ind53SColes_ADairy, Eggs & Fridge_SADairy Desserts_IKenilworth Dairies Rich Chocolate Mousse | 170g",Kenilworth Dairies Rich Chocolate Mousse | 170g,Kenilworth Dairies,"Dairy, Eggs & Fridge",Dairy Desserts,Chilled Dairy Desserts,,$3.40,,$3.80,$2.00 per 100g,6913232,"This “Oh-my-goodness-mousse” is rich, light and fluffy, with a ‘chocolat-i-ness' that Charlie would be proud of. Make someone happy - or grab one for yourself - Premium Australian Dairy",,,"Per 100g/ml
Per Serving
%DI
Energy
855
855
Protein
5.7
5.7
Total Fat
11
11
Saturated Fat
7.2
7.2
Carbohydrate
20.2
20.2
Sugars
19.6
19.6
Sodium
74
74
* Percentage Daily Intakes are based on an average adult diet of 8700 kJ. Your daily intakes may be higher or lower depending on your energy needs.",,https://www.coles.com.au/product/kenilworth-dairies-rich-chocolate-mousse-170g-6913232,,,2024-06-17T11:00:30.816553-04:00
"Ind53SColes_ADairy, Eggs & Fridge_SADairy Desserts_IFancy Plants Chocolate Silky Pot 2x95g | 190g",Fancy Plants Chocolate Silky Pot 2x95g | 190g,Fancy Plants,"Dairy, Eggs & Fridge",Dairy Desserts,Chilled Dairy Desserts,,$3.95,,$4.40,$2.08 per 100g,3857667,"Fancy turning over a new leaf?
Fancy Plants Silky Pot is an indulgent plant-based pudding named after its smooth as silk texture. Silky Pot makes eating plant-based fabulously delicious and every pot contains prebiotic fibre which helps support digestive health.
Fancy Plants partners with global organisation 1% for the Planet, that sees 1% of sales going back to people and the planet through the work of high-impact, not-for-profit social and environmental groups.
Plant-based
Vegan
Source of fibre
Source of calcium
Contains prebiotic fibre
Dairy free
Gluten free
Fully recyclable packaging
Australian made
1% for the Planet
www.fancyplants.com
Instagram: @fancyplants_au
Facebook: Fancy Plants AU",,,"Per 100g/ml
Per Serving
%DI
Energy
619kJ
588kJ
Protein
1.1g
1g
Total Fat
8.5g
8.1g
Saturated Fat
6.6g
6.3g
Carbohydrate
15.4g
14.6g
Sugars
11.4g
10.8g
Calcium
100mg
95mg
11%
Sodium
9mg
8mg
* Percentage Daily Intakes are based on an average adult diet of 8700 kJ. Your daily intakes may be higher or lower depending on your energy needs.","Coconut Milk (74%) (Water, Coconut Cream (16%)), Sugar, Cocoa Butter (4%), Thickener (Cornflour), Chicory Root Fibre (3%), Cocoa Powder (2.8%), Vegetable Gums (Agar Agar, Guar Gum, Carob Gum), Emulsifier (Mono-and di-glycerides of fatty acids (Sunflower)), Mineral Salt (Calcium Carbonate), Natural Flavour, Natural Preservative (Nisin).",https://www.coles.com.au/product/fancy-plants-chocolate-silky-pot-2x95g-190g-3857667,,,2024-06-17T11:00:42.903421-04:00
"Ind53SColes_ADairy, Eggs & Fridge_SADairy Desserts_IFancy Plants Vanilla Rice Pud 2x110g | 220g",Fancy Plants Vanilla Rice Pud 2x110g | 220g,Fancy Plants,"Dairy, Eggs & Fridge",Dairy Desserts,Chilled Dairy Desserts,,$3.95,,$4.40,$1.80 per 100g,3857703,"Fancy a twist on an old time fave?
Enter Fancy Plants Vanilla Rice Pud, a fabulously fancy plant-based upgrade to the classic rice pudding. Seriously tasty with the added nutritional benefits of fibre and calcium.
Fancy Plants partners with global organisation 1% for the Planet, that sees 1% of sales going back to people and the planet through the work of high-impact, not-for-profit social and environmental groups.
Come to the plant side, we've got pud!
Plant-based
Vegan
Source of fibre
Contains prebiotic fibre
Source of calcium
Dairy free
Gluten free
Fully recyclable packaging
Australian made
1% for the Planet
www.fancyplants.com
Instagram: @fancyplants_au
Facebook: Fancy Plants AU",,,"Per 100g/ml
Per Serving
%DI
Energy
359kJ
394kJ
Protein
0.9g
1g
Total Fat
4g
4.4g
Saturated Fat
3.7g
4.1g
Carbohydrate
11g
12.1g
Sugars
7.5g
8.3g
Calcium
107mg
117mg
15%
Sodium
47mg
52mg
* Percentage Daily Intakes are based on an average adult diet of 8700 kJ. Your daily intakes may be higher or lower depending on your energy needs.",,https://www.coles.com.au/product/fancy-plants-vanilla-rice-pud-2x110g-220g-3857703,,,2024-06-17T11:00:54.150542-04:00
"Ind53SColes_ADairy, Eggs & Fridge_SADairy Desserts_IKenilworth Dairies Coffee Mousse | 170g",Kenilworth Dairies Coffee Mousse | 170g,Kenilworth Dairies,"Dairy, Eggs & Fridge",Dairy Desserts,Chilled Dairy Desserts,,$3.40,,$3.80,$2.00 per 100g,6913673,"Introducing the enchanting Coffee Mousse 170g, a delightful treat that will whisk you away to a realm of pure coffee bliss! Imagine a cloud of creamy goodness infused with the captivating aroma of freshly brewed coffee, dancing on your taste buds with every spoonful.",,,"Per 100g/ml
Per Serving
%DI
Energy
844
844
Protein
5.2
5.2
Total Fat
10.4
10.4
Saturated Fat
6.8
6.8
Carbohydrate
21.6
21.6
Sugars
20.3
20.3
Sodium
76
76
* Percentage Daily Intakes are based on an average adult diet of 8700 kJ. Your daily intakes may be higher or lower depending on your energy needs.",,https://www.coles.com.au/product/kenilworth-dairies-coffee-mousse-170g-6913673,,,2024-06-17T11:01:05.179441-04:00
"Ind53SColes_ADairy, Eggs & Fridge_SADairy Desserts_IColes Finest Italian Speculoos Tiramisu | 100g",Coles Finest Italian Speculoos Tiramisu | 100g,Coles,"Dairy, Eggs & Fridge",Dairy Desserts,Chilled Dairy Desserts,,$4.40,Pick any 2 for $7.50,,$4.40 per 100g,7500760,"A layered dessert made in Italy with Belgian Speculoos biscuit, Marsala wine and mascarpone.",,,"Per 100g/ml
Per Serving
%DI
Energy
1050.20
1050.20
Protein
4.40
4.40
Total Fat
10.30
10.30
Carbohydrate
34.30
34.30
Sugars
22.20
22.20
Sodium
90.00
90.00
Saturated
7.90
7.90
Energy (Cal)
251.24
251.24
Dietary Fibre (total)
1.40
1.40
Trans
0.10
0.10
* Percentage Daily Intakes are based on an average adult diet of 8700 kJ. Your daily intakes may be higher or lower depending on your energy needs.","INGREDIENTS: Mascarpone Cream (63%) (Water, Glucose Syrup (Wheat), Skimmed Milk Powder, Mascarpone (10%) (Cream (Milk), Milk, Acidity Regulator (270)), Free Range Egg, Coconut Oil, Sugar, Marsala (2%), Alcohol, Citrus Fibre, Thickener (407), Natural Flavouring (Milk, Egg), Emulsifier (471)), Coffee Sauce (18%) (Water, Glucose Syrup (Wheat), Alcohol, Instant Coffee^ (3%), Sugar, Colombian Coffee Extract^ (0.6%)), Belgian Speculoos Biscuit (18%) (Wheat Flour, Brown Sugar, Butter (Milk), Free Range Egg, Sugar Syrup, Sea Salt, Raising Agent (500), Cinnamon), Cocoa Powder^ (1%).",https://www.coles.com.au/product/coles-finest-italian-speculoos-tiramisu-100g-7500760,,,2024-06-17T11:01:18.366637-04:00
"Ind53SColes_ADairy, Eggs & Fridge_SADairy Desserts_IYoplait Le Rice Classic Vanilla Dessert 2x150g | 2 pack",Yoplait Le Rice Classic Vanilla Dessert 2x150g | 2 pack,Yoplait,"Dairy, Eggs & Fridge",Dairy Desserts,Chilled Dairy Desserts,,$3.75,Buy 2 for $6.50,,$1.25 per 100g,5748855,"Yoplait LeRice Classic Vanilla is a delicious creamy rice pudding. 97% fat free and a source of calcium. Enjoy for a morning snack, afternoon treat, or even dessert, the choice is yours.
97% fat free

source of calcium",,,"Per 100g/ml
Per Serving
%DI
Energy
456kJ
684kJ
8%
Protein
2.8g
4.2g
8%
Total Fat
2.7g
4.1g
6%
Saturated Fat
1.8g
2.7g
11%
Carbohydrate
18.1g
27.2g
9%
Sugars
11.3g
17.0g
19%
Calcium
78mg
117mg
Sodium
66mg
99mg
4%
Energy (Cal)
109Cal
164Cal
Dietary Fibre (total)
0.0g
0.0g
0%
* Percentage Daily Intakes are based on an average adult diet of 8700 kJ. Your daily intakes may be higher or lower depending on your energy needs.",,https://www.coles.com.au/product/yoplait-le-rice-classic-vanilla-dessert-2x150g-2-pack-5748855,,,2024-06-17T11:01:29.645068-04:00
"Ind53SColes_ADairy, Eggs & Fridge_SADairy Desserts_ISweetporium Cookies & Cream Dessert | 90g",Sweetporium Cookies & Cream Dessert | 90g,Sweetporium,"Dairy, Eggs & Fridge",Dairy Desserts,Chilled Dairy Desserts,,$3.20,Pick any 2 for $5.50,,$3.56 per 100g,7537544,Cookie crumb layered with a creamy cheesecake filling,,,"Per 100g/ml
Per Serving
%DI
Energy
1206.40
1085.76
Protein
5.00
4.50
Total Fat
11.00
9.90
Carbohydrate
41.60
37.44
Sugars
15.70
14.13
Sodium
165.00
148.50
Saturated
7.40
6.66
Energy (Cal)
288.61
259.75
Dietary Fibre (total)
0.90
0.81
Trans
0.50
0.45
* Percentage Daily Intakes are based on an average adult diet of 8700 kJ. Your daily intakes may be higher or lower depending on your energy needs.","INGREDIENTS: Thickened Cream (Cream (Milk), Skimmed Milk, Thickeners (412, 407)), Cookie Crumb (23%) (Wheat Flour, Sugar, Palm Oil**, Cocoa^, Golden Syrup, Salt, Raising Agent (Baking Powder), Natural Vanilla Flavour), Neufchatel Cheese (21%) (Milk, Cream (Milk), Salt, Stabilisers (410, 412), Cultures), Sugar, Water, Unsalted Butter (Milk), Beef Gelatine, Vanilla Flavouring.",https://www.coles.com.au/product/sweetporium-cookies-and-cream-dessert-90g-7537544,,,2024-06-17T11:01:40.941803-04:00
"Ind53SColes_ADairy, Eggs & Fridge_SADairy Desserts_IColes Finest Italian Limoncello Dessert | 100g",Coles Finest Italian Limoncello Dessert | 100g,Coles,"Dairy, Eggs & Fridge",Dairy Desserts,Chilled Dairy Desserts,,$4.40,Pick any 2 for $7.50,,$4.40 per 100g,7500613,"A layered dessert made in Italy with lemon zest, sponge biscuit and mascarpone.",,,"Per 100g/ml
Per Serving
%DI
Energy
943.70
943.70
Protein
3.70
3.70
Total Fat
8.40
8.40
Carbohydrate
33.20
33.20
Sugars
21.60
21.60
Sodium
47.00
47.00
Saturated
6.10
6.10
Energy (Cal)
225.77
225.77
Dietary Fibre (total)
0.70
0.70
Trans
0.10
0.10
* Percentage Daily Intakes are based on an average adult diet of 8700 kJ. Your daily intakes may be higher or lower depending on your energy needs.","INGREDIENTS: Mascarpone Mousse (56%) [Water, Glucose Syrup (Wheat), Skimmed Milk Powder, Mascarpone (10%) (Cream (Milk), Milk, Acidity Regulator (270)), Cream (Milk), Coconut Oil, Sugar, Free Range Egg, Concentrated Lemon Juice, Alcohol, Citrus Fibre, Thickener (407), Emulsifier (471), Natural Flavouring], Lemon Coulis (22%) [Lemon Juice (36%), Water, Sugar, Candied Lemon Zest (10%) (Lemon Zest, Glucose-Fructose Syrup, Sugar, Lemon Juice), Corn Starch, Stabiliser (440), Preservative (Potassium Sorbate), Natural Lemon Flavouring (0.01%)], Limoncello Flavoured Sauce (14%) [Water, Glucose Syrup (Wheat), Alcohol, Natural Flavouring], Sponge Biscuit (7%) [Wheat Flour, Free Range Egg, Sugar, Emulsifier (471), Raising Agents (450, 500)], Crumbled Apricot Kernel Biscuit (1.5%) [Sugar, Wheat Flour, Free Range Egg, Apricot Kernel, Lactose (Milk) & Milk Protein, Butter (Milk), Natural Flavouring, Raising Agent (500)].",https://www.coles.com.au/product/coles-finest-italian-limoncello-dessert-100g-7500613,,,2024-06-17T11:01:52.436673-04:00
"Ind53SColes_ADairy, Eggs & Fridge_SA_IIsland Berries Tasmania Panna Cotta With Raspberry Coulis | 145g",Island Berries Tasmania Panna Cotta With Raspberry Coulis | 145g,Island Berries Tasmania,"Dairy, Eggs & Fridge",,,,$4.50,,,$3.10 per 100g,5060586,"Panna Cotta is a traditional dessert prepared in farmhouse kitchens in the Piedmont region of north-west Italy. The silky smoothness of rich fresh dairy cream, with a subtle fragrance of vanilla, is accompanied by the freshness of Raspberry Coulis.",,,"Per 100g/ml
Per Serving
%DI
Energy
1370kJ
1990kJ
Protein
2g
3g
Total Fat
29.9g
48.3g
Saturated Fat
19.1g
27.8g
Carbohydrate
12.5g
18.2g
Sugars
12.5g
18.2g
Sodium
32mg
47mg
* Percentage Daily Intakes are based on an average adult diet of 8700 kJ. Your daily intakes may be higher or lower depending on your energy needs.",,https://www.coles.com.au/product/island-berries-tasmania-panna-cotta-with-raspberry-coulis-145g-5060586,,,2024-06-17T16:04:04.161258-04:00
