idx,name,brand,aisle,subaisle,subsubaisle,size,price,multi_price,old_price,pricePerUnit,itemNum,description,serving,img_urls,item_label,item_ingredients,url,SKU,UPC,timeStamp
"Ind53SColes_ADairy, Eggs & Fridge_SA_IAnnie's Orchard Unsweetened Oat Milk | 1L",Annie's Orchard Unsweetened Oat Milk | 1L,Annies Orchard,"Dairy, Eggs & Fridge",,,,$3.30,,,$3.30 per 1L,6450214,"Annie's Orchard Unsweetened Oat Milk is made from 100% Aussie oats, sourced from local farmers and growers.",,,"Per 100g/ml
Per Serving
%DI
Energy
224kJ
560kJ
6%
Protein
1g
2.5g
5%
Total Fat
1.9g
4.8g
7%
Saturated Fat
0.3g
0.8g
3%
Carbohydrate
8.1g
20.3g
7%
Sugars
1.4g
3.5g
4%
Calcium
80mg
200mg
25%
Sodium
39mg
98mg
4%
Dietary Fibre (total)
3.5g
8.8g
29%
* Percentage Daily Intakes are based on an average adult diet of 8700 kJ. Your daily intakes may be higher or lower depending on your energy needs.",,https://www.coles.com.au/product/annie's-orchard-unsweetened-oat-milk-1l-6450214,,,2024-06-17T16:56:27.897260-04:00
"Ind53SColes_ADairy, Eggs & Fridge_SA_IRokeby Farms Fitmilk Lactose Free | 1L",Rokeby Farms Fitmilk Lactose Free | 1L,Rokeby Farms,"Dairy, Eggs & Fridge",,,,$3.20,,,$3.20 per 1L,5610155,"FitMilk is the perfect nutritional balance of 100% fresh Aussie milk that is lactose free, with 50% more protein and 50% less sugar. Giving you more of what you need, and less of what you don't.",,,"Per 100g/ml
Per Serving
%DI
Energy
269kJ
672kJ
Protein
5g
12.5g
Total Fat
3.8g
9.5g
Saturated Fat
2.5g
6.3g
Carbohydrate
2.5g
6.3g
Sugars
2.3g
5.8g
Calcium
140mg
350mg
Sodium
30mg
75mg
Magnesium
10mg
25mg
Potassium
120mg
300mg
* Percentage Daily Intakes are based on an average adult diet of 8700 kJ. Your daily intakes may be higher or lower depending on your energy needs.",,https://www.coles.com.au/product/rokeby-farms-fitmilk-lactose-free-1l-5610155,,,2024-06-17T16:56:39.581834-04:00
"Ind53SColes_ADairy, Eggs & Fridge_SAMilk_IA2 Dairy Full Cream Milk | 2L",A2 Dairy Full Cream Milk | 2L,A2,"Dairy, Eggs & Fridge",Milk,Full cream milk,,$6.90,,,$3.45 per 1L,9760091,"a2 Milk is no ordinary milk!

It is real milk that may be easier on digestion for some people*.

As the number 1 producer of A1 protein free milk in Australia, our purpose is to pioneer the future of dairy for good.


For more information on the a2 Milk difference visit www.a2milk.com.au

*a2 Milk comes from cows specially selected to naturally produce milk with only the A2-type beta-casein protein so may be easier on digestion than ordinary milk for some milk intolerant individuals when consumed as part of a healthy, varied diet.
All natural with no additives, this delicious and creamy fresh milk with less than 4g of fat per 100mL

Easier on digestion for some**a2 Milk comes from cows specially selected to naturally produce milk with only the A2-type beta-casein protein so may be easier on digestion than regular milk for some milk intolerant individuals when consumed as part of a healthy, varied diet.

Naturally all A2-type beta-casein protein type, and no A1Some people may be sensitive to a protein called A1 beta-casein commonly found in milk.

The perfect milk for all occasions! Use a2 Milk in tea and coffee, baking, cooking, with cereal, with cookies, or simply enjoy on its own.

a2 Milk has been proudly partnering with Landcare Australia since 2017 to support our farmers with initiatives to protect, enhance and restore the natural environment

Good source of calcium.

Contains Protein.",,,"Per 100g/ml
Per Serving
%DI
Energy
275kJ
688kJ
0
Protein
3.3g
8.3g
0
Total Fat
3.5g
8.8g
0
Saturated Fat
2.4g
6.0g
0
Carbohydrate
5.0g
12.5g
0
Sugars
4.7g
11.8g
0
Calcium
109mg
273mg
34.0%
Sodium
33mg
83mg
0
Monounsaturated
0
0
0
Energy (Cal)
65 Cal
163 Cal
0
Dietary Fibre (total)
0
0
0
Polyunsaturated
0
0
0
Potassium
147mg
368mg
0
Trans
0
0
0
* Percentage Daily Intakes are based on an average adult diet of 8700 kJ. Your daily intakes may be higher or lower depending on your energy needs.",,https://www.coles.com.au/product/a2-dairy-full-cream-milk-2l-9760091,,,2024-06-17T16:56:50.932292-04:00
"Ind53SColes_ADairy, Eggs & Fridge_SAMilk_IColes Organic Lite Milk | 1L",Coles Organic Lite Milk | 1L,Coles,"Dairy, Eggs & Fridge",Milk,Specialty milk,,$2.60,,,$2.60 per 1L,3227160,"Coles certified organic products are grown and pasturised without the use of synthetic chemicals, fertilisers, pesticides, or herbicides. Organic farming uses production practices for a sustainable future",,,"Per 100g/ml
Per Serving
%DI
Energy
186.97
467.43
Protein
3.78
9.45
Carbohydrate
4.65
11.63
Sugars
4.45
11.13
Calcium
128.00
320.00
Sodium
41.00
102.50
Saturated
0.85
2.13
Energy (Cal)
44.73
111.82
Fat
1.18
2.95
Dietary Fibre (total)
0.00
0.00
* Percentage Daily Intakes are based on an average adult diet of 8700 kJ. Your daily intakes may be higher or lower depending on your energy needs.",INGREDIENTS: Certified Organic Australian Homogenised and Pasteurised Lite Milk(dagger symbol).,https://www.coles.com.au/product/coles-organic-lite-milk-1l-3227160,,,2024-06-17T16:57:02.108671-04:00
"Ind53SColes_ADairy, Eggs & Fridge_SAMilk_INorco Finest Full Cream Milk | 1.5L",Norco Finest Full Cream Milk | 1.5L,Norco,"Dairy, Eggs & Fridge",Milk,Full cream milk,,$3.95,,$4.40,$2.63 per 1L,3387916,"When selecting Our Finest Full Cream you are choosing delicious, full-bodied milk high in cream, protein and abundant flavour. The perfect all-rounder, this milk is multi-talented, creating the perfect crema for your coffee, the ultimate morning smoothie and a wholesome addition to your cereal. Or you can enjoy it chilled and refreshing, straight from the glass (not straight from the bottle).
100% Australian Farmer Owned

Permeate Free

Bottle made from Recycled Plastic

High Cream",,,"Per 100g/ml
Per Serving
%DI
Energy
326kJ
815kJ
9.00%
Protein
3.9g
9.8g
20.00%
Total Fat
4.7g
11.8g
17.00%
Saturated Fat
3.3g
8.3g
34.00%
Carbohydrate
5g
12.5g
4.00%
Sugars
5g
12.5g
14.00%
Calcium
149mg
373mg
47.00%
Sodium
48mg
120mg
5.00%
Monounsaturated
0
0
0
Energy (Cal)
78Cal
196Cal
0
Dietary Fibre (total)
0
0
0
Polyunsaturated
0
0
0
Trans
0
0
0
* Percentage Daily Intakes are based on an average adult diet of 8700 kJ. Your daily intakes may be higher or lower depending on your energy needs.",,https://www.coles.com.au/product/norco-finest-full-cream-milk-1.5l-3387916,,,2024-06-17T16:57:13.282748-04:00
"Ind53SColes_ADairy, Eggs & Fridge_SAMilk_IPauls Zymil Gluten free & lactose Free Full Cream Milk | 2L",Pauls Zymil Gluten free & lactose Free Full Cream Milk | 2L,Pauls,"Dairy, Eggs & Fridge",Milk,Specialty milk,,$6.80,,,$3.40 per 1L,1902454,"At Pauls, we love dairy. We're pretty passionate about making great tasting products packed with real dairy goodness. We put that devotion into every Pauls milk, cream, custard and yoghurt we make. Milk is a natural source of protein, vitamins and minerals essential for good health. Rich in calcium, Pauls Zymil is simply milk which is easy to digest (As part of a healthy and varied diet, consuming Zymil instead of regular milk helps ease digestion in those who are sensitive to lactose). Plus Pauls Zymil is lactose free and made from real milk so it has all of the natural goodness of regular milk. Lactose free, easy to digest and rich in calcium.
Full cream milk

Lactose free

Gluten free

Easy to digest",,,"Per 100g/ml
Per Serving
%DI
Energy
270kJ
675kJ
Protein
3.4g
8.5g
Total Fat
3.6g
9.0g
Saturated Fat
2.3g
5.8g
Carbohydrate
4.7g
11.8g
Sugars
4.7g
11.8g
Vitamin B2
0.2mg
0.4mg
25% RDI^
Calcium
125mg
313mg
39% RDI^
Lactose
Nil
Nil
Sodium
40mg
100mg
Energy (Cal)
64Cal
161Cal
Dietary Fibre (total)
0.0g
0.0g
Galactose
2.4g
6.0g
* Percentage Daily Intakes are based on an average adult diet of 8700 kJ. Your daily intakes may be higher or lower depending on your energy needs.","Full cream milk, enzyme (lactase).",https://www.coles.com.au/product/pauls-zymil-gluten-free-and-lactose-free-full-cream-milk-2l-1902454,,,2024-06-17T16:57:25.277937-04:00
"Ind53SColes_ADairy, Eggs & Fridge_SAMilk_IColes Full Cream Milk | 600mL",Coles Full Cream Milk | 600mL,Coles,"Dairy, Eggs & Fridge",Milk,Full cream milk,,$1.30,,,$2.17 per 1L,6759482,"Coles Australian Dairy Full Cream Milk, 600mL carton. The hard work and dedicated spirit of dairy farmers is embedded in the fabric of our country. That's why Coles is proud to directly partner with dairy farmers in New South Wales and Victoria, offering longer term agreements and helping farmers better plan for their future. We know each and every farmer we source our milk from and that's what makes us better together. The fresh, creamy goodness of milk is a source of protein and is rich in calcium for healthy teeth and bones. Enjoy the nourishment of Coles milk every day.",,,"Per 100g/ml
Per Serving
%DI
Energy
260
650
7
Total Fat
3.3
8.3
12
Carbohydrate
4.70
11.75
Sugars
4.70
11.75
Calcium
125
313
Sodium
38
95
4
Energy (Cal)
62
155
Dietary Fibre (total)
0.00
0.00
* Percentage Daily Intakes are based on an average adult diet of 8700 kJ. Your daily intakes may be higher or lower depending on your energy needs.",INGREDIENTSHomogenised and Pasteurised Full Cream Milk,https://www.coles.com.au/product/coles-full-cream-milk-600ml-6759482,,,2024-06-17T16:57:36.524789-04:00
"Ind53SColes_ADairy, Eggs & Fridge_SA_INorco Full Cream Milk | 2L",Norco Full Cream Milk | 2L,Norco,"Dairy, Eggs & Fridge",,,,$4.00,,,$2.00 per 1L,3892839,"We started making our rich, delicious full cream milk over 100 years ago. Since then, not much has changed. It's just as delicious and wholesome as ever! Our full cream milk is still brought to you by a co-operative of passionate Norco dairy farmers in Northern New South Wales and South East Queensland and always will be. It's permeate free, and chock-full of protein, calcium, and other goodness.",,,"Per 100g/ml
Per Serving
%DI
Energy
271kJ
678kJ
8%
Protein
3.3g
8.3g
17%
Total Fat
3.6g
9g
13%
Saturated Fat
2.4g
6g
25%
Carbohydrate
4.8g
12g
4%
Sugars
4.8g
12g
13%
Calcium
123mg
308mg
38%
Sodium
43mg
108mg
5%
* Percentage Daily Intakes are based on an average adult diet of 8700 kJ. Your daily intakes may be higher or lower depending on your energy needs.",,https://www.coles.com.au/product/norco-full-cream-milk-2l-3892839,,,2024-06-17T16:57:47.919836-04:00
"Ind53SColes_ADairy, Eggs & Fridge_SAMilk_IOak Violet Crumble Flavoured Milk | 600mL",Oak Violet Crumble Flavoured Milk | 600mL,Oak,"Dairy, Eggs & Fridge",Milk,Milk flavoured,,$3.90,Pick any 2 for $5,,$6.50 per 1L,7840597,"Hungrythirsty thinks it won't crumble under pressure. Dream on. Enter OAK Violet Crumble with its full-on honeycomb flavour explosion, teamed with delicious milk chocolate to land the final blow. Feeling shattered? That's all that matters.",,,"Per 100g/ml
Per Serving
%DI
Energy
362 kJ
1090 kJ
Protein
3.4 g
10.2 g
Total Fat
3.4 g
10.2 g
Saturated Fat
2.2 g
6.6 g
Carbohydrate
10.5 g
31.5 g
Sugars
10.1 g
30.3 g
Calcium
115 mg
345 mg
43%
Sodium
62 mg
186 mg
* Percentage Daily Intakes are based on an average adult diet of 8700 kJ. Your daily intakes may be higher or lower depending on your energy needs.",,https://www.coles.com.au/product/oak-violet-crumble-flavoured-milk-600ml-7840597,,,2024-06-17T16:57:59.662017-04:00
"Ind53SColes_ADairy, Eggs & Fridge_SA_IBabushka's Probiotic Kefir Yoghurt Organic Natural | 750mL",Babushka's Probiotic Kefir Yoghurt Organic Natural | 750mL,Babushkas,"Dairy, Eggs & Fridge",,,,$6.20,,,$0.83 per 100g,5658209,,,,,,https://www.coles.com.au/product/babushka's-probiotic-kefir-yoghurt-organic-natural-750ml-5658209,,,2024-06-17T16:58:09.190796-04:00
"Ind53SColes_ADairy, Eggs & Fridge_SAMilk_IPauls Zymil Chocolate Lactose Free Milk | 400mL",Pauls Zymil Chocolate Lactose Free Milk | 400mL,Pauls,"Dairy, Eggs & Fridge",Milk,Milk flavoured,,$3.90,,,$9.75 per 1L,3187724,"At Pauls, we love dairy. We're pretty passionate about making great tasting products packed with real dairy goodness. We put that devotion into every Pauls milk, cream, custard and yoghurt we make. Milk is a natural source of protein, vitamins and minerals essential for good health. Rich in calcium, Pauls Zymil is simply milk which is easy to digest (As part of a healthy and varied diet, consuming Zymil instead of regular milk helps ease digestion in those who are sensitive to lactose). Plus Pauls Zymil is lactose free and made from real milk so it has all of the natural goodness of regular milk. Lactose free, easy to digest and rich in calcium.",,,"Per 100g/ml
Per Serving
%DI
Energy
318kJ
1272kJ
Protein
3.3g
13.2g
Total Fat
3.1g
12.4g
Saturated Fat
2.0g
8.0g
Carbohydrate
8.5g
34.0g
Sugars
8.4g
33.6g
Lactose
Nil
Nil
Calcium
105mg
420mg
54% Recommended Dietary Intake
Sodium
40mg
160mg
Energy (Cal)
76Cal
304Cal
Dietary Fibre (total)
0.4g
1.6g
Galactose
2.6g
10.4g
* Percentage Daily Intakes are based on an average adult diet of 8700 kJ. Your daily intakes may be higher or lower depending on your energy needs.",,https://www.coles.com.au/product/pauls-zymil-chocolate-lactose-free-milk-400ml-3187724,,,2024-06-17T16:58:21.067630-04:00
"Ind53SColes_ADairy, Eggs & Fridge_SAMilk_IPauls Zymil Low Fat Milk | 1L",Pauls Zymil Low Fat Milk | 1L,Pauls,"Dairy, Eggs & Fridge",Milk,Specialty milk,,$3.90,,,$3.90 per 1L,5169596,"At Pauls, we love dairy. We're pretty passionate about making great tasting products packed with real dairy goodness. We put that devotion into every Pauls milk, cream, custard and yoghurt we make. Milk is a natural source of protein, vitamins and minerals essential for good health. Rich in calcium, Pauls Zymil is simply milk which is easy to digest (As part of a healthy and varied diet, consuming Zymil instead of regular milk helps ease digestion in those who are sensitive to lactose). Plus Pauls Zymil is lactose free and made from real milk so it has all of the natural goodness of regular milk. Lactose free, easy to digest and rich in calcium.
Low fat milk

Lactose free",,,"Per 100g/ml
Per Serving
%DI
Energy
189kJ
473kJ
Protein
3.4g
8.5g
Total Fat
1.3g
3.3g
Saturated Fat
0.8g
2.0g
Carbohydrate
4.9g
12.3g
Sugars
4.9g
12.3g
Vitamin B2
0.2mg
0.4mg
25% RDI*
Calcium
122mg
305mg
38%RDI*
Lactose
Nil
Nil
Sodium
40mg
100mg
Energy (Cal)
45Cal
113Cal
Dietary Fibre (total)
0.0g
0.0g
Galactose
2.4g
6.0g
* Percentage Daily Intakes are based on an average adult diet of 8700 kJ. Your daily intakes may be higher or lower depending on your energy needs.",,https://www.coles.com.au/product/pauls-zymil-low-fat-milk-1l-5169596,,,2024-06-17T16:58:32.729725-04:00
"Ind53SColes_ADairy, Eggs & Fridge_SAMilk_IYakult Fermented Probiotic Milk 5 pack | 65mL",Yakult Fermented Probiotic Milk 5 pack | 65mL,Yakult,"Dairy, Eggs & Fridge",Milk,Probiotic milk,,$4.00,,,$12.31 per 1L,5484243,"Yakult is a refreshing fermented milk drink containing 6.5 billion of its unique probiotic, the Live Shirota strain, proven to survive strong stomach acids to reach your intestines alive, for digestive balance and intestinal health.
- no artificial colours
- low fat
- no preservatives
- gluten free
- Made fresh in Australia daily
- low lactose
For everybody, every day.",,,"Per 100g/ml
Per Serving
%DI
Energy
323kJ
210kJ
Protein
1.3g
0.8g
Total Fat
<0.1g
<0.1g
Saturated Fat
<0.1g
<0.1g
Carbohydrate
17.7g
11.5g
Sugars
17.2g
11.2g
Sodium
15.5mg
10.1mg
* Percentage Daily Intakes are based on an average adult diet of 8700 kJ. Your daily intakes may be higher or lower depending on your energy needs.",,https://www.coles.com.au/product/yakult-fermented-probiotic-milk-5-pack-65ml-5484243,,,2024-06-17T16:58:43.516643-04:00
"Ind53SColes_ADairy, Eggs & Fridge_SAMilk_IOak Vanilla Malt Flavoured Milk | 600ml",Oak Vanilla Malt Flavoured Milk | 600ml,Oak,"Dairy, Eggs & Fridge",Milk,Milk flavoured,,$3.90,Pick any 2 for $5,,$6.50 per 1L,9274050,"What's hungrythirsty? Reading a carton, that's what. It's a state of weak indecision when you're neither hungry nor thirsty but a bit of both. So the only thing you're sure of is being not sure. Kill two birds with one steel meteorite of milk - it's full strength, full flavour, full on - in a range of flavours. OAK deals with hungrythirsty like a combine harvester deals with soft toys. Don't ask how we know this.",,,"Per 100g/ml
Per Serving
%DI
Energy
385 kJ
1155 kJ
Protein
3.6 g
10.8 g
Total Fat
3.6 g
10.8 g
Saturated Fat
2.4 g
7.2 g
Carbohydrate
11.2 g
33.6 g
Sugars
10.5 g
31.5 g
Calcium
117 mg
351 mg
44%
Sodium
40 mg
120 mg
* Percentage Daily Intakes are based on an average adult diet of 8700 kJ. Your daily intakes may be higher or lower depending on your energy needs.",,https://www.coles.com.au/product/oak-vanilla-malt-flavoured-milk-600ml-9274050,,,2024-06-17T16:58:54.514567-04:00
"Ind53SColes_ADairy, Eggs & Fridge_SAMilk_IBoss Iced Long Black Coffee | 237mL",Boss Iced Long Black Coffee | 237mL,Boss,"Dairy, Eggs & Fridge",Milk,Milk flavoured,,$3.50,,$4.00,$14.77 per 1L,3762710,"We have finally brought Suntory BOSS Coffee to Australia and New Zealand, and with it, our uniquely Japanese brewing process, Flash Brew. These products may be somewhat new to Australia and New Zealand, but originate from a storied 25-year-long-long legacy of masterful expertise.",,,"Per 100g/ml
Per Serving
%DI
Energy
8.4kJ
19.8kJ
0.2%
Protein
<1g
<1g
0%
Total Fat
0g
0g
0%
Saturated Fat
0g
0g
0%
Carbohydrate
<1g
1.4g
0%
Sugars
0g
0g
0%
Sodium
18mg
43mg
2%
Energy (Cal)
2kcal
4.7kcal
* Percentage Daily Intakes are based on an average adult diet of 8700 kJ. Your daily intakes may be higher or lower depending on your energy needs.",,https://www.coles.com.au/product/boss-iced-long-black-coffee-237ml-3762710,,,2024-06-17T16:59:06.061202-04:00
"Ind53SColes_ADairy, Eggs & Fridge_SAMilk_IColes Unsweetened Coconut Milk | 1L",Coles Unsweetened Coconut Milk | 1L,Coles,"Dairy, Eggs & Fridge",Milk,Specialty milk,,$2.00,,,$2.00 per 1L,6338826,A delicious vegan alternative to dairy milk Lactose Free.Made in Australia Low sodium No Added Sugar,,,"Per 100g/ml
Per Serving
%DI
Energy
79.93
199.83
Protein
0.19
0.48
Total Fat
1.8
4.5
6
Saturated Fat
1.6
4.0
17
Carbohydrate
0.50
1.25
Sugars
0.20
0.50
Saturated
1.60
4.00
lactose
NOT DETECTED
NOT DETECTED
Cholesterol
1.00
2.50
Lactose
0.00
0.00
Sodium
44.00
110.00
Monounsaturated
0.09
0.23
Energy (Cal)
19.12
47.81
Fat
1.80
4.50
Dietary Fibre (total)
0.20
0.50
Polyunsaturated
0.01
0.03
Galactose
0.00
0.00
Gluten
0.00
0.00
Potassium
31.00
77.50
Trans
0.09
0.23
* Percentage Daily Intakes are based on an average adult diet of 8700 kJ. Your daily intakes may be higher or lower depending on your energy needs.",,https://www.coles.com.au/product/coles-unsweetened-coconut-milk-1l-6338826,,,2024-06-17T16:59:17.469947-04:00
"Ind53SColes_ADairy, Eggs & Fridge_SA_IColes Lite Reduced Fat Milk | 2L",Coles Lite Reduced Fat Milk | 2L,Coles,"Dairy, Eggs & Fridge",,,,$3.10,,,$1.55 per 1L,8379529,"Coles Australian Dairy Lite Reduced Fat Milk 2L. Better Together with Australian Farmers The hard work and dedicated spirit of dairy farmers is embedded in the fabric of our country. That's why Coles is proud to directly partner with dairy farmers in New South Wales offering longer term agreements and helping farmers better plan for their future. We know each and every farmer we source our milk from and that's what makes us better together. The fresh, creamy goodness of milk is a source of protein and is rich in calcium for healthy teeth and bones. Enjoy the nourishment of Coles milk every day",,,"Per 100g/ml
Per Serving
%DI
Energy
188
469
5
Saturated Fat
LESS THAN 1g
2.3
10
Sodium
36.80
92.00
Dietary Fibre (total)
0.00
0.00
* Percentage Daily Intakes are based on an average adult diet of 8700 kJ. Your daily intakes may be higher or lower depending on your energy needs.",,https://www.coles.com.au/product/coles-lite-reduced-fat-milk-2l-8379529,,,2024-06-17T16:59:28.664486-04:00
"Ind53SColes_ADairy, Eggs & Fridge_SAMilk_IPauls Zymil Low Fat Milk | 2L",Pauls Zymil Low Fat Milk | 2L,Pauls,"Dairy, Eggs & Fridge",Milk,Specialty milk,,$6.80,,,$3.40 per 1L,1902465,"At Pauls, we love dairy. We're pretty passionate about making great tasting products packed with real dairy goodness. We put that devotion into every Pauls milk, cream, custard and yoghurt we make. Milk is a natural source of protein, vitamins and minerals essential for good health. Rich in calcium, Pauls Zymil is simply milk which is easy to digest (As part of a healthy and varied diet, consuming Zymil instead of regular milk helps ease digestion in those who are sensitive to lactose). Plus Pauls Zymil is lactose free and made from real milk so it has all of the natural goodness of regular milk. Lactose free, easy to digest and rich in calcium.
Low fat milk

Lactose free

Real dairy milk, lactose free

Australian Milk

Made in Australia

Good Source of Calcium.

Good Source of Riboflavin (B2).

Easy to Digest.",,,"Per 100g/ml
Per Serving
%DI
Energy
194kJ
484kJ
Protein
3.4g
8.5g
Total Fat
1.2g
3.0g
Saturated Fat
0.8g
2.0g
Carbohydrate
5.1g
12.8g
Sugars
5.1g
12.8g
Vitamin B2
0.21 mg
0.52 mg
31% RDI^
Calcium
130 mg
325 mg
41% RDI^
Iron
0
0
Vitamin A
0
0
Coenzyme Q10
0
0
Vitamin E
0
0
Vitamin C
0
0
Dietary Fibre (total)
0.0g
0.0g
Omega - 6
0
0
Magnesium
0
0
Selenium
0
0
Copper
0
0
Trans
0
0
Iodine
0
0
Bioflavoids
0
Folic Acid
0
0
Biotin
0
0
Molybdenum
0
0
Zinc
0
0
Sodium
40mg
100mg
Choline
0
0
Monounsaturated
0
0
Chromium
0
0
Polyunsaturated
0
0
Potassium
0
0
Manganese
0
0
* Percentage Daily Intakes are based on an average adult diet of 8700 kJ. Your daily intakes may be higher or lower depending on your energy needs.","Low fat milk, enzyme (lactase).",https://www.coles.com.au/product/pauls-zymil-low-fat-milk-2l-1902465,,,2024-06-17T16:59:40.015168-04:00
"Ind53SColes_ADairy, Eggs & Fridge_SA_IEast Coast Sustainable Dairy Full Cream Milk | 2L",East Coast Sustainable Dairy Full Cream Milk | 2L,East Coast,"Dairy, Eggs & Fridge",,,,$6.45,,,$3.23 per 1L,6450917,"We are an Australian organic dairy company that prides itself on producing high-quality products that are both naturally full flavoured and sustainable.  We're also proudly part of the Barambah Organics champion dairy-producing family.

You're choosing Barambah Organics award winning, non-homogenised milk.  Due to less processing, our cream on top milk has a naturally rich flavour and silky cream texture, it's the delicious taste of natural milk.  Enjoy the cream straight from the bottle, or shake to enjoy the cream throughout.
Organic

Cream on top milk",,,"Per 100g/ml
Per Serving
%DI
Energy
300
600
Protein
3.5
7
Total Fat
4.1
8.2
Saturated Fat
2.7
5.4
Carbohydrate
5
10
Sugars
4.9
9.8
Calcium
114
228
Sodium
37
74
* Percentage Daily Intakes are based on an average adult diet of 8700 kJ. Your daily intakes may be higher or lower depending on your energy needs.",,https://www.coles.com.au/product/east-coast-sustainable-dairy-full-cream-milk-2l-6450917,,,2024-06-17T16:59:51.776003-04:00
"Ind53SColes_ADairy, Eggs & Fridge_SAMilk_IOak Strawberry Flavoured Milk | 300mL",Oak Strawberry Flavoured Milk | 300mL,Oak,"Dairy, Eggs & Fridge",Milk,Milk flavoured,,$2.50,,$2.95,$8.33 per 1L,7024040,"OAK really hits the spot when you're hungrythirsty. With over 40 years experience and a choice of rich, creamy authentic flavours, OAK is always the answer.",,,"Per 100g/ml
Per Serving
%DI
Energy
370 kJ
1110 kJ
Protein
3.1 g
9.3 g
Total Fat
3.4 g
10.2 g
Saturated Fat
2.2 g
6.6 g
Carbohydrate
11.2 g
33.6 g
Sugars
11.2 g
33.6 g
Calcium
110 mg
330 mg
41%
Sodium
36 mg
108 mg
* Percentage Daily Intakes are based on an average adult diet of 8700 kJ. Your daily intakes may be higher or lower depending on your energy needs.",,https://www.coles.com.au/product/oak-strawberry-flavoured-milk-300ml-7024040,,,2024-06-17T17:00:02.934637-04:00
"Ind53SColes_ADairy, Eggs & Fridge_SAMilk_ICaprilac Pasteurised Goats Milk | 1L",Caprilac Pasteurised Goats Milk | 1L,Caprilac,"Dairy, Eggs & Fridge",Milk,Specialty milk,,$6.40,,,$6.40 per 1L,3987232,"Premium quality fresh Australian goat's milk. Our CapriLac fresh goat milk is made from 100% natural goat milk straight from our farms in Australia. With A2 Goat Protein, CapriLac is a healthy and easier to digest alternative to cow's milk.
Easy to Digest

Gentle on the Stomach

Australian Made & Owned

Natural A2 Goat Protein

Good source of Calcium",,,"Per 100g/ml
Per Serving
%DI
Energy
272kJ per 100mL
Protein
3.0g per 100mL
Total Fat
4.1g per 100mL
Saturated Fat
2.6g per 100mL
Carbohydrate
4.1g per 100mL
Sugars
4.1g per 100mL
Calcium
125mg per 100mL
Sodium
32mg per 100mL
* Percentage Daily Intakes are based on an average adult diet of 8700 kJ. Your daily intakes may be higher or lower depending on your energy needs.",,https://www.coles.com.au/product/caprilac-pasteurised-goats-milk-1l-3987232,,,2024-06-17T17:00:15.463447-04:00
"Ind53SColes_ADairy, Eggs & Fridge_SA_IIce Break Iced Coffee Lactose Free | 500mL",Ice Break Iced Coffee Lactose Free | 500mL,Ice Break,"Dairy, Eggs & Fridge",,,,$3.80,,,$7.60 per 1L,5605213,"Grab your real coffee recharge with Ice Break, now without the lactose so it's easy to digest. Made with 2 shots of real coffee, fresh Zymil Lactose Free milk and no added flavours, Ice Break Lactose Free delivers a real caffeine kick so you''re ready for whatever the day throws at you.
Real Coffee

Lactose Free

Real Coffee Recharge

Aussie Milk

Australian Made",,,"Per 100g/ml
Per Serving
%DI
Energy
281kJ
1405kJ
Protein
3.5g
17.5g
Total Fat
1.6g
8.0g
Saturated Fat
1.0g
5.0g
Carbohydrate
9.6g
48.0g
Sugars
9.1g
45.5g
Calcium
119 mg
595 mg
Sodium
51mg
255mg
Dietary Fibre (total)
0.0
0.0
Caffeine
28 mg
140 mg
* Percentage Daily Intakes are based on an average adult diet of 8700 kJ. Your daily intakes may be higher or lower depending on your energy needs.",,https://www.coles.com.au/product/ice-break-iced-coffee-lactose-free-500ml-5605213,,,2024-06-17T17:00:26.992909-04:00
"Ind53SColes_ADairy, Eggs & Fridge_SAMilk_IDairy Farmers Shape No Fat High Calcium Milk | 1L",Dairy Farmers Shape No Fat High Calcium Milk | 1L,Dairy Farmers,"Dairy, Eggs & Fridge",Milk,Skim & low fat milk,,$2.95,,,$2.95 per 1L,8476172,"Dairy Farmers Shape milk is high in calcium, with 41% of your required calcium intake in one 250ml glass and with the added benefit of no fat*.
No fat
High in Calcium
Source of protein",,,,,https://www.coles.com.au/product/dairy-farmers-shape-no-fat-high-calcium-milk-1l-8476172,,,2024-06-17T17:00:36.103343-04:00
"Ind53SColes_ADairy, Eggs & Fridge_SAHealth Foods Sports Nutrition & Diet_IAmazonia Isolate Chocolate Coconut Raw Protein Powder | 390g",Amazonia Isolate Chocolate Coconut Raw Protein Powder | 390g,Amazonia,"Dairy, Eggs & Fridge",Health Foods Sports Nutrition & Diet,Nutrition Powders,,$28.80,,$36.00,$7.38 per 100g,4304368,"Amazonia Raw Protein Isolate is a market leader Certified Organic, vegan protein offering a complete amino acid profile. This gentle formula has been designed for easy digestion and is enhanced with plant-based digestive enzyme, Bromelain, for premium bioavailability. With over 80% organic sprouted and fermented protein, Raw Protein Isolate has been specifically formulated with a blend of golden pea and brown rice to provide a complete amino acid profile. Increase your daily protein intake and support muscle repair and tissue repair with this delicious formula.",,,"Per 100g/ml
Per Serving
%DI
Energy
1630kJ
490kJ
Protein
390g
20.9g
Total Fat
69.7g
2.5g
Saturated Fat
8.3g
0.7g
Carbohydrate
8.9g
2.7g
Sugars
2.9g
0.9g
Sodium
980mg
294mg
Iron
39.7mg
11.9mg
99%
Zinc
5mg
1.5mg
12%
* Percentage Daily Intakes are based on an average adult diet of 8700 kJ. Your daily intakes may be higher or lower depending on your energy needs.",,https://www.coles.com.au/product/amazonia-isolate-chocolate-coconut-raw-protein-powder-390g-4304368,,,2024-06-17T17:00:47.583067-04:00
"Ind53SColes_ADairy, Eggs & Fridge_SAMilk_IA2 Lactose Free Full Cream Milk | 1L",A2 Lactose Free Full Cream Milk | 1L,A2,"Dairy, Eggs & Fridge",Milk,Specialty milk,,$3.90,,$4.00,$3.90 per 1L,5593191,"This full cream milk comes from 100% Australian cows and is a great lactose free option. As the number 1 producer of of A1 protein free milk in Australia, our purpose is to pioneer the future of dairy for good.


For more information on the a2 Milk difference visit www.a2milk.com.au
This delicious and creamy fresh milk contains just 3.5g of fat per 100mL

Lactose Free Milk is easy to digest for people with intolerance or sensitivity to lactose**a2 Milk Lactose Freemay be easy to digestcompared to ordinarymilk for some peoplewho are sensitive tolactose, when consumedas part of a healthy,varied diet.

Naturally all A2-type beta-casein protein type, and no A1Some people may be sensitive to a protein called A1 beta-casein commonly found in milk.

The perfect milk for all occasions! Use a2 Milk in tea and coffee, baking, cooking, with cereal, with cookies, or simply enjoy on its own.

a2 Milk has been proudly partnering with Landcare Australia since 2017 to support our farmers with initiatives to protect, enhance and restore the natural environment

Good source of calcium.

The only naturally A1 protein free milk that is also lactose free!.",,,"Per 100g/ml
Per Serving
%DI
Energy
267kJ
671kJ
0
Protein
3.3g
8.3g
0
Total Fat
3.5g
8.8g
0
Saturated Fat
2.4g
6.0g
0
Carbohydrate
4.8g
12.0g
0
Sugars
4.8g
12.0g
0
Calcium
109mg
273mg
34.00%
Lactose
Not Detected
Not Detected
0
Sodium
40mg
100mg
0
Monounsaturated
0
0
0
Energy (Cal)
64 Cal
160 Cal
0
Dietary Fibre (total)
0.0g
0.0g
0
Polyunsaturated
0
0
0
Galactose
2.4g
6.0g
0
Potassium
147mg
368mg
0
Trans
0
0
0
* Percentage Daily Intakes are based on an average adult diet of 8700 kJ. Your daily intakes may be higher or lower depending on your energy needs.","Milk, Enzyme (Lactase).",https://www.coles.com.au/product/a2-lactose-free-full-cream-milk-1l-5593191,,,2024-06-17T17:00:59.678762-04:00
"Ind53SColes_ADairy, Eggs & Fridge_SAMilk_IA2 Full Cream Milk | 1L",A2 Full Cream Milk | 1L,A2,"Dairy, Eggs & Fridge",Milk,Full cream milk,,$3.90,,,$3.90 per 1L,9760070,"a2 Milk is no ordinary milk!

It is real milk that may be easier on digestion for some people*.

As the number 1 producer of of A1 protein free milk in Australia, our purpose is to pioneer the future of dairy for good.

For more information on the a2 Milk difference visit www.a2milk.com.au

*a2 Milk comes from cows specially selected to naturally produce milk with only the A2-type beta-casein protein so may be easier on digestion than ordinary milk for some milk intolerant individuals when consumed as part of a healthy, varied diet.

All natural with no additives, this delicious and creamy fresh milk with less than 4g of fat per 100mL

Easier on digestion for some**a2 Milk comes from cows specially selected to naturally produce milk with only the A2-type beta-casein protein so may be easier on digestion than regular milk for some milk intolerant individuals when consumed as part of a healthy, varied diet.

Naturally all A2-type beta-casein protein type, and no A1Some people may be sensitive to a protein called A1 beta-casein commonly found in milk.

The perfect milk for all occasions! Use a2 Milk in tea and coffee, smoothies, baking, cooking, with cereal, with cookies, or simply enjoy on its own.

a2 Milk has been proudly partnering with Landcare Australia since 2017 to support our farmers with initiatives to protect, enhance and restore the natural environment

Good source of calcium.

Contains Protein.",,,"Per 100g/ml
Per Serving
%DI
Energy
275kJ
688kJ
0
Protein
3.3g
8.3g
0
Total Fat
3.5g
8.8g
0
Saturated Fat
2.4g
6.0g
0
Carbohydrate
5.0g
12.5g
0
Sugars
4.7g
11.8g
0
Calcium
109mg
273mg
34.0%
Sodium
33mg
83mg
0
Monounsaturated
0
0
0
Energy (Cal)
65 Cal
163 Cal
0
Dietary Fibre (total)
0
0
0
Polyunsaturated
0
0
0
Potassium
147mg
368mg
0
Trans
0
0
0
* Percentage Daily Intakes are based on an average adult diet of 8700 kJ. Your daily intakes may be higher or lower depending on your energy needs.",,https://www.coles.com.au/product/a2-full-cream-milk-1l-9760070,,,2024-06-17T17:01:11.844095-04:00
"Ind53SColes_ADairy, Eggs & Fridge_SA_IArkadia Spice Chai Tea | 240g",Arkadia Spice Chai Tea | 240g,Arkadia,"Dairy, Eggs & Fridge",,,,$6.30,,,"$2.63 per 100g
Was $7.00 on Apr 2024",7490189,,,,,,https://www.coles.com.au/product/arkadia-spice-chai-tea-240g-7490189,,,2024-06-17T17:01:36.811308-04:00
"Ind53SColes_ADairy, Eggs & Fridge_SAMilk_IDevondale Full Cream Milk | 3L",Devondale Full Cream Milk | 3L,Devondale,"Dairy, Eggs & Fridge",Milk,Full cream milk,,$5.95,,,$1.98 per 1L,1909941,"Devondale rich and creamy, fresh full cream milk. A natural source of essential nutrients, including prosperous, magnesium, potassium and vitamin B12 making it a great source of nutrition.- Delicious and creamy full cream milk- High in Calcium- Source of Protein- No preservatives- Homogenised and Pasteurised Milk",,,"Per 100g/ml
Per Serving
%DI
Energy
266kJ
650kJ
Protein
3.4g
8.8g
Total Fat
3.3g
8.3g
Saturated Fat
2.3g
5.8g
Carbohydrate
4.6g
11.5g
Sugars
4.6g
11.5g
Calcium
123mg
308mg
38%
Sodium
36mg
90mg
* Percentage Daily Intakes are based on an average adult diet of 8700 kJ. Your daily intakes may be higher or lower depending on your energy needs.",Pasteurised & Homogenised Milk. Fresh Milk from VIC & NSW.,https://www.coles.com.au/product/devondale-full-cream-milk-3l-1909941,,,2024-06-17T17:01:47.893175-04:00
"Ind53SColes_ADairy, Eggs & Fridge_SAMilk_IDare Espresso Flavoured Milk | 500mL",Dare Espresso Flavoured Milk | 500mL,Dare,"Dairy, Eggs & Fridge",Milk,Milk flavoured,,$3.30,,$4.15,$6.60 per 1L,3033935,"TOOK YOUR CAT TO THE DOG PARK?
A DARE FIX'LL FIX IT.

Dare Iced Coffee Espresso is made with real Robusta & Arabica coffee and fresh milk. A big coffee kick without the big cafe queue!

Aussie Owned, Made & Loved

Made with Fresh Australian Milk

Real Rainforest Alliance Certified Arabica & Robusta Coffee

Working with the Rainforest Alliance to support coffee farmers and their communities",,,"Per 100g/ml
Per Serving
%DI
Energy
341kJ
1705kJ
20.0%
Protein
3.4g
17.0g
34.0%
Total Fat
3.5g
17.5g
25.0%
Saturated Fat
2.2g
11.0g
46.0%
Carbohydrate
9.0g
45.0g
15.0%
Sugars
8.7g
43.5g
48.0%
Calcium
123mg
615mg
77% RDI*
Sodium
43mg
215mg
9.0%
Caffeine
16mg
80mg
* Percentage Daily Intakes are based on an average adult diet of 8700 kJ. Your daily intakes may be higher or lower depending on your energy needs.",,https://www.coles.com.au/product/dare-espresso-flavoured-milk-500ml-3033935,,,2024-06-17T17:01:59.981601-04:00
"Ind53SColes_ADairy, Eggs & Fridge_SAMilk_IOak Strawberry Flavoured Milk | 600mL",Oak Strawberry Flavoured Milk | 600mL,Oak,"Dairy, Eggs & Fridge",Milk,Milk flavoured,,$3.90,Pick any 2 for $5,,$6.50 per 1L,13080,"An Australian favourite for more than 40 years with its wide range of rich, creamy and authentic flavours - OAK is always the answer.",,,"Per 100g/ml
Per Serving
%DI
Energy
380
1140
Protein
3.4
10.2
Total Fat
3.5
10.5
Saturated Fat
2.3
6.9
Carbohydrate
11.4
34.2
Sugars
11.4
34.2
Calcium
117
351
Sodium
39
117
* Percentage Daily Intakes are based on an average adult diet of 8700 kJ. Your daily intakes may be higher or lower depending on your energy needs.",,https://www.coles.com.au/product/oak-strawberry-flavoured-milk-600ml-13080,,,2024-06-17T17:02:11.061293-04:00
"Ind53SColes_ADairy, Eggs & Fridge_SA_IGreat Ocean Road Chocolate Flavoured Milk | 2L",Great Ocean Road Chocolate Flavoured Milk | 2L,Great Ocean Road,"Dairy, Eggs & Fridge",,,,$5.35,,,$2.68 per 1L,9321230,"Great Ocean Road Chocolate Milk contains all the natural goodness of full cream milk with a delicious and creamy chocolate taste. Born on the Great Ocean Road in Victoria, our products are made with 100% Australian milk sourced predominately from farmers in South West Victoria.- Chocolate Milk- Flavoured Milk",,,"Per 100g/ml
Per Serving
%DI
Energy
351kJ
878kJ
Protein
3.3g
8.3g
Total Fat
3.5g
8.8g
Saturated Fat
2.3g
5.8g
Carbohydrate
9.6g
24g
Sugars
9.4g
23.5g
Calcium
116mg
290mg
36%
Sodium
76mg
190mg
* Percentage Daily Intakes are based on an average adult diet of 8700 kJ. Your daily intakes may be higher or lower depending on your energy needs.",,https://www.coles.com.au/product/great-ocean-road-chocolate-flavoured-milk-2l-9321230,,,2024-06-17T17:02:22.047062-04:00
"Ind53SColes_ADairy, Eggs & Fridge_SAMilk_IOak Plus No Added Sugar Chocolate Flavoured Milk + Protein | 500mL",Oak Plus No Added Sugar Chocolate Flavoured Milk + Protein | 500mL,Oak,"Dairy, Eggs & Fridge",Milk,Milk flavoured,,$3.90,,,$7.80 per 1L,3900642,"You're sweating hungrythirsty from the eyeballs. Time for an OAK Plus. It's a full strength full on protein punch to the jugular of hungrythirsty that'll wake your spaghetti legs from their siesta. No sugar added? It's proof that even with one fist tied behind its back, OAK still kills hungrythirsty dead.
30g dairy protein

No sugar added

Muscle recovery",,,"Per 100g/ml
Per Serving
%DI
Energy
259kJ
1295kJ
Protein
6.0g
30.0g
Total Fat
1.4g
7.0g
Saturated Fat
0.9g
4.5g
Carbohydrate
5.6g
28.0g
Sugars
5.3g
26.5g
Calcium
185mg
925mg
116% RDI*
Sodium
78mg
390mg
Dietary Fibre (total)
0.9g
4.5g
* Percentage Daily Intakes are based on an average adult diet of 8700 kJ. Your daily intakes may be higher or lower depending on your energy needs.",,https://www.coles.com.au/product/oak-plus-no-added-sugar-chocolate-flavoured-milk-+-protein-500ml-3900642,,,2024-06-17T17:02:34.260531-04:00
"Ind53SColes_ADairy, Eggs & Fridge_SAMilk_IInside Out Unsweetened Almond Milk | 1L",Inside Out Unsweetened Almond Milk | 1L,Inside Out,"Dairy, Eggs & Fridge",Milk,Soy & almond milk,,$2.35,,$3.90,$2.35 per 1L,3269691,"Our signature product! Simply put, almond milk does not get cleaner and fresher than this!",,,"Per 100g/ml
Per Serving
%DI
Energy
151kJ
378kJ
0%
Protein
1.5g
3.8g
0%
Total Fat
3.1g
7.8g
0%
Saturated Fat
0.3g
0.8g
0%
Carbohydrate
0.5g
1.3g
0%
Sugars
0.5g
1.3g
0%
Sodium
31mg
78mg
0%
* Percentage Daily Intakes are based on an average adult diet of 8700 kJ. Your daily intakes may be higher or lower depending on your energy needs.",,https://www.coles.com.au/product/inside-out-unsweetened-almond-milk-1l-3269691,,,2024-06-17T17:02:45.966605-04:00
"Ind53SColes_ADairy, Eggs & Fridge_SAMilk_IPauls Skim Milk | 2L",Pauls Skim Milk | 2L,Pauls,"Dairy, Eggs & Fridge",Milk,Skim & low fat milk,,$4.50,,,$2.25 per 1L,1485288,"At Pauls, we love dairy. We're pretty passionate about making great tasting products packed with real dairy goodness. We put that devotion into every Pauls milk, cream, custard and yoghurt we make.",,,"Per 100g/ml
Per Serving
%DI
Energy
146kJ
365kJ
Protein
3.5g
8.8g
Total Fat
0.1g
0.3g
Saturated Fat
0.1g
0.3g
Carbohydrate
4.9g
12.3g
Sugars
4.9g
12.3g
Calcium
123mg
308mg
Cholesterol
3.0mg
7.5mg
Sodium
41mg
103mg
Monounsaturated
0.0g
0.0g
Energy (Cal)
35Cal
87Cal
Polyunsaturated
0.0g
0.0g
Trans
0.0g
0.0g
* Percentage Daily Intakes are based on an average adult diet of 8700 kJ. Your daily intakes may be higher or lower depending on your energy needs.",,https://www.coles.com.au/product/pauls-skim-milk-2l-1485288,,,2024-06-17T17:02:57.158725-04:00
"Ind53SColes_ADairy, Eggs & Fridge_SA_IDare No Added Sugar Double Espresso Flavoured Milk | 750mL",Dare No Added Sugar Double Espresso Flavoured Milk | 750mL,Dare,"Dairy, Eggs & Fridge",,,,$5.35,,,$7.13 per 1L,3643630,Dare Double Espresso Robusta & Arabica Coffee is a pasteurised iced coffee-flavoured milk with no sugar added.,,,"Per 100g/ml
Per Serving
%DI
Energy
271kJ (Ave. Qty. per 100mL)
678kJ
8%
Protein
3.4g (Ave. Qty. per 100mL)
8.5g
17%
Total Fat
3.5g (Ave. Qty. per 100mL)
8.8g
13%
Saturated Fat
2.4g (Ave. Qty. per 100mL)
6.0g
25%
Carbohydrate
4.9g (Ave. Qty. per 100mL)
12.3g
4%
Sugars
4.9g (Ave. Qty. per 100mL)
12.3g
14%
Calcium
118mg (Ave. Qty. per 100mL)
295mg
37% RDI*
Sodium
41mg (Ave. Qty. per 100mL)
103mg
4%
Dietary Fibre (total)
0.0g (Ave. Qty. per 100mL)
0.0g
Caffeine
32mg (Ave. Qty. per 100mL)
80mg
* Percentage Daily Intakes are based on an average adult diet of 8700 kJ. Your daily intakes may be higher or lower depending on your energy needs.",,https://www.coles.com.au/product/dare-no-added-sugar-double-espresso-flavoured-milk-750ml-3643630,,,2024-06-17T17:03:09.803229-04:00
"Ind53SColes_ADairy, Eggs & Fridge_SAMilk_IOak Chocolate Flavoured Milk | 2L",Oak Chocolate Flavoured Milk | 2L,Oak,"Dairy, Eggs & Fridge",Milk,Milk flavoured,,$6.50,Pick any 2 for $11,,$3.25 per 1L,13090,"Kill two birds with one steel meteorite of OAK milk - it's full strength, full flavour, full on. With over 50 years' experience and a choice of rich, creamy and authentic flavours, OAK is always the answer.",,,"Per 100g/ml
Per Serving
%DI
Energy
376
940
Protein
3.5
8.8
Total Fat
3.4
8.5
Saturated Fat
2.2
5.5
Carbohydrate
11.0
27.5
Sugars
10.6
26.5
Calcium
115mg
288mg
Sodium
50mg
125mg
* Percentage Daily Intakes are based on an average adult diet of 8700 kJ. Your daily intakes may be higher or lower depending on your energy needs.",,https://www.coles.com.au/product/oak-chocolate-flavoured-milk-2l-13090,,,2024-06-17T17:03:22.817495-04:00
"Ind53SColes_ADairy, Eggs & Fridge_SAMilk_IColes Dairy Full Cream Milk | 1L",Coles Dairy Full Cream Milk | 1L,Coles,"Dairy, Eggs & Fridge",Milk,Full cream milk,,$1.60,,,$1.60 per 1L,9052681,"Coles Australian dairy fresh full cream milk 1L. Better Together with Australian Farmers The hard work and dedicated spirit of dairy farmers is embedded in the fabric of our country. That's why Coles is proud to directly partner with dairy farmers in New South Wales offering longer term agreements and helping farmers better plan for their future. We know each and every farmer we source our milk from and that's what makes us better together. The fresh, creamy goodness of milk is a source of protein and is rich in calcium for healthy teeth and bones. Enjoy the nourishment of Coles milk every day",,,"Per 100g/ml
Per Serving
%DI
Energy
260
650
7
Protein
3.4
8.5
17
Total Fat
3.3
8.3
12
Saturated Fat
2.4
6.0
25
Carbohydrate
4.7
11.8
4
Sugars
4.7
11.8
13
Calcium
125
313
Sodium
38
95
4
Energy (Cal)
62
155
Dietary Fibre (total)
0.00
0.00
* Percentage Daily Intakes are based on an average adult diet of 8700 kJ. Your daily intakes may be higher or lower depending on your energy needs.",,https://www.coles.com.au/product/coles-dairy-full-cream-milk-1l-9052681,,,2024-06-17T17:03:34.186978-04:00
"Ind53SColes_ADairy, Eggs & Fridge_SAMilk_IPauls Zymil Lactose Free Milk Full Cream | 3L",Pauls Zymil Lactose Free Milk Full Cream | 3L,Pauls,"Dairy, Eggs & Fridge",Milk,Specialty milk,,$8.90,,,$2.97 per 1L,4228656,"At Pauls, we love dairy. We're pretty passionate about making great tasting products packed with real dairy goodness. We put that devotion into every Pauls milk, cream, custard and yoghurt we make. Milk is a natural source of protein, vitamins and minerals essential for good health. Rich in calcium, Pauls Zymil is simply milk which is easy to digest (As part of a healthy and varied diet, consuming Zymil instead of regular milk helps ease digestion in those who are sensitive to lactose). Plus Pauls Zymil is lactose free and made from real milk so it has all of the natural goodness of regular milk. Lactose free, easy to digest and rich in calcium.",,,,"Full cream milk, enzyme (lactase).",https://www.coles.com.au/product/pauls-zymil-lactose-free-milk-full-cream-3l-4228656,,,2024-06-17T17:03:43.298676-04:00
"Ind53SColes_ADairy, Eggs & Fridge_SAMilk_IFarmers Union Iced Coffee | 600mL",Farmers Union Iced Coffee | 600mL,Farmers Union,"Dairy, Eggs & Fridge",Milk,Milk flavoured,,$3.30,,$3.70,$5.50 per 1L,3026270,"Farmers Union Iced Coffee is South Australia's iconic much loved beverage for over 40 years. Its range includes iconic Farmers union original iced coffee, strong iced coffee, no sugar added iced coffee and recently introduced hazelnut flavoured iced coffee. Made with reduced fat Australian milk and real coffee, It's a Farmers Union Iced Coffee or Its nothing.
Delicious iconic coffee flavour

With the wholesome goodness of milk with 8 essential nutrients

Reduced fat milk

Perfect as a morning or afternoon pick me up

Farmers Union Iced Coffee is South Australia's iconic much loved beverage for over 40 years

FUIC is available in 300ml, 500mL, 600ml, 750ml & 2 litre packs.

Made in Australia from at least 99% Australian ingredients..",,,"Per 100g/ml
Per Serving
%DI
Energy
276kJ
1656kJ
19.0%
Protein
3.2g
19.2g
38.0%
Total Fat
1.7g
10.2g
15.0%
Saturated Fat
1.1g
6.6g
27.0%
Carbohydrate
9.3g
55.8g
18.0%
Sugars
9.1g
54.6g
61.0%
Calcium
120mg
720mg
90% RDI*
Sodium
45mg
270mg
12.0%
Caffeine
18mg
108mg
* Percentage Daily Intakes are based on an average adult diet of 8700 kJ. Your daily intakes may be higher or lower depending on your energy needs.",,https://www.coles.com.au/product/farmers-union-iced-coffee-600ml-3026270,,,2024-06-17T17:03:54.939067-04:00
"Ind53SColes_ADairy, Eggs & Fridge_SAMilk_IA2 Light Fat Milk | 1L",A2 Light Fat Milk | 1L,A2,"Dairy, Eggs & Fridge",Milk,Specialty milk,,$3.90,,,$3.90 per 1L,9760047,"a2 Milk is no ordinary milk!

It is real milk that may be easier on digestion for some people*.

As the number 1 producer of A1 protein free milk in Australia, our purpose is to pioneer the future of dairy for good.


For more information on the a2 Milk difference visit www.a2milk.com.au

*a2 Milk comes from cows specially selected to naturally produce milk with only the A2-type beta-casein protein so may be easier on digestion than ordinary milk for some milk intolerant individuals when consumed as part of a healthy, varied diet.
All natural with no additives, this delicious and creamy lite fresh milk contains just 1.3g of fat per 100ml

Easier on digestion for some**a2 Milk comes from cows specially selected to naturally produce milk with only the A2-type beta-casein protein so may be easier on digestion than regular milk for some milk intolerant individuals when consumed as part of a healthy, varied diet.

Naturally all A2-type beta-casein protein type, and no A1Some people may be sensitive to a protein called A1 beta-casein commonly found in milk.

The perfect milk for all occasions! Use a2 Milk in tea and coffee, smoothies, baking, cooking, with cereal, with cookies, or simply enjoy on its own.

a2 Milk has been proudly partnering with Landcare Australia since 2017 to support our farmers with initiatives to protect, enhance and restore the natural environment

Good source of calcium.

Contains Protein.",,,"Per 100g/ml
Per Serving
%DI
Energy
189kJ
473kJ
0
Protein
3.3g
8.3g
0
Total Fat
1.3g
3.3g
0
Saturated Fat
0.9g
2.3g
0
Carbohydrate
5.2g
13.0g
0
Sugars
5.2g
13.0g
0
Calcium
117mg
293mg
36.0%
Sodium
48mg
120mg
0
Monounsaturated
0
0
0
Energy (Cal)
45 Cal
113 Cal
0
Dietary Fibre (total)
0
0
0
Polyunsaturated
0
0
0
Potassium
150mg
375mg
0
Trans
0
0
0
* Percentage Daily Intakes are based on an average adult diet of 8700 kJ. Your daily intakes may be higher or lower depending on your energy needs.",Reduced Fat Milk,https://www.coles.com.au/product/a2-light-fat-milk-1l-9760047,,,2024-06-17T17:04:06.876327-04:00
"Ind53SColes_ADairy, Eggs & Fridge_SAMilk_IHunt And Brew Ethiopia Black Coffee | 400mL",Hunt And Brew Ethiopia Black Coffee | 400mL,Hunt And Brew,"Dairy, Eggs & Fridge",Milk,Milk flavoured,,$3.95,,$4.95,$9.88 per 1L,7085431,,,,,,https://www.coles.com.au/product/hunt-and-brew-ethiopia-black-coffee-400ml-7085431,,,2024-06-17T17:04:16.754995-04:00
"Ind53SColes_ADairy, Eggs & Fridge_SA_IDairy Farmers Lactose Free Full Cream Milk | 2L",Dairy Farmers Lactose Free Full Cream Milk | 2L,Dairy Farmers,"Dairy, Eggs & Fridge",,,,$5.40,,,$2.70 per 1L,6451013,"Dairy Farmers Lactose Free Full Cream milk contains the goodness of calcium and protein with no lactose
Rich in calcium
Natural Source or Protein
No artificial additives or preservatives",,,"Per 100g/ml
Per Serving
%DI
Energy
194 Kj
485 kJ
6%
Protein
3.5 g
8.8 g
18%
Total Fat
0.4 g
3.5 g
5%
Saturated Fat
0.9 g
2.3 g
9%
Carbohydrate
0.9 g
12.3 g
4%
Sugars
0.9 g
12.3 g
14%
Calcium
132 mg
330 mg
41 % RDI*
Sodium
44 mg
110 mg
5%
Energy (Cal)
46 Cal
115 Cal
Dietary Fibre (total)
0.0 g
0.0 mg
0%
* Percentage Daily Intakes are based on an average adult diet of 8700 kJ. Your daily intakes may be higher or lower depending on your energy needs.",,https://www.coles.com.au/product/dairy-farmers-lactose-free-full-cream-milk-2l-6451013,,,2024-06-17T17:04:28.795997-04:00
"Ind53SColes_ADairy, Eggs & Fridge_SA_IDare Triple Espresso Robusta & Arabica Iced Coffee | 500mL",Dare Triple Espresso Robusta & Arabica Iced Coffee | 500mL,Dare,"Dairy, Eggs & Fridge",,,,$3.30,,$4.15,$6.60 per 1L,3392370,"NOT THE SHARPEST SHED IN THE TOOL TODAY?
....A DARE FIX'LL FIX IT!

Made with real Robusta & Arabica coffee and fresh milk for a triple coffee kick. A big coffee kick without the big cafe queue!
Made with Fresh Australian Milk

Aussie Owned, Made & Loved

Real Rainforest Alliance Certified Arabica & Robusta Coffee

Working with the Rainforest Alliance to support coffee farmers and their communities",,,"Per 100g/ml
Per Serving
%DI
Energy
347kJ
1735kJ
20%
Protein
3.4g
17.0g
34%
Total Fat
3.5g
17.5g
25%
Saturated Fat
2.2g
11.0g
46%
Carbohydrate
9.4g
47.0g
15%
Sugars
9.0g
45.0g
50%
Calcium
114mg
570mg
71% RDI*
Sodium
43mg
215mg
9%
Caffeine
48mg
240mg
* Percentage Daily Intakes are based on an average adult diet of 8700 kJ. Your daily intakes may be higher or lower depending on your energy needs.",,https://www.coles.com.au/product/dare-triple-espresso-robusta-and-arabica-iced-coffee-500ml-3392370,,,2024-06-17T17:04:40.795748-04:00
"Ind53SColes_ADairy, Eggs & Fridge_SAPantry items_IRed Tractor Organic Rolled Oats | 1kg",Red Tractor Organic Rolled Oats | 1kg,Red Tractor,"Dairy, Eggs & Fridge",Pantry items,Cereals & spreads,,$6.50,,,"$0.65 per 100g
Was $7.50 on May 2024",3185296,"Red Tractor Organic Oats are steam stabilised (kiln free) to deliver a smooth, creamy texture. Our oats are 100% wholegrain, rich in fibre and protein and contain beta-glucan which helps reduce blood cholesterol.*
Red Tractor Organic Oats are farmed in the rich, volcanic soils of Victoria's Strathkellar region at the foothills of the Grampians. Our oats are grown by fifth generation farming family, the Nagorcka's, who first started harvesting Australian oats in 1876.
*A diet low in saturated fatty acids and containing 3g of beta-glucan per day reduces blood cholesterol.",,,"Per 100g/ml
Per Serving
%DI
Energy
1569kJ
628kJ
Protein
14.5g
5.8g
Total Fat
8.2g
3.3g
Saturated Fat
1.4g
0.6g
Carbohydrate
54.7g
21.9g
Sugars
1.1g
0.4g
Sodium
3mg
1mg
Dietary Fibre (total)
13.5g
5.4g
* Percentage Daily Intakes are based on an average adult diet of 8700 kJ. Your daily intakes may be higher or lower depending on your energy needs.",Australian Wholegrain Organic Oats (100%),https://www.coles.com.au/product/red-tractor-organic-rolled-oats-1kg-3185296,,,2024-06-17T17:04:52.453662-04:00
"Ind53SColes_ADairy, Eggs & Fridge_SAMilk_IRokeby Farms Smoothie Dutch Chocolate | 425mL",Rokeby Farms Smoothie Dutch Chocolate | 425mL,Rokeby Farms,"Dairy, Eggs & Fridge",Milk,Milk flavoured,,$4.65,,,$10.94 per 1L,1944192,"A 'whole protein' provides all nine essential amino acids which your body needs but can't produce on its own, so it must be supplied daily from food.
Protein is essential for the building and recovery of muscle tissue and organs. Research has also shown that eating a protein-rich breakfast can help stimulate and sustain a feeling of fullness and set the tone for your day.
Loaded with real cocoa for natural chocolate goodness.
High protein
High calcium
Fresh milk
Low fat
Low lactose
No powders or soy
For our full range of products & more, visit our website www.rokebyfarms.com.au and follow us @rokebyfarms",,,"Per 100g/ml
Per Serving
%DI
Energy
282kJ
1200kJ
Protein
7.1g
30g
Total Fat
1.5g
6.4g
Saturated Fat
1.1g
4.7g
Carbohydrate
6.4g
27.2g
Sugars
5.9g
25.1g
Lactose
0.5g
2.1g
Calcium
196mg
833mg
Sodium
25mg
106mg
Galactose
0.8g
3.4g
* Percentage Daily Intakes are based on an average adult diet of 8700 kJ. Your daily intakes may be higher or lower depending on your energy needs.",,https://www.coles.com.au/product/rokeby-farms-smoothie-dutch-chocolate-425ml-1944192,,,2024-06-17T17:05:05.022745-04:00
"Ind53SColes_ADairy, Eggs & Fridge_SA_IFarmhouse Gold Organic Milk | 1.5L",Farmhouse Gold Organic Milk | 1.5L,Farmhouse,"Dairy, Eggs & Fridge",,,,$5.80,,,$3.87 per 1L,3187633,"Farmhouse Gold Organic is wholesome milk made on Australian farms free from synthetic fertilisers, pesticides and herbicides.
Extra creamy Farmhouse Gold Organic Milk has a smooth, creamy taste you will savour and is 100% certified organic.
Milk, the way, it was meant to be.
Made from 100% Australian milk.
Homogenised pasteurised organic full cream milk.",,,"Per 100g/ml
Per Serving
%DI
Energy
295
737
Protein
3.6g
9.0g
Total Fat
4.1g
10.3g
Saturated Fat
2.4g
6.0g
Carbohydrate
4.8g
12.0g
Sugars
4.8g
12.0g
Sodium
124mg
140mg
Energy (Cal)
70
176
* Percentage Daily Intakes are based on an average adult diet of 8700 kJ. Your daily intakes may be higher or lower depending on your energy needs.",Organic Milk,https://www.coles.com.au/product/farmhouse-gold-organic-milk-1.5l-3187633,,,2024-06-17T17:05:16.216284-04:00
"Ind53SColes_ADairy, Eggs & Fridge_SABaking_IAngas Park Australian Pitted Prunes | 500g",Angas Park Australian Pitted Prunes | 500g,Angas Park,"Dairy, Eggs & Fridge",Baking,Dried fruits & fillings,,$8.50,,,$17.00 per 1kg,7050324,"Angas Park Australian Pitted Prunes, 500g. Deliciously sweet, juicy and make a nutritious snack that is a source of dietary fibre. Proudly 100% Australian grown, they are picked at their peak then meticulously dried-hallmarks of the finest dried fruit. Bite into one and rest assured you've discovered the very best.",,,,,https://www.coles.com.au/product/angas-park-australian-pitted-prunes-500g-7050324,,,2024-06-17T17:05:25.477625-04:00
"Ind53SColes_ADairy, Eggs & Fridge_SAMilk_IDairy Farmers Heart Active Milk | 1L",Dairy Farmers Heart Active Milk | 1L,Dairy Farmers,"Dairy, Eggs & Fridge",Milk,Specialty milk,,$3.90,,,$3.90 per 1L,7258880,"Proudly Australian owned, made & loved.

HeartActive milk tastes delicious, making it the simple and easy way to help manage your cholesterol. Good news for your body, great news for your tastebuds.

Enjoy HeartActive milk on your cereal, in tea and coffee, in a delicious fruit smoothie or in cooking. 

5 health star rating. 

Proud supporters of our Australian dairy farming communities for over 120 years, choose high quality, nutritious and delicious milk from Dairy Farmers.

Studies show that consuming milk with plant sterols every day, like HeartActive, can reduce LDL cholesterol after a minimum of three weeks. The highest study reported an average reduction of greater than 10%, and the overall reduction across these studies was 8.53%. Results may vary depending on personal circumstances. For best results, enjoy 2g of plant sterols (2-3 serves of HeartActive milk), as part of a healthy diet, low in saturated fat. More than 3 serves a day provides no additional health benefits. For children under the age of five, pregnant or lactating women and people taking cholesterol-lowering medication, doctor's advice should be sought before using HeartActive, due to their special dietary needs.
Australian milk

Fresh milk

From Australian farmers

Healthy Milk, Rich in calcium, Low fat

Natural source of protein

High quality, nutritious and delicious milk.

Plant sterols.

Reduces cholesterol.",,,"Per 100g/ml
Per Serving
%DI
Energy
174kJ
435kJ
5.0%
Protein
3.3g
8.3g
17.0%
Total Fat
1.0g
2.5g
4.0%
Saturated Fat
0.5g
1.2g
5.0%
Carbohydrate
4.8g
12.0g
4.0%
Sugars
4.8g
12.0g
13.0%
Calcium
123mg
308mg
Sodium
45mg
113mg
5.0%
Monounsaturated
0.2g
0.5g
Energy (Cal)
42Cal
104Cal
Polyunsaturated
0.2g
0.5g
Trans
<0.1g
<0.1g
* Percentage Daily Intakes are based on an average adult diet of 8700 kJ. Your daily intakes may be higher or lower depending on your energy needs.",,https://www.coles.com.au/product/dairy-farmers-heart-active-milk-1l-7258880,,,2024-06-17T17:05:36.923996-04:00
"Ind53SColes_ADairy, Eggs & Fridge_SAMilk_IDairy Farmers Classic Vanilla Malt Milk | 500mL",Dairy Farmers Classic Vanilla Malt Milk | 500mL,Dairy Farmers Classic,"Dairy, Eggs & Fridge",Milk,Milk flavoured,,$3.20,,$3.60,$6.40 per 1L,3897912,"From Aussie farms for your family to enjoy - the Dairy Farmers brand has a rich heritage dating back to 1900. We're proud to honour the generous spirit of our farming communities by continuing to bring high quality and nutritious dairy products across milk, flavoured yoghurt, flavoured milk and culinary products .
Proudly Aussie made and owned
Rich in calcium
Milk is a natural source of protein
No artificial additives or preservatives
Enjoy as part of a healthy and balanced diet
Made in Australia from at least 98% Australian ingredients.
Rich in calcium.",,,"Per 100g/ml
Per Serving
%DI
Energy
312kJ
1560kJ
18.00%
Protein
3.2g
16.0g
32.00%
Total Fat
2.5g
12.5g
18.00%
Saturated Fat
1.6g
8.0g
33.00%
Carbohydrate
9.7g
48.5g
16.00%
Sugars
9.7g
48.5g
54.00%
Calcium
115mg
575mg
72% RDI*
Sodium
42mg
210mg
9.00%
Energy (Cal)
74Cal
370Cal
* Percentage Daily Intakes are based on an average adult diet of 8700 kJ. Your daily intakes may be higher or lower depending on your energy needs.",,https://www.coles.com.au/product/dairy-farmers-classic-vanilla-malt-milk-500ml-3897912,,,2024-06-17T17:05:48.504893-04:00
"Ind53SColes_ADairy, Eggs & Fridge_SA_IColes Skim Milk Bottle | 1L",Coles Skim Milk Bottle | 1L,Coles,"Dairy, Eggs & Fridge",,,,$1.60,,,$1.60 per 1L,1993267,"Coles Dairy Skim Milk bottle, 1L. Better Together with Australian Farmers The hard work and dedicated spirit of dairy farmers is embedded in the fabric of our country. That's why Coles is proud to directly partner with dairy farmers in New South Wales offering longer term agreements and helping farmers better plan for their future. We know each and every farmer we source our milk from and that's what makes us better together. The fresh goodness of milk is a source of protein and is rich in calcium for healthy teeth and bones. Enjoy the nourishment of Coles milk every day.",,,"Per 100g/ml
Per Serving
%DI
Energy
147
366
4
Protein
3.6
9.0
18
Total Fat
LESS THAN 1g
LESS THAN 1g
0
Saturated Fat
LESS THAN 1g
LESS THAN 1g
1
Carbohydrate
4.8
12.0
4
Sugars
4.80
12.00
Calcium
131.00
327.50
Sodium
38
95
4
Energy (Cal)
35
88
Dietary Fibre (total)
0.00
0.00
* Percentage Daily Intakes are based on an average adult diet of 8700 kJ. Your daily intakes may be higher or lower depending on your energy needs.",,https://www.coles.com.au/product/coles-skim-milk-bottle-1l-1993267,,,2024-06-17T17:06:01.250967-04:00
"Ind53SColes_ADairy, Eggs & Fridge_SAMilk_IDevondale Full Cream Milk | 2L",Devondale Full Cream Milk | 2L,Devondale,"Dairy, Eggs & Fridge",Milk,Full cream milk,,$4.40,,,$2.20 per 1L,1913790,"Devondale rich and creamy, fresh full cream milk. A natural source of essential nutrients, including prosperous, magnesium, potassium and vitamin B12 making it a great source of nutrition.- Delicious and creamy full cream milk- High in Calcium- Source of Protein- No preservatives- Homogenised and Pasteurised Milk",,,"Per 100g/ml
Per Serving
%DI
Energy
266kJ
650kJ
Protein
3.4g
8.8g
Total Fat
3.3g
8.3g
Saturated Fat
2.3g
5.8g
Carbohydrate
4.6g
11.5g
Sugars
4.6g
11.5g
Calcium
123mg
308mg
38%
Sodium
36mg
90mg
* Percentage Daily Intakes are based on an average adult diet of 8700 kJ. Your daily intakes may be higher or lower depending on your energy needs.",,https://www.coles.com.au/product/devondale-full-cream-milk-2l-1913790,,,2024-06-17T17:06:12.688096-04:00
"Ind53SColes_ADairy, Eggs & Fridge_SAMilk_IPauls Zymil Lactose Free Skim Milk | 1L",Pauls Zymil Lactose Free Skim Milk | 1L,Pauls,"Dairy, Eggs & Fridge",Milk,Specialty milk,,$3.90,,,$3.90 per 1L,8972436,"At Pauls, we love dairy. We're pretty passionate about making great tasting products packed with real dairy goodness. We put that devotion into every Pauls milk, cream, custard and yoghurt we make. Milk is a natural source of protein, vitamins and minerals essential for good health. Rich in calcium, Pauls Zymil is simply milk which is easy to digest (As part of a healthy and varied diet, consuming Zymil instead of regular milk helps ease digestion in those who are sensitive to lactose). Plus Pauls Zymil is lactose free and made from real milk so it has all of the natural goodness of regular milk. Lactose free, easy to digest and rich in calcium.
Skim milk

Lactose free

Easy to digest",,,"Per 100g/ml
Per Serving
%DI
Energy
148kJ
370kJ
Protein
3.4g
8.5g
Total Fat
0.1g
0.3g
Saturated Fat
0.1g
0.3g
Carbohydrate
5.1g
12.8g
Sugars
5.1g
12.8g
Vitamin B2
0.2mg
0.4mg
25%RDI*
Calcium
121mg
303mg
38% RDI*
Lactose
Nil
Nil
Sodium
40mg
100mg
Energy (Cal)
35Cal
89Cal
Dietary Fibre (total)
0.0g
0.0g
Galactose
2.5g
6.3g
* Percentage Daily Intakes are based on an average adult diet of 8700 kJ. Your daily intakes may be higher or lower depending on your energy needs.",,https://www.coles.com.au/product/pauls-zymil-lactose-free-skim-milk-1l-8972436,,,2024-06-17T17:06:24.901082-04:00
"Ind53SColes_ADairy, Eggs & Fridge_SAMilk_IA2 Lactose Free Light Milk | 2L",A2 Lactose Free Light Milk | 2L,A2,"Dairy, Eggs & Fridge",Milk,Specialty milk,,$6.90,,$7.30,$3.45 per 1L,5458243,"This reduced fat milk comes from 100% Australian cows and is lite on fat, but full on flavour. As the number 1 producer of A1 protein free milk in Australia, our purpose is to pioneer the future of dairy for good.
For more information on the a2 Milk difference visit www.a2milk.com.au
This delicious and creamy fresh milk contains just 1.3g of fat per 100mL

Lactose Free Milk is easy to digest for people with intolerance or sensitivity to lactose**a2 Milk Lactose Freemay be easy to digestcompared to ordinarymilk for some peoplewho are sensitive tolactose, when consumedas part of a healthy,varied diet.

Naturally all A2-type beta-casein protein type, and no A1Some people may be sensitive to a protein called A1 beta-casein commonly found in milk.

The perfect milk for all occasions! Use a2 Milk in tea and coffee, baking, cooking, with cereal, with cookies, or simply enjoy on its own.

a2 Milk has been proudly partnering with Landcare Australia since 2017 to support our farmers with initiatives to protect, enhance and restore the natural environment

Good source of calcium.

The only naturally A1 protein free milk that is also lactose free!.",,,"Per 100g/ml
Per Serving
%DI
Energy
193kJ
484kJ
0
Protein
3.3g
8.3g
0
Total Fat
1.3g
3.3g
0
Saturated Fat
0.9g
2.3g
0
Carbohydrate
5.2g
13.0g
0
Sugars
5.2g
13.0g
0
Calcium
117mg
293mg
36.00%
Lactose
Not Detected
Not Detected
0
Sodium
44mg
110mg
0
Monounsaturated
0
0
0
Energy (Cal)
46 Cal
116 Cal
0
Dietary Fibre (total)
0.0g
0.0g
0
Polyunsaturated
0
0
0
Galactose
2.6g
6.5g
0
Potassium
150mg
375mg
0
Trans
0
0
0
* Percentage Daily Intakes are based on an average adult diet of 8700 kJ. Your daily intakes may be higher or lower depending on your energy needs.",,https://www.coles.com.au/product/a2-lactose-free-light-milk-2l-5458243,,,2024-06-17T17:06:39.780361-04:00
"Ind53SColes_ADairy, Eggs & Fridge_SAMilk_IRokeby Farms Chocolate Honeycomb Protein Smoothie | 425mL",Rokeby Farms Chocolate Honeycomb Protein Smoothie | 425mL,Rokeby Farms,"Dairy, Eggs & Fridge",Milk,Milk flavoured,,$4.65,,,$10.94 per 1L,3907335,"A 'whole protein' provides all nine essential amino acids which your body needs but can't produce on its own, so it must be supplied daily from food.
Protein is essential for the building and recovery of muscle tissue and organs. Research has also shown that eating a protein-rich breakfast can help stimulate and sustain a feeling of fullness and set the tone for your day.
A delicious chocolate smoothie with a honeycomb twist and no added sugar.
High protein
High calcium
Fresh milk
Low fat
Low lactose
No powders or soy
For our full range of products & more, visit our website www.rokebyfarms.com.au and follow us @rokebyfarms",,,"Per 100g/ml
Per Serving
%DI
Energy
247kJ
1051kJ
12%
Protein
7.1g
30g
60%
Total Fat
1.5g
6.4g
9%
Saturated Fat
1.1g
4.7g
19%
Carbohydrate
4.3g
18.3g
6%
Sugars
3.9g
16.6g
18%
Calcium
196mg
833mg
104%
Sodium
24mg
102mg
4%
* Percentage Daily Intakes are based on an average adult diet of 8700 kJ. Your daily intakes may be higher or lower depending on your energy needs.",,https://www.coles.com.au/product/rokeby-farms-chocolate-honeycomb-protein-smoothie-425ml-3907335,,,2024-06-17T17:06:51.337289-04:00
"Ind53SColes_ADairy, Eggs & Fridge_SATea_ITwinings English Breakfast Tea Bags 100 pack | 200g",Twinings English Breakfast Tea Bags 100 pack | 200g,Twinings,"Dairy, Eggs & Fridge",Tea,Black,,$13.50,,,$0.14 per 1ea,304752,"Multi-origin blend including tea from: 
Africa
Fresh-tasting
India
Full-bodied
Compostable tea bag

Estd. 1706 London
At Twinings, our master blenders have been blending quality teas for over 300 years. 
Each blend is created with the finest ingredients to deliver a superior experience in every cup.",,,,Black Tea.,https://www.coles.com.au/product/twinings-english-breakfast-tea-bags-100-pack-200g-304752,,,2024-06-17T17:07:00.588064-04:00
"Ind53SColes_ADairy, Eggs & Fridge_SAMilk_IVitasoy Almond Iced Coffee Double Espresso | 330mL",Vitasoy Almond Iced Coffee Double Espresso | 330mL,Vitasoy,"Dairy, Eggs & Fridge",Milk,Milk flavoured,,$3.60,,,$10.91 per 1L,3624705,"Made with premium, whole Australian almonds, then blended with robusta and arabica powder to create a smooth and irresistible drink to go. Vitasoy Whole Almond Double Espresso is a natural source of vitamin E and provides the added benefit and goodness of calcium. It's naturally free from dairy, lactose, gluten and cholesterol. Plus you won't find any artificial colours or preservatives added in here. Put simply, it's like music to your mouth!
Made with Australian grown whole almonds

Naturally free from dairy, lactose, cholesterol and soy

Natural source of vitamin E

Benefit of 49% of your daily calcium needs

Suitable for vegans and vegetarians

No artificial colours or preservatives.",,,"Per 100g/ml
Per Serving
%DI
Energy
173
571
7
Protein
1.0
3.3
7
Total Fat
1.8
5.9
8
Saturated Fat
0.2
0.7
3
Carbohydrate
5.0
16.5
5
Sugars
4.2
13.9
15
Calcium
120
396
49
Sodium
45
149
6
Vitamin E
0.94
3.1
31
Monounsaturated
1.1
3.6
0
Energy (Cal)
41
135
7
Dietary Fibre (total)
0.5
1.7
6
Polyunsaturated
0.5
1.7
0
Trans
0
0
0
Caffeine
57
188
* Percentage Daily Intakes are based on an average adult diet of 8700 kJ. Your daily intakes may be higher or lower depending on your energy needs.",,https://www.coles.com.au/product/vitasoy-almond-iced-coffee-double-espresso-330ml-3624705,,,2024-06-17T17:07:11.520488-04:00
"Ind53SColes_ADairy, Eggs & Fridge_SAMilk_I180 Nutrition Good Sport Chocolate | 350mL",180 Nutrition Good Sport Chocolate | 350mL,180 Nutrition,"Dairy, Eggs & Fridge",Milk,Milk flavoured,,$2.90,,,$8.29 per 1L,5101683,"Good Sport is scientifically backed for exercise recovery ^

Electrolytes to Hydrate ^
Protein to Repair ^
Energy to refuel ^

^Contains potassium and magnesium for water and electrolyte balance, protein for muscle repair, and energy for metabolism, all scientifically backed for exercise recovery. Enjoy as part of a healthy diet and active lifestyle.
Electrolytes to Hydrate

Protein to Repair

Energy to refuel

Enjoy as part of a healthy diet and active lifestyle.",,,"Per 100g/ml
Per Serving
%DI
Energy
284kJ
994kJ
11%
Protein
4.1g
14.4g
29%
Total Fat
1.8g
6.3g
9%
Saturated Fat
1.2g
4.2g
18%
Carbohydrate
8.7g
30.5g
10%
Sugars
8.6g
30.1g
33%
Vitamin B2
0.19mg
0.67mg
39%*
Sucrose
4.5g
15.8g
Calcium
133mg (3.3mmol)
466mg (11.6mmol)
58%*
Vitamin B12
0.12ug
0.42ug
21%*
Lactose
4.1g
14.4g
Sodium
30mg (1.3mmol)
105mg (4.6mmol)
5%
Energy (Cal)
68Cal
238Cal
Dietary Fibre (total)
0g
0g
0%
Magnesium
12mg (0.5mmol)
42mg (1.7mmol)
13%*
Potassium
153mg (3.9mmol)
536mg (13.7mmol)
Vitamin B5
0.40mg
1.40mg
28%*
Iodine
17ug
60ug
40%*
* Percentage Daily Intakes are based on an average adult diet of 8700 kJ. Your daily intakes may be higher or lower depending on your energy needs.","Reduced Fat Milk, Sugar, Milk Solids, Cocoa Powder (0.3%), Flavours, Vegetable Gum (Carrageenan).",https://www.coles.com.au/product/180-nutrition-good-sport-chocolate-350ml-5101683,,,2024-06-17T17:07:24.844003-04:00
"Ind53SColes_ADairy, Eggs & Fridge_SA_IHunt & Brew Creamy Milk | 1L",Hunt & Brew Creamy Milk | 1L,Hunt&Brew,"Dairy, Eggs & Fridge",,,,$3.15,,$3.95,$3.15 per 1L,4163925,"Hunt and Brew is here to do dairy better.
We know that nothing beats the taste of fresh milk.
We have hunted the globe and found premium quality, fresh milk from Margaret River and the surrounding South West region of Western Australia.
Enjoy our Creamy milk with 3.5% fat. Nutritious full fat milk with delicious creamy taste that's perfect for your at-home smoothie or dairy occasion.
Our bottles are made from 100% recycled Australian plastic. Close the loop & Recycle me again.",,,"Per 100g/ml
Per Serving
%DI
Energy
266kJ
665kJ
8%
Protein
3.4g
8.5g
17%
Total Fat
3.5g
8.8g
13%
Saturated Fat
2.1g
5.3g
22%
Carbohydrate
4.8g
12g
4%
Sugars
3.6g
9g
10%
Calcium
100mg
250mg
31%
Sodium
31mg
78mg
3%
* Percentage Daily Intakes are based on an average adult diet of 8700 kJ. Your daily intakes may be higher or lower depending on your energy needs.",Homogenised and Pasteurised Full Fat Cow's Milk.,https://www.coles.com.au/product/hunt-and-brew-creamy-milk-1l-4163925,,,2024-06-17T17:07:36.046956-04:00
"Ind53SColes_ADairy, Eggs & Fridge_SAMilk_IVitasoy Soy Milky Lite Chilled | 1L",Vitasoy Soy Milky Lite Chilled | 1L,Vitasoy,"Dairy, Eggs & Fridge",Milk,Soy & almond milk,,$2.85,,,$2.85 per 1L,4514510,"Every whole soybean that makes this milk great is grown in Australia
Beneath the watchful eyes of Aussie farmers, every whole soybean squeezed into our Soy Milky was planted and picked at just the right moment. It's why our great milky taste is hard to beat.

For us, it's a daily obsession that's been growing across the globe since the Vitasoy brand first started in 1940. Bringing you a simple yet delicious soy milk, brimming with the good stuff-and less than 2% Fat.

This is why our glass is always full.

Grown by Aussie Farmers
Our whole soybeans are harvested from February to April and delivered to our Wodonga factory.
Only the best beans make it...

Blended by us
We dehull and grind our beans, then blend the good bits with filtered water and other ingredients including calcium.
Perfected and packed for your fridge...

Enjoyed by you
Your Vitasoy is ready to be soaked up and savoured with all your favourites.

- Australian grown whole soybeans.
- 1/3 of your daily calcium needs in every serving.
- Naturally free from gluten, dairy, lactose and cholesterol.
- Natural source of protein.
- No artificial colours, flavours or preservatives.
- Non-genetically modified.
- Suitable For vegans and vegetarians.

The protein in this product is derived from Australian grown whole soybeans. It may appear as white sediment so make sure you shake the product well before consuming it.",,,"Per 100g/ml
Per Serving
%DI
Energy
162kJ
405kJ
5.00%
Protein
3.0g
7.5g
15.00%
Total Fat
1.8g
4.5g
6.00%
Saturated Fat
0.3g
0.8g
3.00%
Carbohydrate
2.5g
6.2g
2.00%
Sugars
1.6g
4.0g
4.00%
Calcium
120mg
300mg
38% RDI#
Cholesterol
0mg
0mg
Lactose
0g
0g
Sodium
80mg
200mg
9.00%
Monounsaturated
0.4g
1.0g
Energy (Cal)
39Cal
98Cal
Dietary Fibre (total)
0.2g
0.5g
2.00%
Polyunsaturated
1.1g
2.8g
Galactose
0g
0g
Gluten
0mg
0mg
Trans
0g
0g
* Percentage Daily Intakes are based on an average adult diet of 8700 kJ. Your daily intakes may be higher or lower depending on your energy needs.",,https://www.coles.com.au/product/vitasoy-soy-milky-lite-chilled-1l-4514510,,,2024-06-17T17:07:48.274170-04:00
"Ind53SColes_ADairy, Eggs & Fridge_SAMilk_IBig M Chocolate Flavoured Milk | 2L",Big M Chocolate Flavoured Milk | 2L,Big M,"Dairy, Eggs & Fridge",Milk,Milk flavoured,,$6.50,,,$3.25 per 1L,5018070,"Big M Choc Original Flavoured Milk is a pasteurised reduced fat (47% less fat vs regular fat flavoured milk with 3.4% fat) chocolate flavoured milk with 8 nutrients.
Delicious chocolate flavour

Provides the wholesome goodness of milk with 8 essential nutrients

Pasteurised reduced fat milk (47% less fat vs. regular fat flavoured milk with 3.4% fat)

No preservatives

Perfect as a morning or afternoon treat

Big M is available in 300ml, 500ml, 600ml, 750ml & 2 litre packs.",,,"Per 100g/ml
Per Serving
%DI
Energy
284kJ
710kJ
8%
Protein
3.2g
8.0g
16%
Total Fat
1.8g
4.5g
6%
Saturated Fat
1.2g
3.0g
13%
Carbohydrate
9.6g
24.0g
8%
Sugars
9.5g
23.8g
26%
Vitamin B2
0.13mg
0.33mg
19% RDI*
Calcium
112mg
280mg
35% RDI*
Vitamin B12
0.30ug
0.75ug
38% RDI*
Sodium
44mg
110mg
5%
Energy (Cal)
68Cal
170Cal
Potassium
153mg
383mg
Vitamin B5
0.29mg
0.73mg
15% RDI*
Iodine
19ug
48ug
32% RDI*
* Percentage Daily Intakes are based on an average adult diet of 8700 kJ. Your daily intakes may be higher or lower depending on your energy needs.",,https://www.coles.com.au/product/big-m-chocolate-flavoured-milk-2l-5018070,,,2024-06-17T17:07:59.410625-04:00
"Ind53SColes_ADairy, Eggs & Fridge_SAMilk_IAustralia's Own Unsweetened Organic Coconut Milk | 1L",Australia's Own Unsweetened Organic Coconut Milk | 1L,Australias Own,"Dairy, Eggs & Fridge",Milk,Specialty milk,,$3.20,,,$3.20 per 1L,3019210,"Australian Natural Goodness

We believe Australia is packed full of nature's good stuff... from hiking in the bush, to strolling down a beach and wiggling your toes in the sand.

Australia's Own is all about the power of nature, nurturing us on the inside and feeling good on the outside. We only use pure and simple certified organic ingredients, 100% Australian made!

Our range of products is the way nature intended... simply good for you!


Organic farming, doing good for the planet.

- Chemical-free from synthetic herbicides and pesticides, growing cleaner food and saving our waterways.

- Sustainable farming systems promoting greater biodiversity.

- GMO's are prohibited on organic farms, ensuring methods of production are as close as nature intended.
Organic authenticity

No added sugar",,,"Per 100g/ml
Per Serving
%DI
Energy
74kJ
185kJ
2%
Protein
0.1g
0.3g
1%
Total Fat
1.8g
5.0g
7%
Saturated Fat
1.4g
4.8g
20%
Carbohydrate
0.2g
0.5g
0%
Sugars
0.1g
0.5g
1%
Cholesterol
Not detected
Not detected
Not detected
Lactose
Not detected
Not detected
Not detected
Sodium
44mg
111mg
5%
Monounsaturated
<0.1g
<0.1g
Energy (Cal)
18cal
45cal
Dietary Fibre (total)
<0.5g
<0.5g
1%
Polyunsaturated
<0.1g
<0.1g
Galactose
Not detected
Not detected
Not detected
Gluten
Not detected
Not detected
Not detected
Trans
<0.1g
<0.1g
* Percentage Daily Intakes are based on an average adult diet of 8700 kJ. Your daily intakes may be higher or lower depending on your energy needs.",,https://www.coles.com.au/product/australia's-own-unsweetened-organic-coconut-milk-1l-3019210,,,2024-06-17T17:08:10.586813-04:00
"Ind53SColes_ADairy, Eggs & Fridge_SA_IPauls Farmhouse Gold Full Cream Milk | 1.5L",Pauls Farmhouse Gold Full Cream Milk | 1.5L,Pauls,"Dairy, Eggs & Fridge",,,,$4.40,,,$2.93 per 1L,2750602,"Farmhouse Gold is perfect for those who love the traditional taste of real milk. Made with fresh wholesome milk from Australian farms, Farmhouse Gold Full Cream has a deliciously rich, extra creamy taste you will savour. Milk, the way it was meant to be. ",,,"Per 100g/ml
Per Serving
%DI
Energy
317 kJ
792 kJ
Protein
3.4g
8.5g
Total Fat
4.7g
11.8g
Saturated Fat
3.1g
7.7g
Carbohydrate
4.8g
12g
Sugars
4.8g
12g
Calcium
123mg
307mg
38%
Sodium
41mg
102mg
Energy (Cal)
76 Cal
189 Cal
* Percentage Daily Intakes are based on an average adult diet of 8700 kJ. Your daily intakes may be higher or lower depending on your energy needs.","Full cream milk, cream (from milk)",https://www.coles.com.au/product/pauls-farmhouse-gold-full-cream-milk-1.5l-2750602,,,2024-06-17T17:08:21.511571-04:00
"Ind53SColes_ADairy, Eggs & Fridge_SAMilk_ITable Of Plenty Kefir Natural Yoghurt | 1Kg",Table Of Plenty Kefir Natural Yoghurt | 1Kg,Table Of Plenty,"Dairy, Eggs & Fridge",Milk,Probiotic milk,,$8.90,,,$0.89 per 100g,2917923,"Table of Plenty Probiotic Kefir Natural Yoghurt is a slow-fermented pourable kefir yoghurt. With 10 culture strains and over 90 billion+ live cultures in every serve, it's a delicious way to create a healthier, happier gut.
Pleasantly tart with a hint of natural fizz, our live Natural Probiotic Kefir is made with fresh milk from grass-fed Gippsland cow's milk with no milk powders, just as nature intended.
Being traditionally slow fermented means all the good bits stay inside the bottle. Because our live Probiotic kefir is made with fresh milk and is slow-fermented, it can get a little lumpy (just like life)! Simply give it a good shake to make it deliciously creamy again!
Enjoy as a great alternative to milk and yogurt and is perfectly paired with all your favourite breakfasts. You can use kefir on its own as a nutritious drink, add it to smoothies, dollop onto your favourite muesli or use it in recipes such as pancakes the options are endless.
90+ billion live friendly bacterial
10 culture strains
Fresh Milk Kefir
Slow fermented
No added sugar",,,,"Fresh Milk, Live Cultures, Live Probiotic Cultures",https://www.coles.com.au/product/table-of-plenty-kefir-natural-yoghurt-1kg-2917923,,,2024-06-17T17:08:30.443783-04:00
"Ind53SColes_ADairy, Eggs & Fridge_SAMilk_IColes Lactose Free Full Cream Milk | 1L",Coles Lactose Free Full Cream Milk | 1L,Coles,"Dairy, Eggs & Fridge",Milk,Specialty milk,,$3.10,,,$3.10 per 1L,2635444,This Lactose Free Full Cream Milk has all the goodness of fresh cow's milk but without the Lactose,,,"Per 100g/ml
Per Serving
%DI
Energy
260
650
7
Protein
3.3
8.3
17
Total Fat
3.3
8.3
12
Saturated Fat
2.20
5.50
Carbohydrate
4.8
12.0
4
Sugars
4.80
12.00
Calcium
106
265
lactose
NOT DETECTED
NOT DETECTED
Lactose
NOT DETECTED
NOT DETECTED
Sodium
33
83
4
Energy (Cal)
62
155
Dietary Fibre (total)
0.00
0.00
Galactose
2.3
5.8
* Percentage Daily Intakes are based on an average adult diet of 8700 kJ. Your daily intakes may be higher or lower depending on your energy needs.",,https://www.coles.com.au/product/coles-lactose-free-full-cream-milk-1l-2635444,,,2024-06-17T17:08:42.591852-04:00
"Ind53SColes_ADairy, Eggs & Fridge_SAMilk_IRokeby Farms Probiotic Filmjolk Natural Yoghurt | 750g",Rokeby Farms Probiotic Filmjolk Natural Yoghurt | 750g,Rokeby Farms,"Dairy, Eggs & Fridge",Milk,Probiotic milk,,$4.00,,$5.00,$0.53 per 100g,3186561,"Filmjolk is a traditional cultured yoghurt from Sweden that dates back to the Viking days. Made with fresh milk sourced from local Gippsland farms, our probiotic yoghurt is slow fermented the authentic Swedish way.With 15 live and active cultures and 50+ billion good bacteria per serve, probiotic yoghurt helps maintain healthy gut flora and regulate your digestive system.Natural probiotic yoghurt with 15 cultures and probiotics. 50+ billion good bacteria 15 live cultures & probiotics Fresh yoghurt For digestive health",,,"Per 100g/ml
Per Serving
%DI
Energy
267kJ
669kJ
Protein
3.5g
8.7g
Total Fat
3.9g
9.6g
Saturated Fat
2.6g
6.5g
Carbohydrate
3.9g
9.6g
Sugars
3g
7.5g
Lactose
0.5g
1.2g
Calcium
132mg
330mg
Sodium
39mg
96mg
Galactose
2.5g
6.3g
* Percentage Daily Intakes are based on an average adult diet of 8700 kJ. Your daily intakes may be higher or lower depending on your energy needs.",,https://www.coles.com.au/product/rokeby-farms-probiotic-filmjolk-natural-yoghurt-750g-3186561,,,2024-06-17T17:08:53.941080-04:00
"Ind53SColes_ADairy, Eggs & Fridge_SAMilk_IA2 No Fat Milk | 1L",A2 No Fat Milk | 1L,A2,"Dairy, Eggs & Fridge",Milk,Specialty milk,,$3.90,,,$3.90 per 1L,3070829,"a2 Milk is no ordinary milk!

It is real milk that may be easier on digestion for some people*.

As the number 1 producer of A1 protein free milk in Australia, our purpose is to pioneer the future of dairy for good.


For more information on the a2 Milk difference visit www.a2milk.com.au

*a2 Milk comes from cows specially selected to naturally produce milk with only the A2-type beta-casein protein so may be easier on digestion than ordinary milk for some milk intolerant individuals when consumed as part of a healthy, varied diet.
All natural with no additives, this delicious fresh milk provides 38% of your daily calcium needs in one 250ml glass.

Easier on digestion for some**a2 Milk comes from cows specially selected to naturally produce milk with only the A2-type beta-casein protein so may be easier on digestion than regular milk for some milk intolerant individuals when consumed as part of a healthy, varied diet.

Naturally all A2-type beta-casein protein type, and no A1Some people may be sensitive to a protein called A1 beta-casein commonly found in milk.

The perfect milk for all occasions! Use a2 Milk in tea and coffee, baking, cooking, with cereal, with cookies, or simply enjoy on its own.

a2 Milk has been proudly partnering with Landcare Australia since 2017 to support our farmers with initiatives to protect, enhance and restore the natural environment

Good source of calcium.

Contains Protein.",,,"Per 100g/ml
Per Serving
%DI
Energy
143kJ
358kJ
0
Protein
3.3g
8.3g
0
Total Fat
0.10g
0.25g
0
Saturated Fat
0.06g
0.14g
0
Carbohydrate
5.2g
13.0g
0
Sugars
5.2g
13.0g
0
Calcium
120mg
300mg
37.0%
Sodium
68mg
170mg
0
Monounsaturated
0
0
0
Energy (Cal)
34 Cal
85 Cal
0
Dietary Fibre (total)
0
0
0
Polyunsaturated
0
0
0
Potassium
170mg
425mg
0
Trans
0
0
0
* Percentage Daily Intakes are based on an average adult diet of 8700 kJ. Your daily intakes may be higher or lower depending on your energy needs.",,https://www.coles.com.au/product/a2-no-fat-milk-1l-3070829,,,2024-06-17T17:09:05.626195-04:00
"Ind53SColes_ADairy, Eggs & Fridge_SAMilk_INutty Bruce Organic Almond & Coconut Milk | 1L",Nutty Bruce Organic Almond & Coconut Milk | 1L,Nutty Bruce,"Dairy, Eggs & Fridge",Milk,Soy & almond milk,,$6.00,,,$6.00 per 1L,3187484,"Nutty Bruce Almond & Coconut Milk is a nutritious and delicious plant-powered, non-dairy milk. It's made from 100% whole organic activated almonds and organic coconut. Deliciously creamy, and with none of the thickeners and gums that you see in some almond milks. Just simple and natural ingredients.",,,"Per 100g/ml
Per Serving
%DI
Energy
176kJ
440kJ
Protein
<1g
1.8g
Total Fat
1.7g
4.1g
Saturated Fat
<1g
1.8g
Carbohydrate
6.1g
15.1g
Sugars
2.7g
6.6g
Sodium
37mg
93mg
* Percentage Daily Intakes are based on an average adult diet of 8700 kJ. Your daily intakes may be higher or lower depending on your energy needs.",,https://www.coles.com.au/product/nutty-bruce-organic-almond-and-coconut-milk-1l-3187484,,,2024-06-17T17:09:16.919862-04:00
"Ind53SColes_ADairy, Eggs & Fridge_SAMilk_IColes Lite Milk Bottle | 1L",Coles Lite Milk Bottle | 1L,Coles,"Dairy, Eggs & Fridge",Milk,Full cream milk,,$1.60,,,$1.60 per 1L,1993256,"Coles Australian Dairy Lite Reduced Fat Milk 1L. Better Together with Australian Farmers The hard work and dedicated spirit of dairy farmers is embedded in the fabric of our country. That's why Coles is proud to directly partner with dairy farmers in New South Wales offering longer term agreements and helping farmers better plan for their future. We know each and every farmer we source our milk from and that's what makes us better together. The fresh, creamy goodness of milk is a source of protein and is rich in calcium for healthy teeth and bones. Enjoy the nourishment of Coles milk every day",,,"Per 100g/ml
Per Serving
%DI
Energy
184
460
5
Protein
3.4
8.5
17
Total Fat
1.2
3.0
4
Saturated Fat
LESS THAN 1g
2.3
10
Carbohydrate
4.8
12.0
4
Sugars
4.80
12.00
Calcium
122
305
Sodium
37
92
4
Energy (Cal)
44
110
Dietary Fibre (total)
0.00
0.00
* Percentage Daily Intakes are based on an average adult diet of 8700 kJ. Your daily intakes may be higher or lower depending on your energy needs.",,https://www.coles.com.au/product/coles-lite-milk-bottle-1l-1993256,,,2024-06-17T17:09:27.956033-04:00
"Ind53SColes_ADairy, Eggs & Fridge_SADairy, chilled & frozen_IPauls Smarter White Milk 2% Fat Full Cream Taste | 2L",Pauls Smarter White Milk 2% Fat Full Cream Taste | 2L,Pauls,"Dairy, Eggs & Fridge","Dairy, chilled & frozen",Milk & eggs,,$4.35,,,"$2.18 per 1L
Was $4.85 on Apr 2024",9411784,"At Pauls, we love dairy. We're pretty passionate about making great tasting products packed with real dairy goodness. We put that devotion into every Pauls milk, cream, custard and yoghurt we make.
Pauls Smarter White Milk has all the goodness and taste of full cream milk with only 2% fat.
Full cream taste

Only 2% fat

Good Source Calcium

Goodness and taste of full cream milk

Australian Milk",,,"Per 100g/ml
Per Serving
%DI
Energy
228kJ
570kJ
Protein
3.8g
9.5g
Total Fat
2.0g
5.0g
Saturated Fat
1.3g
3.3g
Carbohydrate
5.3g
13.3g
Sugars
5.3g
13.3g
Calcium
132 mg
330 mg
41% RDI*
Iron
0
0
Vitamin A
0
0
Coenzyme Q10
0
0
Vitamin E
0
0
Vitamin B
0
0
Vitamin C
0
0
Dietary Fibre (total)
0
0
Omega - 6
0
0
Magnesium
0
0
Selenium
0
0
Copper
0
0
Trans
0
0
Iodine
0
0
Bioflavoids
0
Folic Acid
0
0
Biotin
0
0
Molybdenum
0
0
Zinc
0
0
Sodium
42mg
105mg
Choline
0
0
Monounsaturated
0
0
Chromium
0
0
Polyunsaturated
0
0
Potassium
0
0
Manganese
0
0
* Percentage Daily Intakes are based on an average adult diet of 8700 kJ. Your daily intakes may be higher or lower depending on your energy needs.",,https://www.coles.com.au/product/pauls-smarter-white-milk-2percent-fat-full-cream-taste-2l-9411784,,,2024-06-17T17:09:38.936750-04:00
"Ind53SColes_ADairy, Eggs & Fridge_SA_IPauls Smarter White Milk 2% Fat Full Cream Taste Bottle | 1L",Pauls Smarter White Milk 2% Fat Full Cream Taste Bottle | 1L,Pauls,"Dairy, Eggs & Fridge",,,,$3.20,,,$3.20 per 1L,9411773,"At Pauls, we love dairy. We're pretty passionate about making great tasting products packed with real dairy goodness. We put that devotion into every Pauls milk, cream, custard and yoghurt we make.
Pauls Smarter White Milk has all the goodness and taste of full cream milk with only 2% fat.
Full cream taste

Only 2% Fat.

Fresh Australian Milk

Good Source Calcium

Goodness and taste of full cream milk",,,"Per 100g/ml
Per Serving
%DI
Energy
236 kJ
570 kJ
Protein
3.8 g
9.5 g
Total Fat
2.0 g
5.0 g
Saturated Fat
1.3 g
3.3 g
Carbohydrate
5.3 g
13.3 g
Sugars
5.3 g
13.3 g
Calcium
132 mg
330 mg
41% RDI*
Iron
0.0
0.0
Vitamin A
0.0
0.0
Coenzyme Q10
0.0
0.0
Vitamin E
0.0
0.0
Vitamin B
0.0
0.0
Vitamin C
0.0
0.0
Dietary Fibre (total)
0.0
0.0
Omega - 6
0.0
0.0
Magnesium
0.0
0.0
Selenium
0.0
0.0
Copper
0.0
0.0
Trans
0.0
0.0
Iodine
0.0
0.0
Bioflavoids
0.0
Folic Acid
0.0
0.0
Biotin
0.0
0.0
Molybdenum
0.0
0.0
Zinc
0.0
0.0
Sodium
42 mg
105 mg
Choline
0.0
0.0
Monounsaturated
0.0
0.0
Chromium
0.0
0.0
Polyunsaturated
0.0
0.0
Potassium
0.0
0.0
Manganese
0.0
0.0
* Percentage Daily Intakes are based on an average adult diet of 8700 kJ. Your daily intakes may be higher or lower depending on your energy needs.",,https://www.coles.com.au/product/pauls-smarter-white-milk-2percent-fat-full-cream-taste-bottle-1l-9411773,,,2024-06-17T17:09:50.271319-04:00
"Ind53SColes_ADairy, Eggs & Fridge_SAMilk_IDairy Farmers Skim Milk | 2L",Dairy Farmers Skim Milk | 2L,Dairy Farmers,"Dairy, Eggs & Fridge",Milk,Skim & low fat milk,,$4.70,,,$2.35 per 1L,7193274,"Dairy Farmers Skim Milk 2L has no fat  , naturally providing 8 essential nutrients to support a healthy mind and body:

Protein - for muscle growth and repair 
Calcium and phosphorous - for strong bones and teeth 
Iodine and vitamin B5 - for healthy brain and cognitive function 
Potassium - for muscle function and hydration 
Vitamin B2 and B12 - for energy maintenance and immune support

Consume as part of a varied diet.

5 health star rating. 

Proud supporters of our Australian dairy farming communities for over 120 years, choose high quality, nutritious and delicious milk from Dairy Farmers.

 Contain less than 0.15g fat per 100ml. Nutritional values may vary due to seasonal conditions
Australian milk

Fresh milk

From Australian farmers

Rich in calcium

Natural source of protein

High quality.

Nutritious and delicious milk.

Low fat, less calories.",,,"Per 100g/ml
Per Serving
%DI
Energy
141kJ
353kJ
4.0%
Protein
3.5g
8.8g
18.0%
Total Fat
0.1g
0.3g
0.4%
Saturated Fat
<0.1g
0.15g
<1%
Carbohydrate
4.6g
11.5g
4.0%
Sugars
4.6g
11.5g
13.0%
Vitamin B2
0.15mg
0.38mg
22% RDI*
Calcium
132mg
330mg
41% RDI*
Vitamin B12
0.32ug
0.80ug
40% RDI*
Sodium
45mg
113mg
5.0%
Energy (Cal)
34Cal
85Cal
Potassium
143mg
358mg
Vitamin B5
0.28mg
0.70mg
14% RDI*
Iodine
17ug
43ug
28% RDI*
* Percentage Daily Intakes are based on an average adult diet of 8700 kJ. Your daily intakes may be higher or lower depending on your energy needs.",,https://www.coles.com.au/product/dairy-farmers-skim-milk-2l-7193274,,,2024-06-17T17:10:01.361486-04:00
"Ind53SColes_ADairy, Eggs & Fridge_SA_IArkadia Spice Chai Tea Sachets 20 pack | 400g",Arkadia Spice Chai Tea Sachets 20 pack | 400g,Arkadia,"Dairy, Eggs & Fridge",,,,$13.00,,,$0.65 per 1ea,3452610,"Our family has been crafting chai over 25 years, so you might say we know a thing or two about the perfect blend.
Warm up with a mug of Arkadia signature chai spice. Boldly fragrant and deliciously creamy, let our secret family recipe take you on a journey.
98% Fat Free when made according to directions using water or skim milk.
Contains no artificial colours, sweeteners or preservatives.",,,"Per 100g/ml
Per Serving
%DI
Energy
194kJ
372kJ
Protein
0.2g
0.4g
Total Fat
1.3g
2.4g
Saturated Fat
1.2g
2.4g
Carbohydrate
8.4g
16.2g
Sugars
6g
11.5g
Sodium
30mg
58mg
* Percentage Daily Intakes are based on an average adult diet of 8700 kJ. Your daily intakes may be higher or lower depending on your energy needs.",,https://www.coles.com.au/product/arkadia-spice-chai-tea-sachets-20-pack-400g-3452610,,,2024-06-17T17:10:13.176086-04:00
"Ind53SColes_ADairy, Eggs & Fridge_SA_INorco Low Fat Milk | 2L",Norco Low Fat Milk | 2L,Norco,"Dairy, Eggs & Fridge",,,,$4.50,,,$2.25 per 1L,3893478,"We are passionate about making the best tasting milk possible. That means that our Norco Low Fat milk with 60% less fat is no exception. Our Norco Low Fat milk takes the very best that our milk has to offer with 60% less fat. With a smooth, rich, creamy taste, Norco Low Fat milk is the healthier alternative to full cream milk without compromising on taste!",,,"Per 100g/ml
Per Serving
%DI
Energy
191kJ
478kJ
5%
Protein
3.4g
8.5g
17%
Total Fat
1.3g
3.3g
5%
Saturated Fat
0.9g
2.3g
9%
Carbohydrate
4.9g
12.3g
4%
Sugars
4.9g
12.3g
14%
Calcium
126mg
315mg
39%
Sodium
43mg
108mg
5%
* Percentage Daily Intakes are based on an average adult diet of 8700 kJ. Your daily intakes may be higher or lower depending on your energy needs.",,https://www.coles.com.au/product/norco-low-fat-milk-2l-3893478,,,2024-06-17T17:10:27.256585-04:00
"Ind53SColes_ADairy, Eggs & Fridge_SAMilk_IDairy Farmers Buttermilk | 600mL",Dairy Farmers Buttermilk | 600mL,Dairy Farmers,"Dairy, Eggs & Fridge",Milk,Specialty milk,,$2.75,,,$4.58 per 1L,252739,"Take your cooking to the next level with Dairy Farmers Buttermilk. When buttermilk is combined with either self-raising flour or baking soda it creates aeration resulting in great tasting, light and fluffy baking!

Proudly Australian owned, made and loved.

Each serve of Dairy Farmers buttermilk is a good source of calcium.

With 4.5 health stars, Dairy Farmers Buttermilk is ideal for cooking. Consume as part of a balanced diet. ",,,"Per 100g/ml
Per Serving
%DI
Energy
215kJ
538kJ
6.0%
Protein
3.6g
9.0g
18.0%
Total Fat
1.8g
4.5g
6.0%
Saturated Fat
1.2g
3.0g
13.0%
Carbohydrate
5.1g
12.8g
4.0%
Sugars
5.1g
12.8g
14.000000000000002%
Calcium
128mg
320mg
Sodium
46mg
115mg
5.0%
Energy (Cal)
96Cal
128Cal
* Percentage Daily Intakes are based on an average adult diet of 8700 kJ. Your daily intakes may be higher or lower depending on your energy needs.",,https://www.coles.com.au/product/dairy-farmers-buttermilk-600ml-252739,,,2024-06-17T17:10:38.457975-04:00
"Ind53SColes_ADairy, Eggs & Fridge_SAMilk_IDare Espresso Favoured Milk | 750mL",Dare Espresso Favoured Milk | 750mL,Dare,"Dairy, Eggs & Fridge",Milk,Milk flavoured,,$5.35,,,$7.13 per 1L,3034010,"WALKED INTO A STATIONARY OBJECT AND SAID 'SORRY'?
...A DARE FIX'LL FIX IT!

Made with real Robusta & Arabica coffee and fresh milk. A big coffee kick without the big cafe queue!
Made with Fresh Australian Milk

Aussie Owned, Made & Loved

Real Rainforest Alliance Certified Arabica & Robusta Coffee

Working with the Rainforest Alliance to support coffee farmers and their communities",,,"Per 100g/ml
Per Serving
%DI
Energy
341kJ (Ave. Qty. per 100mL)
853kJ
10%
Protein
3.4g (Ave. Qty. per 100mL)
8.5g
17%
Total Fat
3.5g(Ave. Qty. per 100mL)
8.8g
13%
Saturated Fat
2.2g (Ave. Qty. per 100mL)
5.5g
23%
Carbohydrate
9.0g (Ave. Qty. per 100mL)
22.5g
7%
Sugars
8.7g (Ave. Qty. per 100mL)
21.8g
24%
Calcium
123mg (Ave. Qty. per 100mL)
308mg
39% RDI*
Sodium
43mg (Ave. Qty. per 100mL)
108mg
5%
Dietary Fibre (total)
0.0g(Ave. Qty. per 100mL)
0.0g
Caffeine
16mg (Ave. Qty. per 100mL)
40mg
* Percentage Daily Intakes are based on an average adult diet of 8700 kJ. Your daily intakes may be higher or lower depending on your energy needs.",,https://www.coles.com.au/product/dare-espresso-favoured-milk-750ml-3034010,,,2024-06-17T17:10:49.619671-04:00
"Ind53SColes_ADairy, Eggs & Fridge_SAMilk_IVitasoy Oat Cafe Latte | 330mL",Vitasoy Oat Cafe Latte | 330mL,Vitasoy,"Dairy, Eggs & Fridge",Milk,Milk flavoured,,$3.60,,,$10.91 per 1L,5602521,,,,,,https://www.coles.com.au/product/vitasoy-oat-cafe-latte-330ml-5602521,,,2024-06-17T17:10:58.714667-04:00
"Ind53SColes_ADairy, Eggs & Fridge_SAMilk_IDairy Farmers Full Cream Milk | 3L",Dairy Farmers Full Cream Milk | 3L,Dairy Farmers,"Dairy, Eggs & Fridge",Milk,Full cream milk,,$6.20,,,$2.07 per 1L,7357123,"Rich, creamy and nutritious, it naturally provides 8 essential nutrients to support a healthy mind and body: 

Protein - for muscle growth and repair 
Calcium and phosphorous - for strong bones and teeth 
Iodine and vitamin B5 - for healthy brain and cognitive function 
Potassium - for muscle function and hydration 
Vitamin B2 and B12 - for energy maintenance and immune support 

Consume as part of a varied diet.

4 health star rating. 

Proud supporters of our Australian dairy farming communities for over 120 years, choose high quality, nutritious and delicious milk from Dairy Farmers.
Australian milk

Fresh milk

From Australian farmers

Rich in calcium

Natural source of protein

High quality.

Nutritious and delicious milk.",,,"Per 100g/ml
Per Serving
%DI
Energy
259kJ
648kJ
7.000000000000001%
Protein
3.4g
8.5g
17.0%
Total Fat
3.4g
8.5g
12.0%
Saturated Fat
2.3g
5.8g
24.0%
Carbohydrate
4.4g
11.0g
4.0%
Sugars
4.4g
11.0g
12.0%
Vitamin B2
0.15mg
0.38mg
22% RDI*
Calcium
118mg
295mg
37% RDI*
Vitamin B12
0.32ug
0.80ug
40% RDI*
Sodium
44mg
110mg
5.0%
Energy (Cal)
62Cal
155Cal
Potassium
143mg
358mg
Vitamin B5
0.28mg
0.70mg
14% RDI*
Iodine
17ug
43ug
28% RDI*
* Percentage Daily Intakes are based on an average adult diet of 8700 kJ. Your daily intakes may be higher or lower depending on your energy needs.",,https://www.coles.com.au/product/dairy-farmers-full-cream-milk-3l-7357123,,,2024-06-17T17:11:11.763662-04:00
"Ind53SColes_ADairy, Eggs & Fridge_SAMilk_ITable Of Plenty Kefir Lactose Free | 1kg",Table Of Plenty Kefir Lactose Free | 1kg,Table Of Plenty,"Dairy, Eggs & Fridge",Milk,Probiotic milk,,$8.90,,,$0.89 per 100g,3646606,"Table Of Plenty Probiotic Kefir Lactose Free Yoghurt is a natural slow-fermented, pourable kefir yoghurt. With 10 culture strains and over 90 billion+ live cultures in every serve, it's a delicious way to create a healthier, happier gut.
Pleasantly tart with a hint of natural fizz, our live Lactose Free Probiotic Kefir is made with fresh milk from grass-fed Gippsland cows with no reconstituted milk powders, just as nature intended.
Being traditionally slow fermented means all the good bits stay inside the bottle. Because our live Probiotic kefir is made with real milk and is slow-fermented, it can get a little lumpy (just like life)! Simply give it a good shake to make it deliciously creamy again!
Kefir is a great alternative to milk and yogurt and our Lactose Free Kefir is perfect as a lactose free substitute. You can use kefir on its own as a nutritious drink, add it to smoothies, dollop onto your favourite muesli or use it in recipes such as pancakes the options are endless.
Monash FODMAP certified
90+ billion live friendly bacterial
10 culture strains
Fresh Milk Kefir
Slow fermented
No added sugar",,,,"Fresh Milk, Live Cultures, Probiotic Cultures, Enzyme (Lactase)",https://www.coles.com.au/product/table-of-plenty-kefir-lactose-free-1kg-3646606,,,2024-06-17T17:11:20.821110-04:00
"Ind53SColes_ADairy, Eggs & Fridge_SAMilk_IColes Lite Reduced Fat Milk | 3L",Coles Lite Reduced Fat Milk | 3L,Coles,"Dairy, Eggs & Fridge",Milk,Skim & low fat milk,,$4.50,,,$1.50 per 1L,9107728,COLES IS COMMITTED TO BRINGING YOU HIGH QUALITY FRESH MILK FROM DAIRY FARMS ACROSS AUSTRALIA,,,"Per 100g/ml
Per Serving
%DI
Energy
185.80
464.50
Protein
3.40
8.50
Total Fat
1.3
3.3
5
Saturated Fat
0.90
2.25
Carbohydrate
4.60
11.50
Sugars
4.50
11.25
Sodium
37.00
92.50
Energy (Cal)
44.45
111.12
Dietary Fibre (total)
0.00
0.00
* Percentage Daily Intakes are based on an average adult diet of 8700 kJ. Your daily intakes may be higher or lower depending on your energy needs.",INGREDIENTS Homogenised and Pasteurised Low Fat Milk,https://www.coles.com.au/product/coles-lite-reduced-fat-milk-3l-9107728,,,2024-06-17T17:11:32.043121-04:00
"Ind53SColes_ADairy, Eggs & Fridge_SAMilk_IA2 Light Milk | 2L",A2 Light Milk | 2L,A2,"Dairy, Eggs & Fridge",Milk,Specialty milk,,$6.90,,,$3.45 per 1L,9759944,"a2 Milk is no ordinary milk!

It is real milk that may be easier on digestion for some people*.

As the number 1 producer of A1 protein free milk in Australia, our purpose is to pioneer the future of dairy for good.


For more information on the a2 Milk difference visit www.a2milk.com.au

*a2 Milk comes from cows specially selected to naturally produce milk with only the A2-type beta-casein protein so may be easier on digestion than ordinary milk for some milk intolerant individuals when consumed as part of a healthy, varied diet.
All natural with no additives, this delicious and creamy lite fresh milk contains just 1.3g of fat per 100ml

Easier on digestion for some**a2 Milk comes from cows specially selected to naturally produce milk with only the A2-type beta-casein protein so may be easier on digestion than regular milk for some milk intolerant individuals when consumed as part of a healthy, varied diet.

Naturally all A2-type beta-casein protein type, and no A1Some people may be sensitive to a protein called A1 beta-casein commonly found in milk.

The perfect milk for all occasions! Use a2 Milk in tea and coffee, baking, cooking, with cereal, with cookies, or simply enjoy on its own.

a2 Milk has been proudly partnering with Landcare Australia since 2017 to support our farmers with initiatives to protect, enhance and restore the natural environment

Good source of calcium.

Contains Protein.",,,"Per 100g/ml
Per Serving
%DI
Energy
189kJ
473kJ
0
Protein
3.3g
8.3g
0
Total Fat
1.3g
3.3g
0
Saturated Fat
0.9g
2.3g
0
Carbohydrate
5.2g
13.0g
0
Sugars
5.2g
13.0g
0
Calcium
117mg
293mg
36.0%
Sodium
48mg
120mg
0
Monounsaturated
0
0
0
Energy (Cal)
45 Cal
113 Cal
0
Dietary Fibre (total)
0
0
0
Polyunsaturated
0
0
0
Potassium
150mg
375mg
0
Trans
0
0
0
* Percentage Daily Intakes are based on an average adult diet of 8700 kJ. Your daily intakes may be higher or lower depending on your energy needs.",Reduced Fat Milk,https://www.coles.com.au/product/a2-light-milk-2l-9759944,,,2024-06-17T17:11:43.080341-04:00
"Ind53SColes_ADairy, Eggs & Fridge_SA_IVitasoy Soy Milky Regular Chilled | 1L",Vitasoy Soy Milky Regular Chilled | 1L,Vitasoy,"Dairy, Eggs & Fridge",,,,$2.85,,,$2.85 per 1L,5111880,"Every whole soybean that makes this milk great is grown in Australia
Beneath the watchful eyes of Aussie farmers, every whole soybean squeezed into our Soy Milky was planted and picked at just the right moment. It's why our great milky taste is hard to beat.

For us, it's a daily obsession that's been growing across the globe since the Vitasoy brand first started in 1940. Bringing you a simple yet delicious soy milk, brimming with the good stuff- like 1/3 of your daily calcium.

This is why our glass is always full.

Grown by Aussie Farmers
Our whole soybeans are harvested from February to April and delivered to our Wodonga factory.
Only the best beans make it...

Blended by us
We dehull and grind our beans, then blend the good bits with filtered water and other ingredients including calcium.
Perfected and packed for your fridge...

Enjoyed by you
Your Vitasoy is ready to be soaked up and savoured with all your favourites.

- Australian grown whole soybeans.
- 1/3 of your daily calcium needs in every serving.
- Naturally free from gluten, dairy, lactose and cholesterol.
- Natural source of protein.
- No artificial colours, flavours or preservatives.
- Non-genetically modified.
- Suitable For vegans and vegetarians.

The protein in this product is derived from Australian grown whole soybeans. It may appear as white sediment so make sure you shake the product well before consuming it.",,,"Per 100g/ml
Per Serving
%DI
Energy
221kJ
553kJ
6.00%
Protein
3.0g
7.5g
15.00%
Total Fat
3.0g
7.5g
11.00%
Saturated Fat
0.4g
1.0g
4.00%
Carbohydrate
3.4g
8.5g
3.00%
Sugars
2.5g
6.3g
7.00%
Calcium
120mg
300mg
38% RDI#
Cholesterol
0mg
0mg
Lactose
0g
0g
Sodium
80mg
200mg
9.00%
Monounsaturated
1.3g
3.3g
Energy (Cal)
53Cal
133Cal
Dietary Fibre (total)
0.2g
0.5g
2.00%
Polyunsaturated
1.3g
3.3g
Galactose
0g
0g
Gluten
0mg
0mg
Trans
0g
0g
* Percentage Daily Intakes are based on an average adult diet of 8700 kJ. Your daily intakes may be higher or lower depending on your energy needs.",,https://www.coles.com.au/product/vitasoy-soy-milky-regular-chilled-1l-5111880,,,2024-06-17T17:11:55.195369-04:00
"Ind53SColes_ADairy, Eggs & Fridge_SA_IDare Espresso Flavoured Milk | 2L",Dare Espresso Flavoured Milk | 2L,Dare,"Dairy, Eggs & Fridge",,,,$7.00,,,$3.50 per 1L,5206830,"Walked into a stationary object and said 'sorry'?

A Dare Fix'll Fix It!

Dare Iced Coffee Espresso is a unique blend of Arabica and Robusta coffee and fresh milk that delivers a smooth coffee flavour with a real coffee kick. Dare Iced Coffee is Australian made and is made with fresh milk.
Robusta & Arabica Coffee
Made with Fresh Milk
Australian Made
A Dare Fix'll fix it
A Dare Iced Coffee kick
Dare Espresso.
Made with 100% Rain Forest Alliance Certified Coffee Beans.
Working with the Rainforest Alliance to support coffee farmers and their communities.",,,"Per 100g/ml
Per Serving
%DI
Energy
341kJ
853kJ
10.00%
Protein
3.4g
8.5g
17.00%
Total Fat
3.5g
8.8g
13.00%
Saturated Fat
2.2g
5.5g
23.00%
Carbohydrate
9.0g
22.5g
7.00%
Sugars
8.7g
21.8g
24.00%
Vitamin B2
0.24mg
0.60mg
35% RDI*
Calcium
123mg
308mg
39% RDI*
Vitamin B12
0.42ug
1.05ug
53% RDI*
Sodium
43mg
108mg
5.00%
Energy (Cal)
81Cal
203Cal
Potassium
158mg
365mg
Vitamin B5
0.24mg
0.60mg
12% RDI*
Caffeine
16mg
40mg
Iodine
27ug
68ug
45% RDI*
* Percentage Daily Intakes are based on an average adult diet of 8700 kJ. Your daily intakes may be higher or lower depending on your energy needs.","Fresh Milk, Sugar, Coffee Powder (0.38%) (Robusta, Arabica), Colour (150c), Flavours.",https://www.coles.com.au/product/dare-espresso-flavoured-milk-2l-5206830,,,2024-06-17T17:12:06.873873-04:00
"Ind53SColes_ADairy, Eggs & Fridge_SAMilk_IVitasoy Almond Iced Chocolate | 330mL",Vitasoy Almond Iced Chocolate | 330mL,Vitasoy,"Dairy, Eggs & Fridge",Milk,Milk flavoured,,$3.60,,,$10.91 per 1L,3624680,"Made with premium quality, whole Australian almonds and blended with single origin cocoa for a delicious drink to go. Vitasoy Whole Almond Chocolate is a natural source of vitamin E and provides the added benefit and goodness of calcium. It's naturally free from dairy, lactose, gluten and cholesterol. Plus you won't find any artificial colours or preservatives added in here. Put simply, it's like music to your mouth!
Made with Australian grown whole almonds

Naturally free from dairy, lactose, cholesterol and soy

Natural source of vitamin E

Benefit of 49% of your daily calcium needs

Suitable for vegans and vegetarians

No artificial colours or preservatives.",,,"Per 100g/ml
Per Serving
%DI
Energy
193
637
7%
Protein
1
3.3
7%
Total Fat
1.8
5.9
8%
Saturated Fat
0.2
0.7
3%
Carbohydrate
6.1
20.1
6%
Sugars
5.4
17.8
20%
Calcium
120
396
49%
Sodium
58
191
8%
Monounsaturated
1.1
3.6
Energy (Cal)
46
152
7%
Dietary Fibre (total)
0.7
2.3
8%
Polyunsaturated
0.5
1.7
* Percentage Daily Intakes are based on an average adult diet of 8700 kJ. Your daily intakes may be higher or lower depending on your energy needs.",,https://www.coles.com.au/product/vitasoy-almond-iced-chocolate-330ml-3624680,,,2024-06-17T17:12:19.560249-04:00
"Ind53SColes_ADairy, Eggs & Fridge_SAMilk_INorco Non Homogenised Finest Milk | 1.5L",Norco Non Homogenised Finest Milk | 1.5L,Norco,"Dairy, Eggs & Fridge",Milk,Specialty milk,,$3.95,,$4.40,$2.63 per 1L,3387905,"You know what they say - nostalgia isn't what it used to be. Of course, there are exceptions. Especially when it comes to the kind of delicious, cream-on-top milk your grandparents used to talk about. When selecting Our Finest Non-Homogenised you are choosing protein-rich, beautiful milk lovingly sourced from the fine cows of Northern NSW and South East Queensland. And, as always, Norco milk is still 100% Australian dairy farmer owned, just as it was in 1895.
100% Australian Farmer Owned

Permeate Free

Bottle made from Recycled Plastic

High Cream",,,"Per 100g/ml
Per Serving
%DI
Energy
326kJ
815kJ
9.00%
Protein
3.9g
9.8g
20.00%
Total Fat
4.7g
11.8g
17.00%
Saturated Fat
3.3g
8.3g
34.00%
Carbohydrate
5g
12.5g
4.00%
Sugars
5g
12.5g
14.00%
Calcium
149mg
373mg
47.00%
Sodium
48mg
120mg
5.00%
Monounsaturated
0
0
0
Energy (Cal)
78Cal
196Cal
0
Dietary Fibre (total)
0
0
0
Polyunsaturated
0
0
0
Trans
0
0
0
* Percentage Daily Intakes are based on an average adult diet of 8700 kJ. Your daily intakes may be higher or lower depending on your energy needs.",,https://www.coles.com.au/product/norco-non-homogenised-finest-milk-1.5l-3387905,,,2024-06-17T17:12:31.889975-04:00
"Ind53SColes_ADairy, Eggs & Fridge_SAMilk_IVitasoy Unsweetened Almond Milk | 1L",Vitasoy Unsweetened Almond Milk | 1L,Vitasoy,"Dairy, Eggs & Fridge",Milk,Soy & almond milk,,$4.00,,,$4.00 per 1L,2684381,"Every whole almond that makes this milk great is grown in Australia

Beneath the watchful eyes of Aussie farmers, every sun-kissed whole almond squeezed into our Almond Milk Unsweetened was picked at just the right moment to end up in your hands.
For us, it's a daily obsession that's been growing across the globe since the Vitasoy brand first started in 1940. Bringing you a simple yet delicious almond milk, brimming with the good stuff- and no added sugar.

This is why our glass is always full.

Grown by Aussie Farmers
Our whole almonds are harvested from February to April and delivered to our Wodonga factory.
Only the best almonds make it...

Blended by us
We soak our almonds until they're ready to be ground, and then blend the good bits with filtered water and other ingredients including calcium.
Perfected and packed for your fridge...

Enjoyed by you
Your Vitasoy is ready to be soaked up and savoured with all your favourites.

- Australian grown whole almonds.
- Naturally free from gluten, dairy, lactose, cholesterol and soy.
- Natural source of vitamin E.
- 1/3 of your daily calcium needs in every serving.
- No artificial colours, flavours or preservatives
- Non-genetically modified.
- Suitable For vegans and vegetarians.",,,"Per 100g/ml
Per Serving
%DI
Energy
86kJ
215kJ
2.0%
Protein
0.7g
1.8g
4.0%
Total Fat
1.8g
4.5g
6.0%
Saturated Fat
1.8g
4.5g
6.0%
Carbohydrate
0.3g
0.8g
0.0%
Sugars
0.1g
0.3g
0.0%
Lactose
0g
0g
Sodium
120mg
90mg
38% RDI#
Monounsaturated
1.1g
2.8g
Energy (Cal)
20Cal
50Cal
Dietary Fibre (total)
0.3g
0.8g
3.0%
Polyunsaturated
0.5g
1.3g
Galactose
0g
0g
Gluten
0mg
0mg
Trans
0g
0g
* Percentage Daily Intakes are based on an average adult diet of 8700 kJ. Your daily intakes may be higher or lower depending on your energy needs.",,https://www.coles.com.au/product/vitasoy-unsweetened-almond-milk-1l-2684381,,,2024-06-17T17:12:42.794359-04:00
"Ind53SColes_ADairy, Eggs & Fridge_SAMilk_IOak Chocolate Flavoured Milk | 600mL",Oak Chocolate Flavoured Milk | 600mL,Oak,"Dairy, Eggs & Fridge",Milk,Milk flavoured,,$3.90,Pick any 2 for $5,,$6.50 per 1L,13079,"What's hungythirsty? It's a state of weak indecision where you're neither hungry nor thirsty but a bit of both. Kill two birds with one steel meteorite of OAK milk - it's full strength, full flavour, full on. With over 50 years' experience and a choice of rich, creamy and authentic flavours, OAK is always the answer.",,,"Per 100g/ml
Per Serving
%DI
Energy
376 kJ
1130 kJ
Protein
3.5 g
10.5 g
Total Fat
3.4 g
10.2 g
Saturated Fat
2.2 g
6.6 g
Carbohydrate
11.0 g
33.0 g
Sugars
10.6 g
31.8 g
Calcium
115 mg
345 mg
43%
Sodium
50 mg
150 mg
* Percentage Daily Intakes are based on an average adult diet of 8700 kJ. Your daily intakes may be higher or lower depending on your energy needs.","Milk, Cream (from Milk), Sugar, Milk Solids, Cocoa (1%), Maltodextrin, Flavours, Stabiliser (407), Salt, Colours (155, 133).",https://www.coles.com.au/product/oak-chocolate-flavoured-milk-600ml-13079,,,2024-06-17T17:12:55.229268-04:00
"Ind53SColes_ADairy, Eggs & Fridge_SAFrozen desserts_IPeters Original Party Cake Frozen Dessert | 1.5L",Peters Original Party Cake Frozen Dessert | 1.5L,Peters,"Dairy, Eggs & Fridge",Frozen desserts,Cakes & cheesecakes,,$14.00,,,$0.93 per 100mL,5103340,"Layered with everybody's favourite ice cream combination of chocolate, strawberry and vanilla this delicious ice cream cake is topped with colourful sprinkles. You can get the party started by serving immediately, or by adding further toppings to customise your Party Cake for friends and family.",,,"Per 100g/ml
Per Serving
%DI
Energy
770kJ
380kJ
4%
Protein
1.9g
1g
2%
Total Fat
6.6g
3.3g
5%
Saturated Fat
6g
3g
12%
Carbohydrate
28.5g
14.2g
5%
Sugars
22.8g
11.4g
13%
Sodium
95mg
45mg
2%
* Percentage Daily Intakes are based on an average adult diet of 8700 kJ. Your daily intakes may be higher or lower depending on your energy needs.","Water, Dairy Ingredients (Reconstituted Skim Milk, Milk Solids), Sugar, Glucose Syrup, Vegetable Oil and or Cream/Butter(Milk), Maltodextrin, Cocoa Solids, Vegetable Origin Emulsifiers (477, 471, 322 (Soy)), Thickeners (Tapioca Starch, 1422), VegetableGum (412), Flavours, Colours (120, 100, 160a, 160c, 163), Gardenia Extract.",https://www.coles.com.au/product/peters-original-party-cake-frozen-dessert-1.5l-5103340,,,2024-06-17T17:13:06.091833-04:00
"Ind53SColes_ADairy, Eggs & Fridge_SA_IYakult Gluten Free Fermented Milk Drink 10 pack | 65mL",Yakult Gluten Free Fermented Milk Drink 10 pack | 65mL,Yakult,"Dairy, Eggs & Fridge",,,,$7.70,,,$11.85 per 1L,8133824,"Yakult is a refreshing fermented milk drink containing 6.5 billion of its unique probiotic, the Lactobacillus casei Shirota strain, proven to survive strong stomach acids to reach your intestines alive.
- no artificial colours
- low fat
- no preservatives
- gluten free
- Made fresh in Australia daily
- low lactose
For everybody, every day.",,,"Per 100g/ml
Per Serving
%DI
Energy
323kJ
210kJ
Protein
1.3g
0.8g
Total Fat
<0.1g
<0.1g
Saturated Fat
<0.1g
<0.1g
Carbohydrate
17.7g
11.5g
Sugars
17.2g
11.2g
Sodium
15.5mg
10.1mg
* Percentage Daily Intakes are based on an average adult diet of 8700 kJ. Your daily intakes may be higher or lower depending on your energy needs.","Water, Skim Milk Powder (Reconstituted), Sugar, Dextrose, Flavouring, Live Shirota Strain.",https://www.coles.com.au/product/yakult-gluten-free-fermented-milk-drink-10-pack-65ml-8133824,,,2024-06-17T17:13:18.234670-04:00
"Ind53SColes_ADairy, Eggs & Fridge_SAMilk_IRokeby Farms Probiotic Blueberry | 750g",Rokeby Farms Probiotic Blueberry | 750g,Rokeby Farms,"Dairy, Eggs & Fridge",Milk,Probiotic milk,,$4.00,,$5.00,$0.53 per 100g,7161449,,,,"Per 100g/ml
Per Serving
%DI
Energy
314kJ
785kJ
Protein
3.2g
8g
Total Fat
3.4g
8.5g
Saturated Fat
2.3g
5.7g
Carbohydrate
7.5g
18.8g
Sugars
5.9g
14.7g
Calcium
115mg
288mg
Sodium
32mg
80mg
* Percentage Daily Intakes are based on an average adult diet of 8700 kJ. Your daily intakes may be higher or lower depending on your energy needs.","Whole milk, blueberry blend (blueberry puree (8%)*, water, sugar, native starch, natural flavour, natural colour), live cultures and probiotics (milk), lactase emzyme. *from concentrate",https://www.coles.com.au/product/rokeby-farms-probiotic-blueberry-750g-7161449,,,2024-06-17T17:13:31.213799-04:00
"Ind53SColes_ADairy, Eggs & Fridge_SAMilk_IOak Iced Coffee Flavoured Milk | 600mL",Oak Iced Coffee Flavoured Milk | 600mL,Oak,"Dairy, Eggs & Fridge",Milk,Milk flavoured,,$3.90,Pick any 2 for $5,,$6.50 per 1L,5467200,"What's hungythirsty? Reading a carton, that's what. It's a state of weak indecision where you're neither hungry nor thirsty but a bit of both. So the only thing you're sure of is being not sure. Kill two birds with one steel meteorite of milk - it's full strength, full flavour, full on - in a range of flavours. OAK deals with hungrythirsty like a combine harvester deals with soft toys. Don't ask how we know this.",,,"Per 100g/ml
Per Serving
%DI
Energy
347 kJ
1040 kJ
Protein
3.2 g
9.6 g
Total Fat
3.4 g
10.2 g
Saturated Fat
2.4 g
7.2 g
Carbohydrate
9.3 g
27.9 g
Sugars
9.0 g
27.0 g
Calcium
114 mg
342 mg
42%
Sodium
38 mg
114 mg
* Percentage Daily Intakes are based on an average adult diet of 8700 kJ. Your daily intakes may be higher or lower depending on your energy needs.","Milk, Cream, Milk Solids, Coffee (0.5%), Flavours (from Wheat), Colours (150d, 150c), Stabiliser (407).",https://www.coles.com.au/product/oak-iced-coffee-flavoured-milk-600ml-5467200,,,2024-06-17T17:13:43.190599-04:00
"Ind53SColes_ADairy, Eggs & Fridge_SAMilk_IColes Full Cream Milk | 3L",Coles Full Cream Milk | 3L,Coles,"Dairy, Eggs & Fridge",Milk,Full cream milk,,$4.50,,,$1.50 per 1L,8150288,Coles is committed to bringing you high quality fresh milk from dairy farms across Australia,,,"Per 100g/ml
Per Serving
%DI
Energy
260
650
7
Protein
3.40
8.50
Sugars
4.30
10.75
Dietary Fibre (total)
0.00
0.00
* Percentage Daily Intakes are based on an average adult diet of 8700 kJ. Your daily intakes may be higher or lower depending on your energy needs.",,https://www.coles.com.au/product/coles-full-cream-milk-3l-8150288,,,2024-06-17T17:13:54.872223-04:00
"Ind53SColes_ADairy, Eggs & Fridge_SAMilk_IDevondale Light Milk | 2L",Devondale Light Milk | 2L,Devondale,"Dairy, Eggs & Fridge",Milk,Full cream milk,,$4.40,,,$2.20 per 1L,1911604,"Devondale fresh light milk contains all the goodness of full cream milk, with only 1.3% fat. A natural source of essential nutrients, including prosperous, magnesium, potassium and vitamin B12 making it a great source of nutrition.- Delicious and creamy light milk- High in Calcium- Source of Protein- No Preservatives- Homogenised and Pasteurised Milk",,,"Per 100g/ml
Per Serving
%DI
Energy
188kJ
470kJ
Protein
3.6g
9g
Total Fat
1.3g
3.3g
Saturated Fat
1.3g
2.2g
Carbohydrate
4.6g
11.5g
Sugars
4.6g
11.5g
Calcium
126mg
315mg
39%
Sodium
37mg
93mg
* Percentage Daily Intakes are based on an average adult diet of 8700 kJ. Your daily intakes may be higher or lower depending on your energy needs.",,https://www.coles.com.au/product/devondale-light-milk-2l-1911604,,,2024-06-17T17:14:05.844402-04:00
"Ind53SColes_ADairy, Eggs & Fridge_SAMilk_IPauls Farmhouse Gold Cream On Top Milk | 1.5L",Pauls Farmhouse Gold Cream On Top Milk | 1.5L,Pauls,"Dairy, Eggs & Fridge",Milk,Specialty milk,,$4.40,,,$2.93 per 1L,2917967,"Farmhouse Gold is traditional wholesome milk with a layer of cream on top. It's Perfect for those who love the rich, creamy taste of real milk. Made with fresh, premium milk from Australian farms, Farmhouse Gold has a delicious, velvety taste you will savour. Milk, the way it was meant to be be.
Extra Creamy Milk",,,"Per 100g/ml
Per Serving
%DI
Energy
317 kJ
792 kJ
Protein
3.4g
8.5g
Total Fat
4.7g
11.8g
Saturated Fat
3.1g
7.8g
Carbohydrate
4.8g
12g
Sugars
4.8
12g
Sodium
123 mg
102 mg
Energy (Cal)
76 Cal
189 Cal
* Percentage Daily Intakes are based on an average adult diet of 8700 kJ. Your daily intakes may be higher or lower depending on your energy needs.",,https://www.coles.com.au/product/pauls-farmhouse-gold-cream-on-top-milk-1.5l-2917967,,,2024-06-17T17:14:18.304447-04:00
"Ind53SColes_ADairy, Eggs & Fridge_SAMilk_IDairy Farmers Classic Strawberry Flavoured Milk | 500mL",Dairy Farmers Classic Strawberry Flavoured Milk | 500mL,Dairy Farmers,"Dairy, Eggs & Fridge",Milk,Milk flavoured,,$3.20,,$3.60,$6.40 per 1L,3034199,"From Aussie farms for your family to enjoy - the Dairy Farmers brand has a rich heritage dating back to 1900. We're proud to honour the generous spirit of our farming communities by continuing to bring high quality and nutritious dairy products across milk, flavoured yoghurt, flavoured milk and culinary products .
Proudly Aussie made and owned

Made with fresh Australian milk

Milk is a natural source of protein

No artificial additives or preservatives

Enjoy as part of a healthy and balanced diet

Made in Australia from at least 98% Australian ingredients.

Rich in calcium.",,,"Per 100g/ml
Per Serving
%DI
Energy
293kJ
1465kJ
17.0%
Protein
3.2g
16.0g
32.0%
Total Fat
2.5g
12.5g
18.0%
Saturated Fat
1.6g
8.0g
33.0%
Carbohydrate
8.6g
43.0g
14.000000000000002%
Sugars
8.6g
43.0g
48.0%
Calcium
117mg
585mg
Sodium
43mg
215mg
9.0%
Energy (Cal)
70Cal
350Cal
* Percentage Daily Intakes are based on an average adult diet of 8700 kJ. Your daily intakes may be higher or lower depending on your energy needs.",,https://www.coles.com.au/product/dairy-farmers-classic-strawberry-flavoured-milk-500ml-3034199,,,2024-06-17T17:14:30.206770-04:00
"Ind53SColes_ADairy, Eggs & Fridge_SA_IA2 Lactose Free Full Cream Milk | 2L",A2 Lactose Free Full Cream Milk | 2L,A2,"Dairy, Eggs & Fridge",,,,$6.90,,$7.30,$3.45 per 1L,5458210,"This full cream milk comes from 100% Australian cows and is a great lactose free option. As the number 1 producer of A1 protein free milk in Australia, our purpose is to pioneer the future of dairy for good.

For more information on the a2 Milk difference visit www.a2milk.com.au
This delicious and creamy fresh milk contains just 3.5g of fat per 100mL

Lactose Free Milk is easy to digest for people with intolerance or sensitivity to lactose**a2 Milk Lactose Freemay be easy to digestcompared to ordinarymilk for some peoplewho are sensitive tolactose, when consumedas part of a healthy,varied diet.

Naturally all A2-type beta-casein protein type, and no A1Some people may be sensitive to a protein called A1 beta-casein commonly found in milk.

The perfect milk for all occasions! Use a2 Milk in tea and coffee, baking, cooking, with cereal, with cookies, or simply enjoy on its own.

a2 Milk has been proudly partnering with Landcare Australia since 2017 to support our farmers with initiatives to protect, enhance and restore the natural environment

Good source of calcium.

The only naturally A1 protein free milk that is also lactose free!.",,,"Per 100g/ml
Per Serving
%DI
Energy
267kJ
671kJ
0
Protein
3.3g
8.3g
0
Total Fat
3.5g
8.8g
0
Saturated Fat
2.4g
6.0g
0
Carbohydrate
4.8g
12.0g
0
Sugars
4.8g
12.0g
0
Calcium
109mg
273mg
34.00%
Lactose
Not Detected
Not Detected
0
Sodium
40mg
100mg
0
Monounsaturated
0
0
0
Energy (Cal)
64 Cal
160 Cal
0
Dietary Fibre (total)
0.0g
0.0g
0
Polyunsaturated
0
0
0
Galactose
2.4g
6.0g
0
Potassium
147mg
368mg
0
Trans
0
0
0
* Percentage Daily Intakes are based on an average adult diet of 8700 kJ. Your daily intakes may be higher or lower depending on your energy needs.",,https://www.coles.com.au/product/a2-lactose-free-full-cream-milk-2l-5458210,,,2024-06-17T17:14:41.577588-04:00
"Ind53SColes_ADairy, Eggs & Fridge_SAMilk_IColes Full Cream Milk | 2L",Coles Full Cream Milk | 2L,Coles,"Dairy, Eggs & Fridge",Milk,Full cream milk,,$3.10,,,$1.55 per 1L,439693,"Coles Australian Dairy Full Cream Milk, 2L. Fresh full cream milk sourced from Australian farmers for wholesome goodness. Better together with Australian Farmers.",,,"Per 100g/ml
Per Serving
%DI
Energy
258.40
646.00
Protein
3.40
8.50
Total Fat
3.40
8.50
Carbohydrate
4.40
11.00
Sugars
4.40
11.00
Calcium
118.00
295.00
Sodium
44.00
110.00
Saturated
2.30
5.75
Energy (Cal)
61.82
154.55
Dietary Fibre (total)
0.00
0.00
* Percentage Daily Intakes are based on an average adult diet of 8700 kJ. Your daily intakes may be higher or lower depending on your energy needs.",INGREDIENTS Homogenised and Pasteurised Full Cream Milk,https://www.coles.com.au/product/coles-full-cream-milk-2l-439693,,,2024-06-17T17:14:52.799570-04:00
"Ind53SColes_ADairy, Eggs & Fridge_SA_IDairy Farmers Lite White Milk | 1L",Dairy Farmers Lite White Milk | 1L,Dairy Farmers,"Dairy, Eggs & Fridge",,,,$2.95,,,$2.95 per 1L,8476117,"Dairy Farmers Lite White milk has calcium and protein for strong bodies and is low in fat*
Contains all the nutritious goodness and refreshing taste of milk, with less fat and calories
- Rich in calcium
- Low in fat
- Natural source of protein
- No artificial additives or preservatives
Enjoy as part of a healthy and balanced diet
Contains 100% Aussie milk
*contains 61% less fat than full cream milk with 3.4% fat. Nutritional values may vary due to seasonal conditions
Australian milk

Fresh milk

From Australian farmers

Rich in calcium

Natural source of protein

High quality.

Nutritious and delicious milk.

Low fat, less calories.",,,"Per 100g/ml
Per Serving
%DI
Energy
190kJ
475kJ
5.00%
Protein
3.5g
8.8g
18.00%
Total Fat
1.3g
3.3g
5.00%
Saturated Fat
0.9g
2.3g
9.00%
Carbohydrate
4.6g
11.5g
4.00%
Sugars
4.6g
11.5g
13.00%
Vitamin B2
0.15mg
0.38mg
22% RDI*
Calcium
118mg
330mg
37% RDI*
Vitamin B12
0.32ug
0.80ug
40% RDI*
Sodium
44mg
110mg
5.00%
Energy (Cal)
43Cal
113Cal
Potassium
143mg
358mg
Vitamin B5
0.28mg
0.70mg
14% RDI*
Iodine
17ug
43ug
28% RDI*
* Percentage Daily Intakes are based on an average adult diet of 8700 kJ. Your daily intakes may be higher or lower depending on your energy needs.",,https://www.coles.com.au/product/dairy-farmers-lite-white-milk-1l-8476117,,,2024-06-17T17:15:04.897878-04:00
"Ind53SColes_ADairy, Eggs & Fridge_SAMilk_IPauls Zymil Lactose Free Full Cream Milk | 1L",Pauls Zymil Lactose Free Full Cream Milk | 1L,Pauls,"Dairy, Eggs & Fridge",Milk,Specialty milk,,$3.90,,,$3.90 per 1L,5891600,"At Pauls, we love dairy. We're pretty passionate about making great tasting products packed with real dairy goodness. We put that devotion into every Pauls milk, cream, custard and yoghurt we make. Milk is a natural source of protein, vitamins and minerals essential for good health. Rich in calcium, Pauls Zymil is simply milk which is easy to digest (As part of a healthy and varied diet, consuming Zymil instead of regular milk helps ease digestion in those who are sensitive to lactose). Plus Pauls Zymil is lactose free and made from real milk so it has all of the natural goodness of regular milk. Lactose free, easy to digest and rich in calcium.
Full cream milk

Lactose free",,,"Per 100g/ml
Per Serving
%DI
Energy
270kJ
675kJ
Protein
3.4g
8.5g
Total Fat
3.6g
9.0g
Saturated Fat
2.3g
5.8g
Carbohydrate
4.7g
11.8g
Sugars
4.7g
11.8g
Lactose
Nil
Nil
Vitamin B2
0.2mg
0.4mg
25% RDI*
Calcium
125mg
313mg
39% RDI*
Sodium
40mg
100mg
Dietary Fibre (total)
0.0g
0.0g
Galactose
2.4g
6.0g
* Percentage Daily Intakes are based on an average adult diet of 8700 kJ. Your daily intakes may be higher or lower depending on your energy needs.",,https://www.coles.com.au/product/pauls-zymil-lactose-free-full-cream-milk-1l-5891600,,,2024-06-17T17:15:18.450748-04:00
"Ind53SColes_ADairy, Eggs & Fridge_SA_IBabushka's Probiotic Kefir Yoghurt Mango | 750g",Babushka's Probiotic Kefir Yoghurt Mango | 750g,Babushkas,"Dairy, Eggs & Fridge",,,,$6.20,,,$0.83 per 100g,5641137,,,,,,https://www.coles.com.au/product/babushka's-probiotic-kefir-yoghurt-mango-750g-5641137,,,2024-06-17T17:15:28.061366-04:00
"Ind53SColes_ADairy, Eggs & Fridge_SAMilk_IImpressed Oat Shake Chocolate | 500mL",Impressed Oat Shake Chocolate | 500mL,Impressed,"Dairy, Eggs & Fridge",Milk,Milk flavoured,,$3.00,,$4.15,,6433248,"These deliciously dairy-free oat shakes are made with 100% Aussie oats, are rich and creamy, minimally processed, and high in calcium. Making them the perfect plant-powered pick-me-up.",,,"Per 100g/ml
Per Serving
%DI
Energy
240kJ
1200kJ
14%
Protein
0.8g
4g
8%
Total Fat
3g
15g
21%
Saturated Fat
0.4g
2g
8%
Carbohydrate
8.4g
42g
14%
Sugars
5.7g
28.5g
32%
Calcium
120mg
600mg
75%
Sodium
58mg
290mg
13%
Dietary Fibre (total)
1g
5g
24%
* Percentage Daily Intakes are based on an average adult diet of 8700 kJ. Your daily intakes may be higher or lower depending on your energy needs.",,https://www.coles.com.au/product/impressed-oat-shake-chocolate-500ml-6433248,,,2024-06-17T17:15:39.176781-04:00
"Ind53SColes_ADairy, Eggs & Fridge_SA_IChobani Oat Milk Chocolate | 1L",Chobani Oat Milk Chocolate | 1L,Chobani,"Dairy, Eggs & Fridge",,,,$4.00,,,"$4.00 per 1L
Was $5.00 on Apr 2024",5638610,"Delicious chocolately taste made from real cocoa. 
Mix in a blender for an instant milkshake.
Heat up for your very own dairy free hot chocolate.
Good source of calcium.",,,"Per 100g/ml
Per Serving
%DI
Energy
264kJ
661kJ
Protein
0.8g
2.0g
Total Fat
2.5g
6.3g
Saturated Fat
0.3g
0.8g
Carbohydrate
9.3g
23.3g
Sugars
7.0g
17.5g
Calcium
120mg
300mg (38% RDI*)
Sodium
52mg
130mg
Energy (Cal)
63Cal
158Cal
Dietary Fibre (total)
<0.5g
<0.5g
* Percentage Daily Intakes are based on an average adult diet of 8700 kJ. Your daily intakes may be higher or lower depending on your energy needs.",,https://www.coles.com.au/product/chobani-oat-milk-chocolate-1l-5638610,,,2024-06-17T17:15:50.671752-04:00
"Ind53SColes_ADairy, Eggs & Fridge_SAMilk_IHunt & Brew Extra Creamy Milk | 1L",Hunt & Brew Extra Creamy Milk | 1L,Hunt&Brew,"Dairy, Eggs & Fridge",Milk,Specialty milk,,$3.15,,$3.95,$3.15 per 1L,4163903,"Hunt and Brew is here to do dairy better.
We know that nothing beats the taste of fresh milk.
We have hunted the globe and found premium quality, fresh milk from Margaret River and the surrounding South West region of Western Australia.
Enjoy our Extra Creamy milk with 4.2% fat! Richer, creamier and fuller-tasting milk that's perfect for your at-home coffee or dairy occasion.
Our bottles are made from 100% recycled Australian plastic. Close the loop & Recycle me again.",,,"Per 100g/ml
Per Serving
%DI
Energy
301kJ
753kJ
9%
Protein
3.6g
9g
18%
Total Fat
4.2g
10.5g
15%
Saturated Fat
2.6g
6.5g
27%
Carbohydrate
4.9g
12.3g
4%
Sugars
4.4g
11g
12%
Calcium
130mg
325mg
41%
Sodium
39mg
98mg
4%
* Percentage Daily Intakes are based on an average adult diet of 8700 kJ. Your daily intakes may be higher or lower depending on your energy needs.",,https://www.coles.com.au/product/hunt-and-brew-extra-creamy-milk-1l-4163903,,,2024-06-17T20:59:44.496211-04:00
"Ind53SColes_ADairy, Eggs & Fridge_SAMilk_IColes Dairy Full Cream Milk | 1L",Coles Dairy Full Cream Milk | 1L,Coles,"Dairy, Eggs & Fridge",Milk,Full cream milk,,$1.60,,,$1.60 per 1L,9052681,"Coles Australian dairy fresh full cream milk 1L. Better Together with Australian Farmers The hard work and dedicated spirit of dairy farmers is embedded in the fabric of our country. That's why Coles is proud to directly partner with dairy farmers in New South Wales offering longer term agreements and helping farmers better plan for their future. We know each and every farmer we source our milk from and that's what makes us better together. The fresh, creamy goodness of milk is a source of protein and is rich in calcium for healthy teeth and bones. Enjoy the nourishment of Coles milk every day",,,"Per 100g/ml
Per Serving
%DI
Energy
260
650
7
Protein
3.4
8.5
17
Total Fat
3.3
8.3
12
Saturated Fat
2.4
6.0
25
Carbohydrate
4.7
11.8
4
Sugars
4.7
11.8
13
Calcium
125
313
Sodium
38
95
4
Energy (Cal)
62
155
Dietary Fibre (total)
0.00
0.00
* Percentage Daily Intakes are based on an average adult diet of 8700 kJ. Your daily intakes may be higher or lower depending on your energy needs.",,https://www.coles.com.au/product/coles-dairy-full-cream-milk-1l-9052681,,,2024-06-17T20:59:55.272190-04:00
"Ind53SColes_ADairy, Eggs & Fridge_SAMilk_INutty Bruce Organic Almond & Coconut Milk | 1L",Nutty Bruce Organic Almond & Coconut Milk | 1L,Nutty Bruce,"Dairy, Eggs & Fridge",Milk,Soy & almond milk,,$6.00,,,$6.00 per 1L,3187484,"Nutty Bruce Almond & Coconut Milk is a nutritious and delicious plant-powered, non-dairy milk. It's made from 100% whole organic activated almonds and organic coconut. Deliciously creamy, and with none of the thickeners and gums that you see in some almond milks. Just simple and natural ingredients.",,,"Per 100g/ml
Per Serving
%DI
Energy
176kJ
440kJ
Protein
<1g
1.8g
Total Fat
1.7g
4.1g
Saturated Fat
<1g
1.8g
Carbohydrate
6.1g
15.1g
Sugars
2.7g
6.6g
Sodium
37mg
93mg
* Percentage Daily Intakes are based on an average adult diet of 8700 kJ. Your daily intakes may be higher or lower depending on your energy needs.",,https://www.coles.com.au/product/nutty-bruce-organic-almond-and-coconut-milk-1l-3187484,,,2024-06-17T21:00:06.612022-04:00
"Ind53SColes_ADairy, Eggs & Fridge_SAMilk_IOak Chocolate Flavoured Milk | 300mL",Oak Chocolate Flavoured Milk | 300mL,Oak,"Dairy, Eggs & Fridge",Milk,Milk flavoured,,$2.50,,$2.95,$8.33 per 1L,7024030,"With over 50 years' experience and a choice of rich, creamy and authentic flavours, OAK is always the answer.",,,"Per 100g/ml
Per Serving
%DI
Energy
376 kJ
1128 kJ
Protein
3.5 g
10.5 g
Total Fat
3.4 g
10.2 g
Saturated Fat
2.2 g
6.6 g
Carbohydrate
11.0 g
33.0 g
Sugars
10.6 g
31.8 g
Calcium
115 mg
345 mg
Sodium
50 mg
150 mg
* Percentage Daily Intakes are based on an average adult diet of 8700 kJ. Your daily intakes may be higher or lower depending on your energy needs.",,https://www.coles.com.au/product/oak-chocolate-flavoured-milk-300ml-7024030,,,2024-06-17T21:00:17.755336-04:00
"Ind53SColes_ADairy, Eggs & Fridge_SAMilk_IPauls Bluey Chocolate Flavoured Milk | 250mL",Pauls Bluey Chocolate Flavoured Milk | 250mL,Pauls,"Dairy, Eggs & Fridge",Milk,Milk flavoured,,$2.30,,,$9.20 per 1L,4165498,"BLUEY TM and BLUEY character logos TM &  Ludo Studio Pty Ltd 2018.
30% Less Sugar
No Artificial Flavours or Sweeteners
Good source of Calcium
Chocolate flavoured milk
Australian Milk",,,"Per 100g/ml
Per Serving
%DI
Energy
235 kJ
587 kJ
Protein
3.8 g
9.5 g
Total Fat
1.3 g
3.2 g
Saturated Fat
0.8 g
2.0 g
Carbohydrate
7.1 g
17.7 g
Sugars
7.1 g
17.7 g
Calcium
131 mg
327 mg
40% RDI*
Sodium
48 mg
120 mg
Energy (Cal)
56 Cal
140 Cal
Dietary Fibre (total)
0.2 g
0.5 g
* Percentage Daily Intakes are based on an average adult diet of 8700 kJ. Your daily intakes may be higher or lower depending on your energy needs.",,https://www.coles.com.au/product/pauls-bluey-chocolate-flavoured-milk-250ml-4165498,,,2024-06-17T21:00:28.842561-04:00
"Ind53SColes_ADairy, Eggs & Fridge_SAMilk_IDairy Farmers Heart Active Milk | 1L",Dairy Farmers Heart Active Milk | 1L,Dairy Farmers,"Dairy, Eggs & Fridge",Milk,Specialty milk,,$3.90,,,$3.90 per 1L,7258880,"Proudly Australian owned, made & loved.

HeartActive milk tastes delicious, making it the simple and easy way to help manage your cholesterol. Good news for your body, great news for your tastebuds.

Enjoy HeartActive milk on your cereal, in tea and coffee, in a delicious fruit smoothie or in cooking. 

5 health star rating. 

Proud supporters of our Australian dairy farming communities for over 120 years, choose high quality, nutritious and delicious milk from Dairy Farmers.

Studies show that consuming milk with plant sterols every day, like HeartActive, can reduce LDL cholesterol after a minimum of three weeks. The highest study reported an average reduction of greater than 10%, and the overall reduction across these studies was 8.53%. Results may vary depending on personal circumstances. For best results, enjoy 2g of plant sterols (2-3 serves of HeartActive milk), as part of a healthy diet, low in saturated fat. More than 3 serves a day provides no additional health benefits. For children under the age of five, pregnant or lactating women and people taking cholesterol-lowering medication, doctor's advice should be sought before using HeartActive, due to their special dietary needs.
Australian milk

Fresh milk

From Australian farmers

Healthy Milk, Rich in calcium, Low fat

Natural source of protein

High quality, nutritious and delicious milk.

Plant sterols.

Reduces cholesterol.",,,"Per 100g/ml
Per Serving
%DI
Energy
174kJ
435kJ
5.0%
Protein
3.3g
8.3g
17.0%
Total Fat
1.0g
2.5g
4.0%
Saturated Fat
0.5g
1.2g
5.0%
Carbohydrate
4.8g
12.0g
4.0%
Sugars
4.8g
12.0g
13.0%
Calcium
123mg
308mg
Sodium
45mg
113mg
5.0%
Monounsaturated
0.2g
0.5g
Energy (Cal)
42Cal
104Cal
Polyunsaturated
0.2g
0.5g
Trans
<0.1g
<0.1g
* Percentage Daily Intakes are based on an average adult diet of 8700 kJ. Your daily intakes may be higher or lower depending on your energy needs.",,https://www.coles.com.au/product/dairy-farmers-heart-active-milk-1l-7258880,,,2024-06-17T21:00:39.589524-04:00
"Ind53SColes_ADairy, Eggs & Fridge_SAMilk_IVitasoy Oat Cafe Latte | 330mL",Vitasoy Oat Cafe Latte | 330mL,Vitasoy,"Dairy, Eggs & Fridge",Milk,Milk flavoured,,$3.60,,,$10.91 per 1L,5602521,,,,,,https://www.coles.com.au/product/vitasoy-oat-cafe-latte-330ml-5602521,,,2024-06-17T21:00:48.130264-04:00
"Ind53SColes_ADairy, Eggs & Fridge_SAMilk_IDare No Added Sugar Double Espresso Flavoured Milk | 500mL",Dare No Added Sugar Double Espresso Flavoured Milk | 500mL,Dare,"Dairy, Eggs & Fridge",Milk,Milk flavoured,,$3.30,,$4.15,$6.60 per 1L,3568590,"WHEN YOU WANT ALL THE GOOD, WITHOUT THE ADDED SUGAR....A DARE FIX'LL FIX IT!

Dare Iced Coffee No Sugar Added Double Espresso is made with real Robusta & Arabica coffee and fresh milk. A big coffee kick without any sugar added.
No Sugar Added

Made with Fresh Australian Milk

Aussie Owned, Made & Loved

Real Rainforest Alliance Certified Arabica & Robusta Coffee",,,"Per 100g/ml
Per Serving
%DI
Energy
271kJ
1360kJ
16%
Protein
3.4g
17.0g
34%
Total Fat
3.5g
17.5g
25%
Saturated Fat
2.4g
12.0g
50%
Carbohydrate
4.9g
24.5g
8%
Sugars
4.9g
24.5g
27%
Calcium
118mg
590mg
74% RDI*
Sodium
41mg
205mg
9%
Dietary Fibre (total)
0.0g
0.0g
Caffeine
32mg
160mg
* Percentage Daily Intakes are based on an average adult diet of 8700 kJ. Your daily intakes may be higher or lower depending on your energy needs.",,https://www.coles.com.au/product/dare-no-added-sugar-double-espresso-flavoured-milk-500ml-3568590,,,2024-06-17T21:00:59.556946-04:00
"Ind53SColes_ADairy, Eggs & Fridge_SAMilk_IInside Out Unsweetened Almond Milk | 1L",Inside Out Unsweetened Almond Milk | 1L,Inside Out,"Dairy, Eggs & Fridge",Milk,Soy & almond milk,,$2.35,,$3.90,$2.35 per 1L,3269691,"Our signature product! Simply put, almond milk does not get cleaner and fresher than this!",,,"Per 100g/ml
Per Serving
%DI
Energy
151kJ
378kJ
0%
Protein
1.5g
3.8g
0%
Total Fat
3.1g
7.8g
0%
Saturated Fat
0.3g
0.8g
0%
Carbohydrate
0.5g
1.3g
0%
Sugars
0.5g
1.3g
0%
Sodium
31mg
78mg
0%
* Percentage Daily Intakes are based on an average adult diet of 8700 kJ. Your daily intakes may be higher or lower depending on your energy needs.",,https://www.coles.com.au/product/inside-out-unsweetened-almond-milk-1l-3269691,,,2024-06-17T21:01:10.445813-04:00
"Ind53SColes_ADairy, Eggs & Fridge_SAMilk_IDairy Farmers Full Cream Milk | 2L",Dairy Farmers Full Cream Milk | 2L,Dairy Farmers,"Dairy, Eggs & Fridge",Milk,Full cream milk,,$4.30,,,$2.15 per 1L,5519494,"Rich, creamy and nutritious, it naturally provides 8 essential nutrients to support a healthy mind and body: 

Protein - for muscle growth and repair 
Calcium and phosphorous - for strong bones and teeth 
Iodine and vitamin B5 - for healthy brain and cognitive function 
Potassium - for muscle function and hydration 
Vitamin B2 and B12 - for energy maintenance and immune support 

Consume as part of a varied diet.

4 health star rating. 

Proud supporters of our Australian dairy farming communities for over 120 years, choose high quality, nutritious and delicious milk from Dairy Farmers.
Australian milk

Fresh milk

From Australian farmers

Rich in calcium

Natural source of protein

High quality.

Nutritious and delicious milk.",,,"Per 100g/ml
Per Serving
%DI
Energy
259kJ
648kJ
7.000000000000001%
Protein
3.4g
8.5g
17.0%
Total Fat
3.4g
8.5g
12.0%
Saturated Fat
2.3g
5.8g
24.0%
Carbohydrate
4.4g
11.0g
4.0%
Sugars
4.4g
11.0g
12.0%
Vitamin B2
0.15mg
0.38mg
22% RDI*
Calcium
118mg
295mg
37% RDI*
Vitamin B12
0.32ug
0.80ug
40% RDI*
Sodium
44mg
110mg
5.0%
Energy (Cal)
62Cal
155Cal
Potassium
143mg
358mg
Vitamin B5
0.28mg
0.70mg
14% RDI*
Iodine
17ug
43ug
28% RDI*
* Percentage Daily Intakes are based on an average adult diet of 8700 kJ. Your daily intakes may be higher or lower depending on your energy needs.",,https://www.coles.com.au/product/dairy-farmers-full-cream-milk-2l-5519494,,,2024-06-17T21:01:21.361958-04:00
"Ind53SColes_ADairy, Eggs & Fridge_SAMilk_IBoss Iced Latte Coffee | 237mL",Boss Iced Latte Coffee | 237mL,Boss,"Dairy, Eggs & Fridge",Milk,Milk flavoured,,$3.50,,$4.00,$14.77 per 1L,3762673,"We have finally brought Suntory BOSS Coffee to Australia and New Zealand, and with it, our uniquely Japanese brewing process, ""Flash Brew"". These products may be somewhat new to Australia and New Zealand, but originate from a storied 25-year-long-long legacy of masterful expertise.",,,"Per 100g/ml
Per Serving
%DI
Energy
92kJ
218kJ
3%
Protein
<1g
1.4g
3%
Total Fat
<1g
1.2g
2%
Saturated Fat
<1g
<1g
2%
Carbohydrate
3.8g
9.0g
3%
Sugars
2.7g
6.3g
7%
Sodium
49mg
115mg
5%
Energy (Cal)
22kcal
52kcal
* Percentage Daily Intakes are based on an average adult diet of 8700 kJ. Your daily intakes may be higher or lower depending on your energy needs.",,https://www.coles.com.au/product/boss-iced-latte-coffee-237ml-3762673,,,2024-06-17T21:01:32.228142-04:00
"Ind53SColes_ADairy, Eggs & Fridge_SAMilk_IColes Unsweetened Coconut Milk | 1L",Coles Unsweetened Coconut Milk | 1L,Coles,"Dairy, Eggs & Fridge",Milk,Specialty milk,,$2.00,,,$2.00 per 1L,6338826,A delicious vegan alternative to dairy milk Lactose Free.Made in Australia Low sodium No Added Sugar,,,"Per 100g/ml
Per Serving
%DI
Energy
79.93
199.83
Protein
0.19
0.48
Total Fat
1.8
4.5
6
Saturated Fat
1.6
4.0
17
Carbohydrate
0.50
1.25
Sugars
0.20
0.50
Saturated
1.60
4.00
lactose
NOT DETECTED
NOT DETECTED
Cholesterol
1.00
2.50
Lactose
0.00
0.00
Sodium
44.00
110.00
Monounsaturated
0.09
0.23
Energy (Cal)
19.12
47.81
Fat
1.80
4.50
Dietary Fibre (total)
0.20
0.50
Polyunsaturated
0.01
0.03
Galactose
0.00
0.00
Gluten
0.00
0.00
Potassium
31.00
77.50
Trans
0.09
0.23
* Percentage Daily Intakes are based on an average adult diet of 8700 kJ. Your daily intakes may be higher or lower depending on your energy needs.",,https://www.coles.com.au/product/coles-unsweetened-coconut-milk-1l-6338826,,,2024-06-17T21:01:44.456089-04:00
"Ind53SColes_ADairy, Eggs & Fridge_SAMilk_IOak Strawberry Flavoured Milk | 300mL",Oak Strawberry Flavoured Milk | 300mL,Oak,"Dairy, Eggs & Fridge",Milk,Milk flavoured,,$2.50,,$2.95,$8.33 per 1L,7024040,"OAK really hits the spot when you're hungrythirsty. With over 40 years experience and a choice of rich, creamy authentic flavours, OAK is always the answer.",,,"Per 100g/ml
Per Serving
%DI
Energy
370 kJ
1110 kJ
Protein
3.1 g
9.3 g
Total Fat
3.4 g
10.2 g
Saturated Fat
2.2 g
6.6 g
Carbohydrate
11.2 g
33.6 g
Sugars
11.2 g
33.6 g
Calcium
110 mg
330 mg
41%
Sodium
36 mg
108 mg
* Percentage Daily Intakes are based on an average adult diet of 8700 kJ. Your daily intakes may be higher or lower depending on your energy needs.",,https://www.coles.com.au/product/oak-strawberry-flavoured-milk-300ml-7024040,,,2024-06-17T21:01:56.072031-04:00
"Ind53SColes_ADairy, Eggs & Fridge_SAMilk_IDevondale Full Cream Milk | 3L",Devondale Full Cream Milk | 3L,Devondale,"Dairy, Eggs & Fridge",Milk,Full cream milk,,$5.95,,,$1.98 per 1L,1909941,"Devondale rich and creamy, fresh full cream milk. A natural source of essential nutrients, including prosperous, magnesium, potassium and vitamin B12 making it a great source of nutrition.- Delicious and creamy full cream milk- High in Calcium- Source of Protein- No preservatives- Homogenised and Pasteurised Milk",,,"Per 100g/ml
Per Serving
%DI
Energy
266kJ
650kJ
Protein
3.4g
8.8g
Total Fat
3.3g
8.3g
Saturated Fat
2.3g
5.8g
Carbohydrate
4.6g
11.5g
Sugars
4.6g
11.5g
Calcium
123mg
308mg
38%
Sodium
36mg
90mg
* Percentage Daily Intakes are based on an average adult diet of 8700 kJ. Your daily intakes may be higher or lower depending on your energy needs.",,https://www.coles.com.au/product/devondale-full-cream-milk-3l-1909941,,,2024-06-17T21:02:06.923619-04:00
"Ind53SColes_ADairy, Eggs & Fridge_SATea_IArkadia Spice Chai Tea Sachets 20 pack | 400g",Arkadia Spice Chai Tea Sachets 20 pack | 400g,Arkadia,"Dairy, Eggs & Fridge",Tea,Chai,,$13.00,,,$0.65 per 1ea,3452610,"Our family has been crafting chai over 25 years, so you might say we know a thing or two about the perfect blend.
Warm up with a mug of Arkadia signature chai spice. Boldly fragrant and deliciously creamy, let our secret family recipe take you on a journey.
98% Fat Free when made according to directions using water or skim milk.
Contains no artificial colours, sweeteners or preservatives.",,,"Per 100g/ml
Per Serving
%DI
Energy
194kJ
372kJ
Protein
0.2g
0.4g
Total Fat
1.3g
2.4g
Saturated Fat
1.2g
2.4g
Carbohydrate
8.4g
16.2g
Sugars
6g
11.5g
Sodium
30mg
58mg
* Percentage Daily Intakes are based on an average adult diet of 8700 kJ. Your daily intakes may be higher or lower depending on your energy needs.",,https://www.coles.com.au/product/arkadia-spice-chai-tea-sachets-20-pack-400g-3452610,,,2024-06-17T21:02:18.187573-04:00
"Ind53SColes_ADairy, Eggs & Fridge_SAMilk_IColes Full Cream Milk | 3L",Coles Full Cream Milk | 3L,Coles,"Dairy, Eggs & Fridge",Milk,Full cream milk,,$4.50,,,$1.50 per 1L,8150288,Coles is committed to bringing you high quality fresh milk from dairy farms across Australia,,,"Per 100g/ml
Per Serving
%DI
Energy
260
650
7
Protein
3.40
8.50
Sugars
4.30
10.75
Dietary Fibre (total)
0.00
0.00
* Percentage Daily Intakes are based on an average adult diet of 8700 kJ. Your daily intakes may be higher or lower depending on your energy needs.",,https://www.coles.com.au/product/coles-full-cream-milk-3l-8150288,,,2024-06-17T21:02:29.061846-04:00
"Ind53SColes_ADairy, Eggs & Fridge_SAMilk_IAustralia's Own Unsweetened Organic Coconut Milk | 1L",Australia's Own Unsweetened Organic Coconut Milk | 1L,Australias Own,"Dairy, Eggs & Fridge",Milk,Specialty milk,,$3.20,,,$3.20 per 1L,3019210,"Australian Natural Goodness

We believe Australia is packed full of nature's good stuff... from hiking in the bush, to strolling down a beach and wiggling your toes in the sand.

Australia's Own is all about the power of nature, nurturing us on the inside and feeling good on the outside. We only use pure and simple certified organic ingredients, 100% Australian made!

Our range of products is the way nature intended... simply good for you!


Organic farming, doing good for the planet.

- Chemical-free from synthetic herbicides and pesticides, growing cleaner food and saving our waterways.

- Sustainable farming systems promoting greater biodiversity.

- GMO's are prohibited on organic farms, ensuring methods of production are as close as nature intended.
Organic authenticity

No added sugar",,,"Per 100g/ml
Per Serving
%DI
Energy
74kJ
185kJ
2%
Protein
0.1g
0.3g
1%
Total Fat
1.8g
5.0g
7%
Saturated Fat
1.4g
4.8g
20%
Carbohydrate
0.2g
0.5g
0%
Sugars
0.1g
0.5g
1%
Cholesterol
Not detected
Not detected
Not detected
Lactose
Not detected
Not detected
Not detected
Sodium
44mg
111mg
5%
Monounsaturated
<0.1g
<0.1g
Energy (Cal)
18cal
45cal
Dietary Fibre (total)
<0.5g
<0.5g
1%
Polyunsaturated
<0.1g
<0.1g
Galactose
Not detected
Not detected
Not detected
Gluten
Not detected
Not detected
Not detected
Trans
<0.1g
<0.1g
* Percentage Daily Intakes are based on an average adult diet of 8700 kJ. Your daily intakes may be higher or lower depending on your energy needs.",,https://www.coles.com.au/product/australia's-own-unsweetened-organic-coconut-milk-1l-3019210,,,2024-06-17T21:02:39.975209-04:00
"Ind53SColes_ADairy, Eggs & Fridge_SAMilk_IA2 Lactose Free Full Cream Milk | 1L",A2 Lactose Free Full Cream Milk | 1L,A2,"Dairy, Eggs & Fridge",Milk,Specialty milk,,$3.90,,$4.00,$3.90 per 1L,5593191,"This full cream milk comes from 100% Australian cows and is a great lactose free option. As the number 1 producer of of A1 protein free milk in Australia, our purpose is to pioneer the future of dairy for good.


For more information on the a2 Milk difference visit www.a2milk.com.au
This delicious and creamy fresh milk contains just 3.5g of fat per 100mL

Lactose Free Milk is easy to digest for people with intolerance or sensitivity to lactose**a2 Milk Lactose Freemay be easy to digestcompared to ordinarymilk for some peoplewho are sensitive tolactose, when consumedas part of a healthy,varied diet.

Naturally all A2-type beta-casein protein type, and no A1Some people may be sensitive to a protein called A1 beta-casein commonly found in milk.

The perfect milk for all occasions! Use a2 Milk in tea and coffee, baking, cooking, with cereal, with cookies, or simply enjoy on its own.

a2 Milk has been proudly partnering with Landcare Australia since 2017 to support our farmers with initiatives to protect, enhance and restore the natural environment

Good source of calcium.

The only naturally A1 protein free milk that is also lactose free!.",,,"Per 100g/ml
Per Serving
%DI
Energy
267kJ
671kJ
0
Protein
3.3g
8.3g
0
Total Fat
3.5g
8.8g
0
Saturated Fat
2.4g
6.0g
0
Carbohydrate
4.8g
12.0g
0
Sugars
4.8g
12.0g
0
Calcium
109mg
273mg
34.00%
Lactose
Not Detected
Not Detected
0
Sodium
40mg
100mg
0
Monounsaturated
0
0
0
Energy (Cal)
64 Cal
160 Cal
0
Dietary Fibre (total)
0.0g
0.0g
0
Polyunsaturated
0
0
0
Galactose
2.4g
6.0g
0
Potassium
147mg
368mg
0
Trans
0
0
0
* Percentage Daily Intakes are based on an average adult diet of 8700 kJ. Your daily intakes may be higher or lower depending on your energy needs.",,https://www.coles.com.au/product/a2-lactose-free-full-cream-milk-1l-5593191,,,2024-06-17T21:02:50.660609-04:00
"Ind53SColes_ADairy, Eggs & Fridge_SAMilk_IImpressed Oat Shake Chocolate | 500mL",Impressed Oat Shake Chocolate | 500mL,Impressed,"Dairy, Eggs & Fridge",Milk,Milk flavoured,,$3.00,,$4.15,,6433248,"These deliciously dairy-free oat shakes are made with 100% Aussie oats, are rich and creamy, minimally processed, and high in calcium. Making them the perfect plant-powered pick-me-up.",,,"Per 100g/ml
Per Serving
%DI
Energy
240kJ
1200kJ
14%
Protein
0.8g
4g
8%
Total Fat
3g
15g
21%
Saturated Fat
0.4g
2g
8%
Carbohydrate
8.4g
42g
14%
Sugars
5.7g
28.5g
32%
Calcium
120mg
600mg
75%
Sodium
58mg
290mg
13%
Dietary Fibre (total)
1g
5g
24%
* Percentage Daily Intakes are based on an average adult diet of 8700 kJ. Your daily intakes may be higher or lower depending on your energy needs.",,https://www.coles.com.au/product/impressed-oat-shake-chocolate-500ml-6433248,,,2024-06-17T21:03:02.457183-04:00
"Ind53SColes_ADairy, Eggs & Fridge_SAMilk_IDare Espresso Favoured Milk | 750mL",Dare Espresso Favoured Milk | 750mL,Dare,"Dairy, Eggs & Fridge",Milk,Milk flavoured,,$5.35,,,$7.13 per 1L,3034010,"WALKED INTO A STATIONARY OBJECT AND SAID 'SORRY'?
...A DARE FIX'LL FIX IT!

Made with real Robusta & Arabica coffee and fresh milk. A big coffee kick without the big cafe queue!
Made with Fresh Australian Milk

Aussie Owned, Made & Loved

Real Rainforest Alliance Certified Arabica & Robusta Coffee

Working with the Rainforest Alliance to support coffee farmers and their communities",,,"Per 100g/ml
Per Serving
%DI
Energy
341kJ (Ave. Qty. per 100mL)
853kJ
10%
Protein
3.4g (Ave. Qty. per 100mL)
8.5g
17%
Total Fat
3.5g(Ave. Qty. per 100mL)
8.8g
13%
Saturated Fat
2.2g (Ave. Qty. per 100mL)
5.5g
23%
Carbohydrate
9.0g (Ave. Qty. per 100mL)
22.5g
7%
Sugars
8.7g (Ave. Qty. per 100mL)
21.8g
24%
Calcium
123mg (Ave. Qty. per 100mL)
308mg
39% RDI*
Sodium
43mg (Ave. Qty. per 100mL)
108mg
5%
Dietary Fibre (total)
0.0g(Ave. Qty. per 100mL)
0.0g
Caffeine
16mg (Ave. Qty. per 100mL)
40mg
* Percentage Daily Intakes are based on an average adult diet of 8700 kJ. Your daily intakes may be higher or lower depending on your energy needs.",,https://www.coles.com.au/product/dare-espresso-favoured-milk-750ml-3034010,,,2024-06-17T21:03:14.004726-04:00
"Ind53SColes_ADairy, Eggs & Fridge_SAMilk_IAnnie's Orchard Unsweetened Almond Milk | 1L",Annie's Orchard Unsweetened Almond Milk | 1L,Annies Orchard,"Dairy, Eggs & Fridge",Milk,Soy & almond milk,,$3.30,,,$3.30 per 1L,6450203,Annie's Orchard Unsweetened Almond Milk is made from whole almonds sourced from 100% local Aussie farms.,,,"Per 100g/ml
Per Serving
%DI
Energy
128kJ
320kJ
4%
Protein
1g
2.5g
5%
Total Fat
2.6g
6.5g
9%
Saturated Fat
0.2g
0.5g
2%
Carbohydrate
0.9g
2.3g
1%
Sugars
0.4g
1g
1%
Calcium
80mg
200mg
25%
Sodium
34mg
85mg
4%
Dietary Fibre (total)
1.9g
4.8g
16%
* Percentage Daily Intakes are based on an average adult diet of 8700 kJ. Your daily intakes may be higher or lower depending on your energy needs.",,https://www.coles.com.au/product/annie's-orchard-unsweetened-almond-milk-1l-6450203,,,2024-06-17T21:03:24.570379-04:00
"Ind53SColes_ADairy, Eggs & Fridge_SAMilk_IA2 No Fat Milk | 1L",A2 No Fat Milk | 1L,A2,"Dairy, Eggs & Fridge",Milk,Specialty milk,,$3.90,,,$3.90 per 1L,3070829,"a2 Milk is no ordinary milk!

It is real milk that may be easier on digestion for some people*.

As the number 1 producer of A1 protein free milk in Australia, our purpose is to pioneer the future of dairy for good.


For more information on the a2 Milk difference visit www.a2milk.com.au

*a2 Milk comes from cows specially selected to naturally produce milk with only the A2-type beta-casein protein so may be easier on digestion than ordinary milk for some milk intolerant individuals when consumed as part of a healthy, varied diet.
All natural with no additives, this delicious fresh milk provides 38% of your daily calcium needs in one 250ml glass.

Easier on digestion for some**a2 Milk comes from cows specially selected to naturally produce milk with only the A2-type beta-casein protein so may be easier on digestion than regular milk for some milk intolerant individuals when consumed as part of a healthy, varied diet.

Naturally all A2-type beta-casein protein type, and no A1Some people may be sensitive to a protein called A1 beta-casein commonly found in milk.

The perfect milk for all occasions! Use a2 Milk in tea and coffee, baking, cooking, with cereal, with cookies, or simply enjoy on its own.

a2 Milk has been proudly partnering with Landcare Australia since 2017 to support our farmers with initiatives to protect, enhance and restore the natural environment

Good source of calcium.

Contains Protein.",,,"Per 100g/ml
Per Serving
%DI
Energy
143kJ
358kJ
0
Protein
3.3g
8.3g
0
Total Fat
0.10g
0.25g
0
Saturated Fat
0.06g
0.14g
0
Carbohydrate
5.2g
13.0g
0
Sugars
5.2g
13.0g
0
Calcium
120mg
300mg
37.0%
Sodium
68mg
170mg
0
Monounsaturated
0
0
0
Energy (Cal)
34 Cal
85 Cal
0
Dietary Fibre (total)
0
0
0
Polyunsaturated
0
0
0
Potassium
170mg
425mg
0
Trans
0
0
0
* Percentage Daily Intakes are based on an average adult diet of 8700 kJ. Your daily intakes may be higher or lower depending on your energy needs.",,https://www.coles.com.au/product/a2-no-fat-milk-1l-3070829,,,2024-06-17T21:03:35.603160-04:00
"Ind53SColes_ADairy, Eggs & Fridge_SA_IIce Break Iced Coffee Lactose Free | 500mL",Ice Break Iced Coffee Lactose Free | 500mL,Ice Break,"Dairy, Eggs & Fridge",,,,$3.80,,,$7.60 per 1L,5605213,"Grab your real coffee recharge with Ice Break, now without the lactose so it's easy to digest. Made with 2 shots of real coffee, fresh Zymil Lactose Free milk and no added flavours, Ice Break Lactose Free delivers a real caffeine kick so you''re ready for whatever the day throws at you.
Real Coffee

Lactose Free

Real Coffee Recharge

Aussie Milk

Australian Made",,,"Per 100g/ml
Per Serving
%DI
Energy
281kJ
1405kJ
Protein
3.5g
17.5g
Total Fat
1.6g
8.0g
Saturated Fat
1.0g
5.0g
Carbohydrate
9.6g
48.0g
Sugars
9.1g
45.5g
Calcium
119 mg
595 mg
Sodium
51mg
255mg
Dietary Fibre (total)
0.0
0.0
Caffeine
28 mg
140 mg
* Percentage Daily Intakes are based on an average adult diet of 8700 kJ. Your daily intakes may be higher or lower depending on your energy needs.",,https://www.coles.com.au/product/ice-break-iced-coffee-lactose-free-500ml-5605213,,,2024-06-17T21:03:46.786372-04:00
"Ind53SColes_ADairy, Eggs & Fridge_SAMilk_IFarmhouse Gold Full Cream Milk | 750mL",Farmhouse Gold Full Cream Milk | 750mL,Farmhouse,"Dairy, Eggs & Fridge",Milk,Full cream milk,,$3.30,,,$4.40 per 1L,3187600,"Farmhouse Gold is perfect for those who love the traditional taste of real milk. Made with fresh wholesome milk from Australian farms, Farmhouse Gold Full Cream has a deliciously rich, extra creamy taste you will savour. Milk, the way it was meant to be.
Extra Creamy Full Cream Milk",,,"Per 100g/ml
Per Serving
%DI
Energy
317
792
Protein
3.4g
8.5g
Total Fat
4.7g
11.8g
Saturated Fat
3.1g
7.7g
Carbohydrate
4.8g
12g
Sugars
4.8g
12g
Calcium
123mg
307mg
38%
Sodium
123mg
102mg
Energy (Cal)
16
189
* Percentage Daily Intakes are based on an average adult diet of 8700 kJ. Your daily intakes may be higher or lower depending on your energy needs.",,https://www.coles.com.au/product/farmhouse-gold-full-cream-milk-750ml-3187600,,,2024-06-17T21:03:57.935360-04:00
"Ind53SColes_ADairy, Eggs & Fridge_SAMilk_IDare Double Espresso Flavoured Milk | 500mL",Dare Double Espresso Flavoured Milk | 500mL,Dare,"Dairy, Eggs & Fridge",Milk,Milk flavoured,,$3.30,,$4.15,$6.60 per 1L,3033946,"Pasteurised iced coffee flavoured milk.

Is this the $10,000 Fix?

Find the Dare-mergency tape in this bottle and you'll win $10,000!

Grab a fix now, There's 10 Dare-mergency bottles to be found.

Promo starts 29/7/19 AEDT ends 30/9/19 AEDT. Purchase any specially marked Dare Iced Coffee 500mL or 750mL, unscrew the lid to see if you have won. Winners: keep receipt, winning tape and claim prize by 5pm AEDT 3/1/20. To enter second chance draw, complete the entry form at www.facebook.com/dareicedcoffee during the promotional period. Entry open AU residents 18+ only. Total prizes: 10.
Promoter: LD&D Australia Pty Ltd 1800 677 852. See www.dareicedcoffee.com.au/daremergency for full T&Cs.
Permit Nos: ACT TP19/03268, NSW LTPS/19/34385 and SA T19/697.",,,"Per 100g/ml
Per Serving
%DI
Energy
352kJ
1760kJ
20.0%
Protein
3.4g
17.0g
34.0%
Total Fat
3.5g
17.5g
25.0%
Saturated Fat
2.2g
11.0g
46.0%
Carbohydrate
9.7g
48.5g
16.0%
Sugars
9.0g
45.0g
50.0%
Calcium
118mg
590mg
74% RDI*
Sodium
41mg
205mg
9.0%
Caffeine
32mg
160mg
* Percentage Daily Intakes are based on an average adult diet of 8700 kJ. Your daily intakes may be higher or lower depending on your energy needs.",,https://www.coles.com.au/product/dare-double-espresso-flavoured-milk-500ml-3033946,,,2024-06-17T21:04:08.741872-04:00
"Ind53SColes_ADairy, Eggs & Fridge_SAMilk_IEast Coast Sustainable Dairy Full Cream Milk | 2L",East Coast Sustainable Dairy Full Cream Milk | 2L,East Coast,"Dairy, Eggs & Fridge",Milk,Full cream milk,,$6.45,,,$3.23 per 1L,6450917,"We are an Australian organic dairy company that prides itself on producing high-quality products that are both naturally full flavoured and sustainable.  We're also proudly part of the Barambah Organics champion dairy-producing family.

You're choosing Barambah Organics award winning, non-homogenised milk.  Due to less processing, our cream on top milk has a naturally rich flavour and silky cream texture, it's the delicious taste of natural milk.  Enjoy the cream straight from the bottle, or shake to enjoy the cream throughout.
Organic

Cream on top milk",,,"Per 100g/ml
Per Serving
%DI
Energy
300
600
Protein
3.5
7
Total Fat
4.1
8.2
Saturated Fat
2.7
5.4
Carbohydrate
5
10
Sugars
4.9
9.8
Calcium
114
228
Sodium
37
74
* Percentage Daily Intakes are based on an average adult diet of 8700 kJ. Your daily intakes may be higher or lower depending on your energy needs.",,https://www.coles.com.au/product/east-coast-sustainable-dairy-full-cream-milk-2l-6450917,,,2024-06-17T21:04:19.940572-04:00
"Ind53SColes_ADairy, Eggs & Fridge_SAMilk_IVitasoy Calci-Plus Soymilk Chilled | 1L",Vitasoy Calci-Plus Soymilk Chilled | 1L,Vitasoy,"Dairy, Eggs & Fridge",Milk,Soy & almond milk,,$3.35,,,$3.35 per 1L,9067496,"Made with 100% Australian Grown soy beans and with 50% of your daily calcium needs in every serving, Vitasoy Calci-Plus is a natural source of protein. With no artificial colours, flavours or preservatives, it is suitable for vegans and vegetarians.

Enjoy with your bowl of cereal, in a smoothie or simply on its own!
50% of your daily calcium",,,"Per 100g/ml
Per Serving
%DI
Energy
269
673
Protein
3.2
8
Total Fat
3g
7.5g
11
Saturated Fat
0.4g
1g
4
Carbohydrate
5.8g
14.5g
5
Sugars
3.2g
8g
9
Vitamin B2
0.3mg
0.75mg
44
Calcium
160mg
400mg
50
Vitamin B12
0.4ug
1.0ug
50
Vitamin A
54ug
135ug
18
Vitamin D
2.0ug
5.0ug
50
Sodium
60mg
150mg
7
Monounsaturated
1.2g
3g
Energy (Cal)
160
Dietary Fibre (total)
0.6g
1.5g
5
Magnesium
20mg
50mg
16
Polyunsaturated
1.2g
3g
Trans
0
0
* Percentage Daily Intakes are based on an average adult diet of 8700 kJ. Your daily intakes may be higher or lower depending on your energy needs.",,https://www.coles.com.au/product/vitasoy-calci-plus-soymilk-chilled-1l-9067496,,,2024-06-17T21:04:31.023221-04:00
"Ind53SColes_ADairy, Eggs & Fridge_SAMilk_IDare Espresso Flavoured Milk | 500mL",Dare Espresso Flavoured Milk | 500mL,Dare,"Dairy, Eggs & Fridge",Milk,Milk flavoured,,$3.30,,$4.15,$6.60 per 1L,3033935,"TOOK YOUR CAT TO THE DOG PARK?
A DARE FIX'LL FIX IT.

Dare Iced Coffee Espresso is made with real Robusta & Arabica coffee and fresh milk. A big coffee kick without the big cafe queue!

Aussie Owned, Made & Loved

Made with Fresh Australian Milk

Real Rainforest Alliance Certified Arabica & Robusta Coffee

Working with the Rainforest Alliance to support coffee farmers and their communities",,,"Per 100g/ml
Per Serving
%DI
Energy
341kJ
1705kJ
20.0%
Protein
3.4g
17.0g
34.0%
Total Fat
3.5g
17.5g
25.0%
Saturated Fat
2.2g
11.0g
46.0%
Carbohydrate
9.0g
45.0g
15.0%
Sugars
8.7g
43.5g
48.0%
Calcium
123mg
615mg
77% RDI*
Sodium
43mg
215mg
9.0%
Caffeine
16mg
80mg
* Percentage Daily Intakes are based on an average adult diet of 8700 kJ. Your daily intakes may be higher or lower depending on your energy needs.","Fresh Milk, Sugar, Coffee Powder (0.38%)(Robusta, Arabica), Colour (150c), Flavours.",https://www.coles.com.au/product/dare-espresso-flavoured-milk-500ml-3033935,,,2024-06-17T21:04:42.295751-04:00
"Ind53SColes_ADairy, Eggs & Fridge_SAMilk_IVitasoy Almond Iced Coffee Double Espresso | 330mL",Vitasoy Almond Iced Coffee Double Espresso | 330mL,Vitasoy,"Dairy, Eggs & Fridge",Milk,Milk flavoured,,$3.60,,,$10.91 per 1L,3624705,"Made with premium, whole Australian almonds, then blended with robusta and arabica powder to create a smooth and irresistible drink to go. Vitasoy Whole Almond Double Espresso is a natural source of vitamin E and provides the added benefit and goodness of calcium. It's naturally free from dairy, lactose, gluten and cholesterol. Plus you won't find any artificial colours or preservatives added in here. Put simply, it's like music to your mouth!
Made with Australian grown whole almonds

Naturally free from dairy, lactose, cholesterol and soy

Natural source of vitamin E

Benefit of 49% of your daily calcium needs

Suitable for vegans and vegetarians

No artificial colours or preservatives.",,,"Per 100g/ml
Per Serving
%DI
Energy
173
571
7
Protein
1.0
3.3
7
Total Fat
1.8
5.9
8
Saturated Fat
0.2
0.7
3
Carbohydrate
5.0
16.5
5
Sugars
4.2
13.9
15
Calcium
120
396
49
Sodium
45
149
6
Vitamin E
0.94
3.1
31
Monounsaturated
1.1
3.6
0
Energy (Cal)
41
135
7
Dietary Fibre (total)
0.5
1.7
6
Polyunsaturated
0.5
1.7
0
Trans
0
0
0
Caffeine
57
188
* Percentage Daily Intakes are based on an average adult diet of 8700 kJ. Your daily intakes may be higher or lower depending on your energy needs.",,https://www.coles.com.au/product/vitasoy-almond-iced-coffee-double-espresso-330ml-3624705,,,2024-06-17T21:04:53.153086-04:00
"Ind53SColes_ADairy, Eggs & Fridge_SAMilk_IDairy Farmers Classic Strawberry Flavoured Milk | 500mL",Dairy Farmers Classic Strawberry Flavoured Milk | 500mL,Dairy Farmers,"Dairy, Eggs & Fridge",Milk,Milk flavoured,,$3.20,,$3.60,$6.40 per 1L,3034199,"From Aussie farms for your family to enjoy - the Dairy Farmers brand has a rich heritage dating back to 1900. We're proud to honour the generous spirit of our farming communities by continuing to bring high quality and nutritious dairy products across milk, flavoured yoghurt, flavoured milk and culinary products .
Proudly Aussie made and owned

Made with fresh Australian milk

Milk is a natural source of protein

No artificial additives or preservatives

Enjoy as part of a healthy and balanced diet

Made in Australia from at least 98% Australian ingredients.

Rich in calcium.",,,"Per 100g/ml
Per Serving
%DI
Energy
293kJ
1465kJ
17.0%
Protein
3.2g
16.0g
32.0%
Total Fat
2.5g
12.5g
18.0%
Saturated Fat
1.6g
8.0g
33.0%
Carbohydrate
8.6g
43.0g
14.000000000000002%
Sugars
8.6g
43.0g
48.0%
Calcium
117mg
585mg
Sodium
43mg
215mg
9.0%
Energy (Cal)
70Cal
350Cal
* Percentage Daily Intakes are based on an average adult diet of 8700 kJ. Your daily intakes may be higher or lower depending on your energy needs.",,https://www.coles.com.au/product/dairy-farmers-classic-strawberry-flavoured-milk-500ml-3034199,,,2024-06-17T21:05:04.049181-04:00
"Ind53SColes_ADairy, Eggs & Fridge_SAMilk_IDairy Farmers Lite White Milk | 1L",Dairy Farmers Lite White Milk | 1L,Dairy Farmers,"Dairy, Eggs & Fridge",Milk,Full cream milk,,$2.95,,,$2.95 per 1L,8476117,"Dairy Farmers Lite White milk has calcium and protein for strong bodies and is low in fat*
Contains all the nutritious goodness and refreshing taste of milk, with less fat and calories
- Rich in calcium
- Low in fat
- Natural source of protein
- No artificial additives or preservatives
Enjoy as part of a healthy and balanced diet
Contains 100% Aussie milk
*contains 61% less fat than full cream milk with 3.4% fat. Nutritional values may vary due to seasonal conditions
Australian milk

Fresh milk

From Australian farmers

Rich in calcium

Natural source of protein

High quality.

Nutritious and delicious milk.

Low fat, less calories.",,,"Per 100g/ml
Per Serving
%DI
Energy
190kJ
475kJ
5.00%
Protein
3.5g
8.8g
18.00%
Total Fat
1.3g
3.3g
5.00%
Saturated Fat
0.9g
2.3g
9.00%
Carbohydrate
4.6g
11.5g
4.00%
Sugars
4.6g
11.5g
13.00%
Vitamin B2
0.15mg
0.38mg
22% RDI*
Calcium
118mg
330mg
37% RDI*
Vitamin B12
0.32ug
0.80ug
40% RDI*
Sodium
44mg
110mg
5.00%
Energy (Cal)
43Cal
113Cal
Potassium
143mg
358mg
Vitamin B5
0.28mg
0.70mg
14% RDI*
Iodine
17ug
43ug
28% RDI*
* Percentage Daily Intakes are based on an average adult diet of 8700 kJ. Your daily intakes may be higher or lower depending on your energy needs.",,https://www.coles.com.au/product/dairy-farmers-lite-white-milk-1l-8476117,,,2024-06-17T21:05:15.038746-04:00
