idx,name,brand,aisle,subaisle,subsubaisle,size,price,multi_price,old_price,pricePerUnit,itemNum,description,serving,img_urls,item_label,item_ingredients,url,SKU,UPC,timeStamp
"Ind54SColes_ADairy, Eggs & Fridge_SAMilk_IDevondale Light Milk | 2L",Devondale Light Milk | 2L,Devondale,"Dairy, Eggs & Fridge",Milk,Full cream milk,,$4.40,,,$2.20 per 1L,1911604,"Devondale fresh light milk contains all the goodness of full cream milk, with only 1.3% fat. A natural source of essential nutrients, including prosperous, magnesium, potassium and vitamin B12 making it a great source of nutrition.- Delicious and creamy light milk- High in Calcium- Source of Protein- No Preservatives- Homogenised and Pasteurised Milk",,,"Per 100g/ml
Per Serving
%DI
Energy
188kJ
470kJ
Protein
3.6g
9g
Total Fat
1.3g
3.3g
Saturated Fat
1.3g
2.2g
Carbohydrate
4.6g
11.5g
Sugars
4.6g
11.5g
Calcium
126mg
315mg
39%
Sodium
37mg
93mg
* Percentage Daily Intakes are based on an average adult diet of 8700 kJ. Your daily intakes may be higher or lower depending on your energy needs.",Pasteurised & Homogenised Low fat Milk. Fresh Milk from VIC & NSW.,https://www.coles.com.au/product/devondale-light-milk-2l-1911604,,,2024-06-17T16:59:28.460526-04:00
"Ind54SColes_ADairy, Eggs & Fridge_SAMilk_INutty Bruce Organic Unsweetened Almond Milk | 1L",Nutty Bruce Organic Unsweetened Almond Milk | 1L,Nutty Bruce,"Dairy, Eggs & Fridge",Milk,Soy & almond milk,,$6.00,,,$6.00 per 1L,3268440,"Nutty Bruce Unsweetened Activated Almond Milk is a delicious and nutritious plant-powered, non-dairy milk made from 100% whole organic activated almonds. It has none of the thickeners and gums that you see in some almond milks - just filtered water, organic activated almonds, organic brown rice and sea salt. Simple and natural.",,,"Per 100g/ml
Per Serving
%DI
Energy
129kJ
322kJ
Protein
<1g
1.5g
Total Fat
1.7g
4.3g
Saturated Fat
<1g
<1g
Carbohydrate
3.2g
8g
Sugars
1.6g
4g
Sodium
44mg
109mg
* Percentage Daily Intakes are based on an average adult diet of 8700 kJ. Your daily intakes may be higher or lower depending on your energy needs.",,https://www.coles.com.au/product/nutty-bruce-organic-unsweetened-almond-milk-1l-3268440,,,2024-06-17T16:59:39.932992-04:00
"Ind54SColes_ADairy, Eggs & Fridge_SA_IGreat Ocean Road Full Cream Milk | 3L",Great Ocean Road Full Cream Milk | 3L,Great Ocean Road,"Dairy, Eggs & Fridge",,,,$6.30,,,$2.10 per 1L,4490331,"Delicious full cream milk with all the goodness of dairy. Born on the Great Ocean Road in Victoria, our products are made with 100% Australian milk sourced predominately from farmers in South West Victoria.- Full Cream Milk",,,"Per 100g/ml
Per Serving
%DI
Energy
270kJ
675kJ
Protein
3.3g
8.3g
Total Fat
3.5g
8.8g
Saturated Fat
2.1g
5.3g
Carbohydrate
5.1g
12.8g
Sugars
4.6g
11.5g
Calcium
114mg
285mg
36%
Sodium
55mg
138mg
* Percentage Daily Intakes are based on an average adult diet of 8700 kJ. Your daily intakes may be higher or lower depending on your energy needs.",,https://www.coles.com.au/product/great-ocean-road-full-cream-milk-3l-4490331,,,2024-06-17T16:59:51.023595-04:00
"Ind54SColes_ADairy, Eggs & Fridge_SA_IDare Hazelnut Latte Flavoured Milk | 750mL",Dare Hazelnut Latte Flavoured Milk | 750mL,Dare,"Dairy, Eggs & Fridge",,,,$5.25,,,$7.00 per 1L,7070230,"KEEP SAYING PACIFIC INSTEAD OF SPECIFIC?
A DARE FIX'LL FIX IT.

Dare Hazelnut Limited Edition Latte Flavour is made with a blend of hazelnut flavour and real Robusta & Arabica coffee. A big coffee kick without the big cafe queue!
Aussie Owned, Made & Loved

Made with Fresh Australian Milk

Real Rainforest Alliance Certified Arabica & Robusta Coffee

Working with the Rainforest Alliance to support coffee farmers and their communities",,,"Per 100g/ml
Per Serving
%DI
Energy
350kJ (100mL)
875kJ
10%
Protein
3.4g (100mL)
8.5g
17%
Total Fat
3.5g (100mL)
8.8g
13%
Saturated Fat
2.2g (100mL)
5.5g
23%
Carbohydrate
9.7g (100mL)
24.3g
8%
Sugars
9.2g (100mL)
23.0g
26%
Calcium
113mg (100mL)
283mg
Sodium
43g (100mL)
108g
5%
Monounsaturated
0
0
0
Energy (Cal)
0
0
0
Dietary Fibre (total)
0.0g (100mL)
0.0g
0%
Polyunsaturated
0
0
0
Trans
0
0
0
Caffeine
21mg (100mL)
53mg
0
* Percentage Daily Intakes are based on an average adult diet of 8700 kJ. Your daily intakes may be higher or lower depending on your energy needs.",,https://www.coles.com.au/product/dare-hazelnut-latte-flavoured-milk-750ml-7070230,,,2024-06-17T17:00:02.980931-04:00
"Ind54SColes_ADairy, Eggs & Fridge_SA_IFarmers Union Iced Coffee | 2L",Farmers Union Iced Coffee | 2L,Farmers Union,"Dairy, Eggs & Fridge",,,,$6.50,,,$3.25 per 1L,3223679,"Farmers Union Iced Coffee is made with real coffee. Pasteurised iced coffee flavoured reduced fat (contains 50% less fat vs regular fat flavoured milk with 3.4% fat) milk with 8 nutrients.
Delicious iconic coffee flavour

Provides the wholesome goodness of milk with 8 essential nutrients

Reduced fat milk

Perfect as a morning or afternoon pick me up

Farmers Union Iced Coffee is South Australia's iconic much loved beverage for over 40 years

FUIC is available in 300ml, 500mL, 600ml, 750ml & 2 litre packs.",,,"Per 100g/ml
Per Serving
%DI
Energy
276kJ
690kJ
8%
Protein
3.2g
8.0g
16%
Total Fat
1.7g
4.3g
6%
Saturated Fat
1.1g
2.8g
11%
Carbohydrate
9.3g
23.3g
8%
Sugars
9.1g
22.8g
25%
Vitamin B2
0.2mg
0.50mg
29% RDI*
Calcium
120mg
300mg
38% RDI*
Vitamin B12
0.32ug
0.80ug
40% RDI*
Sodium
45mg
113mg
5%
Energy (Cal)
66Cal
165Cal
Potassium
146mg
365mg
Vitamin B5
0.25mg
0.63mg
13% RDI*
Iodine
25ug
63ug
42% RDI*
* Percentage Daily Intakes are based on an average adult diet of 8700 kJ. Your daily intakes may be higher or lower depending on your energy needs.",,https://www.coles.com.au/product/farmers-union-iced-coffee-2l-3223679,,,2024-06-17T17:00:14.514481-04:00
"Ind54SColes_ADairy, Eggs & Fridge_SAMilk_IPauls Zymil Chocolate Lactose Free Milk | 400mL",Pauls Zymil Chocolate Lactose Free Milk | 400mL,Pauls,"Dairy, Eggs & Fridge",Milk,Milk flavoured,,$4.00,,,$10.00 per 1L,3187724,"At Pauls, we love dairy. We're pretty passionate about making great tasting products packed with real dairy goodness. We put that devotion into every Pauls milk, cream, custard and yoghurt we make. Milk is a natural source of protein, vitamins and minerals essential for good health. Rich in calcium, Pauls Zymil is simply milk which is easy to digest (As part of a healthy and varied diet, consuming Zymil instead of regular milk helps ease digestion in those who are sensitive to lactose). Plus Pauls Zymil is lactose free and made from real milk so it has all of the natural goodness of regular milk. Lactose free, easy to digest and rich in calcium.",,,"Per 100g/ml
Per Serving
%DI
Energy
318kJ
1272kJ
Protein
3.3g
13.2g
Total Fat
3.1g
12.4g
Saturated Fat
2.0g
8.0g
Carbohydrate
8.5g
34.0g
Sugars
8.4g
33.6g
Lactose
Nil
Nil
Calcium
105mg
420mg
54% Recommended Dietary Intake
Sodium
40mg
160mg
Energy (Cal)
76Cal
304Cal
Dietary Fibre (total)
0.4g
1.6g
Galactose
2.6g
10.4g
* Percentage Daily Intakes are based on an average adult diet of 8700 kJ. Your daily intakes may be higher or lower depending on your energy needs.",,https://www.coles.com.au/product/pauls-zymil-chocolate-lactose-free-milk-400ml-3187724,,,2024-06-17T17:00:26.533590-04:00
"Ind54SColes_ADairy, Eggs & Fridge_SAMilk_IIce Break Regular Strength Iced Coffee Flavoured Milk | 2L",Ice Break Regular Strength Iced Coffee Flavoured Milk | 2L,Ice Break,"Dairy, Eggs & Fridge",Milk,Milk flavoured,,$6.50,,,$3.25 per 1L,4569839,Ice Break Regular Strength is a 2 shot real coffee recharge made with Aussie milk.,,,"Per 100g/ml
Per Serving
%DI
Energy
289 kJ
1445 kJ
Protein
3.3 g
16.5 g
Total Fat
1.6 g
8.0 g
Saturated Fat
1.0 g
5.0 g
Carbohydrate
10.3 g
51.5 g
Sugars
9.8 g
49.0 g
Calcium
109 mg
545 mg
68% RDI
Sodium
37 mg
185 mg
Energy (Cal)
69
345
Caffeine
29 mg
145 mg
* Percentage Daily Intakes are based on an average adult diet of 8700 kJ. Your daily intakes may be higher or lower depending on your energy needs.","Reduced fat milk, sugar, coffee.",https://www.coles.com.au/product/ice-break-regular-strength-iced-coffee-flavoured-milk-2l-4569839,,,2024-06-17T17:00:37.830273-04:00
"Ind54SColes_ADairy, Eggs & Fridge_SAMilk_IDairy Farmers No Added Sugar Chocolate Flavoured Milk | 500mL",Dairy Farmers No Added Sugar Chocolate Flavoured Milk | 500mL,Dairy Farmers,"Dairy, Eggs & Fridge",Milk,Milk flavoured,,$3.30,,$3.90,$6.60 per 1L,3762720,"From Aussie farms for your family to enjoy - the Dairy Farmers brand has a rich heritage dating back to 1900. We're proud to honour the generous spirit of our farming communities by continuing to bring high quality and nutritious dairy products across milk, flavoured yoghurt, flavoured milk and culinary products .
No Sugar Added
Proudly Aussie made and owned
Made with fresh Australian milk
Milk is a natural source of protein
Rich in calcium
Enjoy as part of a healthy and balanced diet.
Made in Australia from at least 98% Australian ingredients.",,,"Per 100g/ml
Per Serving
%DI
Energy
230kJ
1150kJ
13.00%
Protein
3.2g
16.0g
32.00%
Total Fat
2.5g
12.5g
18.00%
Saturated Fat
1.6g
8.0g
33.00%
Carbohydrate
4.9g
24.5g
8.00%
Sugars
4.4g
22.0g
25.00%
Calcium
115mg
575mg
72% RDI*
Sodium
44mg
220mg
10.00%
Energy (Cal)
55Cal
275Cal
Dietary Fibre (total)
0g
0g
* Percentage Daily Intakes are based on an average adult diet of 8700 kJ. Your daily intakes may be higher or lower depending on your energy needs.",,https://www.coles.com.au/product/dairy-farmers-no-added-sugar-chocolate-flavoured-milk-500ml-3762720,,,2024-06-17T17:00:51.379069-04:00
"Ind54SColes_ADairy, Eggs & Fridge_SA_IBig M Strawberry Flavoured Milk | 300mL",Big M Strawberry Flavoured Milk | 300mL,Big M,"Dairy, Eggs & Fridge",,,,$1.90,,$2.50,$6.33 per 1L,3034428,"Big M Strawberry Flavoured Milk is a pasteurised reduced fat (26% less fat vs regular fat flavoured milk with 3.4g fat per 100mL) strawberry flavoured milk with protein, energy & electrolytes. Fuel up with Big M!
Pasteurised reduced fat (26% less fat vs. regular fat flavoured milk)

No preservatives.",,,"Per 100g/ml
Per Serving
%DI
Energy
293kJ
879kJ
10%
Protein
3.2g
9.6g
19%
Total Fat
2.5g
7.5g
11%
Saturated Fat
1.6g
4.8
20%
Carbohydrate
8.6g
25.8g
8%
Sugars
8.6g
25.8
29%
Calcium
117mg
351mg
44% RDI*
Iron
0
0
0
Molybdenum
0
0
0
Zinc
0
0
0
Sodium
43mg
129mg
6%
Monounsaturated
0
0
0
Energy (Cal)
70 Cal
210 Cal
0
Chromium
0
0
0
Dietary Fibre (total)
0
0
0
Magnesium
0
0
0
Polyunsaturated
0
0
0
Selenium
0
0
0
Copper
0
0
0
Potassium
153mg
459mg
0
Trans
0
0
0
Iodine
0
0
0
Manganese
0
0
0
* Percentage Daily Intakes are based on an average adult diet of 8700 kJ. Your daily intakes may be higher or lower depending on your energy needs.",,https://www.coles.com.au/product/big-m-strawberry-flavoured-milk-300ml-3034428,,,2024-06-17T17:01:03.507041-04:00
"Ind54SColes_ADairy, Eggs & Fridge_SA_IPauls Bluey Strawberry Flavoured Milk | 250mL",Pauls Bluey Strawberry Flavoured Milk | 250mL,Pauls,"Dairy, Eggs & Fridge",,,,$2.40,,,$9.60 per 1L,4165501,"BLUEY TM and BLUEY character logos TM & Â© Ludo Studio Pty Ltd 2018.
30% Less Sugar

No Artificial Flavours or Sweeteners

Bluey

Strawberry Flavoured Milk

Australian Milk",,,"Per 100g/ml
Per Serving
%DI
Energy
235 kJ
587 kJ
Protein
3.7 g
9.2 g
Total Fat
1.3 g
3.2 g
Saturated Fat
0.8 g
2.0 g
Carbohydrate
7.4 g
18.5 g
Sugars
7.1 g
17.7 g
Calcium
131 mg
327 mg
40% RDI*
Sodium
49 mg
122 mg
Energy (Cal)
56 Cal
140 Cal
Dietary Fibre (total)
0.0 g
0.0 g
* Percentage Daily Intakes are based on an average adult diet of 8700 kJ. Your daily intakes may be higher or lower depending on your energy needs.",,https://www.coles.com.au/product/pauls-bluey-strawberry-flavoured-milk-250ml-4165501,,,2024-06-17T17:01:16.089921-04:00
"Ind54SColes_ADairy, Eggs & Fridge_SAMilk_IA2 Lactose Free Light Milk | 2L",A2 Lactose Free Light Milk | 2L,A2,"Dairy, Eggs & Fridge",Milk,Specialty milk,,$6.90,,$7.30,$3.45 per 1L,5458243,"This reduced fat milk comes from 100% Australian cows and is lite on fat, but full on flavour. As the number 1 producer of A1 protein free milk in Australia, our purpose is to pioneer the future of dairy for good.
For more information on the a2 Milk difference visit www.a2milk.com.au
This delicious and creamy fresh milk contains just 1.3g of fat per 100mL

Lactose Free Milk is easy to digest for people with intolerance or sensitivity to lactose**a2 Milk Lactose Freemay be easy to digestcompared to ordinarymilk for some peoplewho are sensitive tolactose, when consumedas part of a healthy,varied diet.

Naturally all A2-type beta-casein protein type, and no A1Some people may be sensitive to a protein called A1 beta-casein commonly found in milk.

The perfect milk for all occasions! Use a2 Milk in tea and coffee, baking, cooking, with cereal, with cookies, or simply enjoy on its own.

a2 Milk has been proudly partnering with Landcare Australia since 2017 to support our farmers with initiatives to protect, enhance and restore the natural environment

Good source of calcium.

The only naturally A1 protein free milk that is also lactose free!.",,,"Per 100g/ml
Per Serving
%DI
Energy
193kJ
484kJ
0
Protein
3.3g
8.3g
0
Total Fat
1.3g
3.3g
0
Saturated Fat
0.9g
2.3g
0
Carbohydrate
5.2g
13.0g
0
Sugars
5.2g
13.0g
0
Calcium
117mg
293mg
36.00%
Lactose
Not Detected
Not Detected
0
Sodium
44mg
110mg
0
Monounsaturated
0
0
0
Energy (Cal)
46 Cal
116 Cal
0
Dietary Fibre (total)
0.0g
0.0g
0
Polyunsaturated
0
0
0
Galactose
2.6g
6.5g
0
Potassium
150mg
375mg
0
Trans
0
0
0
* Percentage Daily Intakes are based on an average adult diet of 8700 kJ. Your daily intakes may be higher or lower depending on your energy needs.","Reduced Fat Milk, Enzyme (Lactase).",https://www.coles.com.au/product/a2-lactose-free-light-milk-2l-5458243,,,2024-06-17T17:01:44.696629-04:00
"Ind54SColes_ADairy, Eggs & Fridge_SAMilk_IDare Espresso Favoured Milk | 750mL",Dare Espresso Favoured Milk | 750mL,Dare,"Dairy, Eggs & Fridge",Milk,Milk flavoured,,$5.25,,,$7.00 per 1L,3034010,"WALKED INTO A STATIONARY OBJECT AND SAID 'SORRY'?
...A DARE FIX'LL FIX IT!

Made with real Robusta & Arabica coffee and fresh milk. A big coffee kick without the big cafe queue!
Made with Fresh Australian Milk

Aussie Owned, Made & Loved

Real Rainforest Alliance Certified Arabica & Robusta Coffee

Working with the Rainforest Alliance to support coffee farmers and their communities",,,"Per 100g/ml
Per Serving
%DI
Energy
341kJ (Ave. Qty. per 100mL)
853kJ
10%
Protein
3.4g (Ave. Qty. per 100mL)
8.5g
17%
Total Fat
3.5g(Ave. Qty. per 100mL)
8.8g
13%
Saturated Fat
2.2g (Ave. Qty. per 100mL)
5.5g
23%
Carbohydrate
9.0g (Ave. Qty. per 100mL)
22.5g
7%
Sugars
8.7g (Ave. Qty. per 100mL)
21.8g
24%
Calcium
123mg (Ave. Qty. per 100mL)
308mg
39% RDI*
Sodium
43mg (Ave. Qty. per 100mL)
108mg
5%
Dietary Fibre (total)
0.0g(Ave. Qty. per 100mL)
0.0g
Caffeine
16mg (Ave. Qty. per 100mL)
40mg
* Percentage Daily Intakes are based on an average adult diet of 8700 kJ. Your daily intakes may be higher or lower depending on your energy needs.",,https://www.coles.com.au/product/dare-espresso-favoured-milk-750ml-3034010,,,2024-06-17T17:01:57.457064-04:00
"Ind54SColes_ADairy, Eggs & Fridge_SAMilk_IGippsland Jersey Full Cream Milk | 2L",Gippsland Jersey Full Cream Milk | 2L,Gippsland,"Dairy, Eggs & Fridge",Milk,Full cream milk,,$5.80,,,$2.90 per 1L,4201117,"Gippsland Jersey Full Cream Milk 2L.The OG product - our award winning Full Cream Milk. Our beautiful jersey girls are the reason we are creme de la creme of all milks. Jersey milk is renowned for its rich creaminess, higher levels of protein - including the A2 Protein and is seriously delicious!Milk is one of the best sources of calcium as well as many vitamins and minerals - like Vitamin A, E and D, magnesium and potassium. But did you know that milk from Jersey cows is even better? It has a higher protein content and is naturally higher in nutrients and vitamins. On average Jersey milk has 20% more calcium and 18% more protein than most other milks.Our cows are purebred heritage breed originating from the British Isle of Jersey, with naturally superior milk. Because our beautiful cows largely graze on Gippsland's lush green grass their milk also contains more omega-3s and beneficial fatty acids than milk from other cows. In fact, Jersey milk is even often better tolerated by lactose intolerant people because it mostly contains A2 protein which is easier on our digestive system! There is so much to love about our milk, and its great taste is simply one small reason! Gippsland Jersey proudly does things differently, sourcing milk from smaller, family farms with incredible dairy farmers paying farmers a fair price for what they produce. By sidestepping large milk processors and value-adding already premium jersey local milk, we ensure a healthy wage for farmers and a clear choice for consumers.And by manufacturing in regional Victoria (Lakes Entrance) it keeps the dollars local, as well as delivering random acts of kindness to the Gippsland farming community, and creating social change in rural mental health by championing emotional wellbeing of dairy farmers who may be struggling.",,,,,https://www.coles.com.au/product/gippsland-jersey-full-cream-milk-2l-4201117,,,2024-06-17T17:02:07.482843-04:00
"Ind54SColes_ADairy, Eggs & Fridge_SAMilk_IColes Unsweetened Coconut Milk | 1L",Coles Unsweetened Coconut Milk | 1L,Coles,"Dairy, Eggs & Fridge",Milk,Specialty milk,,$2.00,,,$2.00 per 1L,6338826,A delicious vegan alternative to dairy milk Lactose Free.Made in Australia Low sodium No Added Sugar,,,"Per 100g/ml
Per Serving
%DI
Energy
79.93
199.83
Protein
0.19
0.48
Total Fat
1.8
4.5
6
Saturated Fat
1.6
4.0
17
Carbohydrate
0.50
1.25
Sugars
0.20
0.50
Saturated
1.60
4.00
lactose
NOT DETECTED
NOT DETECTED
Cholesterol
1.00
2.50
Lactose
0.00
0.00
Sodium
44.00
110.00
Monounsaturated
0.09
0.23
Energy (Cal)
19.12
47.81
Fat
1.80
4.50
Dietary Fibre (total)
0.20
0.50
Polyunsaturated
0.01
0.03
Galactose
0.00
0.00
Gluten
0.00
0.00
Potassium
31.00
77.50
Trans
0.09
0.23
* Percentage Daily Intakes are based on an average adult diet of 8700 kJ. Your daily intakes may be higher or lower depending on your energy needs.","INGREDIENTS: Water, Coconut Cream (8%), Sea Salt, Vegetable Gums (Locust Bean Gum, Sodium Alginate, Guar Gum).",https://www.coles.com.au/product/coles-unsweetened-coconut-milk-1l-6338826,,,2024-06-17T17:02:18.913527-04:00
"Ind54SColes_ADairy, Eggs & Fridge_SAMilk_IA2 Full Cream Milk | 1L",A2 Full Cream Milk | 1L,A2,"Dairy, Eggs & Fridge",Milk,Full cream milk,,$3.90,,,$3.90 per 1L,9760070,"a2 Milk is no ordinary milk!

It is real milk that may be easier on digestion for some people*.

As the number 1 producer of of A1 protein free milk in Australia, our purpose is to pioneer the future of dairy for good.

For more information on the a2 Milk difference visit www.a2milk.com.au

*a2 Milk comes from cows specially selected to naturally produce milk with only the A2-type beta-casein protein so may be easier on digestion than ordinary milk for some milk intolerant individuals when consumed as part of a healthy, varied diet.

All natural with no additives, this delicious and creamy fresh milk with less than 4g of fat per 100mL

Easier on digestion for some**a2 Milk comes from cows specially selected to naturally produce milk with only the A2-type beta-casein protein so may be easier on digestion than regular milk for some milk intolerant individuals when consumed as part of a healthy, varied diet.

Naturally all A2-type beta-casein protein type, and no A1Some people may be sensitive to a protein called A1 beta-casein commonly found in milk.

The perfect milk for all occasions! Use a2 Milk in tea and coffee, smoothies, baking, cooking, with cereal, with cookies, or simply enjoy on its own.

a2 Milk has been proudly partnering with Landcare Australia since 2017 to support our farmers with initiatives to protect, enhance and restore the natural environment

Good source of calcium.

Contains Protein.",,,"Per 100g/ml
Per Serving
%DI
Energy
275kJ
688kJ
0
Protein
3.3g
8.3g
0
Total Fat
3.5g
8.8g
0
Saturated Fat
2.4g
6.0g
0
Carbohydrate
5.0g
12.5g
0
Sugars
4.7g
11.8g
0
Calcium
109mg
273mg
34.0%
Sodium
33mg
83mg
0
Monounsaturated
0
0
0
Energy (Cal)
65 Cal
163 Cal
0
Dietary Fibre (total)
0
0
0
Polyunsaturated
0
0
0
Potassium
147mg
368mg
0
Trans
0
0
0
* Percentage Daily Intakes are based on an average adult diet of 8700 kJ. Your daily intakes may be higher or lower depending on your energy needs.",,https://www.coles.com.au/product/a2-full-cream-milk-1l-9760070,,,2024-06-17T17:02:30.483140-04:00
"Ind54SColes_ADairy, Eggs & Fridge_SAMilk_IColes Lactose Free Full Cream Milk | 1L",Coles Lactose Free Full Cream Milk | 1L,Coles,"Dairy, Eggs & Fridge",Milk,Specialty milk,,$3.10,,,$3.10 per 1L,2635444,This Lactose Free Full Cream Milk has all the goodness of fresh cow's milk but without the Lactose,,,"Per 100g/ml
Per Serving
%DI
Energy
260
650
7
Protein
3.3
8.3
17
Total Fat
3.3
8.3
12
Saturated Fat
2.20
5.50
Carbohydrate
4.8
12.0
4
Sugars
4.80
12.00
Calcium
106
265
lactose
NOT DETECTED
NOT DETECTED
Lactose
NOT DETECTED
NOT DETECTED
Sodium
33
83
4
Energy (Cal)
62
155
Dietary Fibre (total)
0.00
0.00
Galactose
2.3
5.8
* Percentage Daily Intakes are based on an average adult diet of 8700 kJ. Your daily intakes may be higher or lower depending on your energy needs.",,https://www.coles.com.au/product/coles-lactose-free-full-cream-milk-1l-2635444,,,2024-06-17T17:02:43.412122-04:00
"Ind54SColes_ADairy, Eggs & Fridge_SAMilk_IColes Full Cream Milk | 2L",Coles Full Cream Milk | 2L,Coles,"Dairy, Eggs & Fridge",Milk,Full cream milk,,$3.10,,,$1.55 per 1L,439693,"Coles Australian Dairy Full Cream Milk, 2L. Fresh full cream milk sourced from Australian farmers for wholesome goodness. Better together with Australian Farmers.",,,"Per 100g/ml
Per Serving
%DI
Energy
258.40
646.00
Protein
3.40
8.50
Total Fat
3.40
8.50
Carbohydrate
4.40
11.00
Sugars
4.40
11.00
Calcium
118.00
295.00
Sodium
44.00
110.00
Saturated
2.30
5.75
Energy (Cal)
61.82
154.55
Dietary Fibre (total)
0.00
0.00
* Percentage Daily Intakes are based on an average adult diet of 8700 kJ. Your daily intakes may be higher or lower depending on your energy needs.",,https://www.coles.com.au/product/coles-full-cream-milk-2l-439693,,,2024-06-17T17:02:54.768168-04:00
"Ind54SColes_ADairy, Eggs & Fridge_SAMilk_IIce Break Regular Strength Iced Coffee | 500mL",Ice Break Regular Strength Iced Coffee | 500mL,Ice Break,"Dairy, Eggs & Fridge",Milk,Milk flavoured,,$4.10,,,$8.20 per 1L,6166527,"Nothing quite satisfies like an ice cold Ice Break Regular Strength.
Made with real coffee, real milk and no added flavours to deliver a real caffeine kick.",,,"Per 100g/ml
Per Serving
%DI
Energy
289kJ
1445kJ
Protein
3.3
16.5
Total Fat
1.6g
8.0g
Saturated Fat
1.0g
5.0g
Carbohydrate
10.3g
51.5g
Sugars
9.8g
49.0g
Calcium
109mg
545mg
68% RDI*
Sodium
37mg
185mg
Energy (Cal)
69
345
Caffeine
29mg
145mg
* Percentage Daily Intakes are based on an average adult diet of 8700 kJ. Your daily intakes may be higher or lower depending on your energy needs.",,https://www.coles.com.au/product/ice-break-regular-strength-iced-coffee-500ml-6166527,,,2024-06-17T17:03:06.002561-04:00
"Ind54SColes_ADairy, Eggs & Fridge_SAMilk_IDevondale Light Milk | 3L",Devondale Light Milk | 3L,Devondale,"Dairy, Eggs & Fridge",Milk,Skim & low fat milk,,$5.95,,,$1.98 per 1L,1909952,"Devondale fresh light milk contains all the goodness of full cream milk, with only 1.3% fat. A natural source of essential nutrients, including prosperous, magnesium, potassium and vitamin B12 making it a great source of nutrition.- Delicious and creamy light milk- High in Calcium- Source of Protein- No Preservatives- Homogenised and Pasteurised Milk",,,"Per 100g/ml
Per Serving
%DI
Energy
188kJ
470kJ
Protein
3.6g
9g
Total Fat
1.3g
3.3g
Saturated Fat
1.3g
2.2g
Carbohydrate
4.6g
11.5g
Sugars
4.6g
11.5g
Calcium
126mg
315mg
Sodium
37mg
93mg
* Percentage Daily Intakes are based on an average adult diet of 8700 kJ. Your daily intakes may be higher or lower depending on your energy needs.",,https://www.coles.com.au/product/devondale-light-milk-3l-1909952,,,2024-06-17T17:03:17.765461-04:00
"Ind54SColes_ADairy, Eggs & Fridge_SAMilk_IDare Mocha Flavoured Milk | 750mL",Dare Mocha Flavoured Milk | 750mL,Dare,"Dairy, Eggs & Fridge",Milk,Milk flavoured,,$5.25,,,$7.00 per 1L,3034031,"FORGOT YOU DROVE TO WORK AND CAUGHT THE TRAIN HOME?....A DARE FIX'LL FIX IT

Dare Iced Coffee Mocha is made with real Robusta & Arabica coffee, chocolate flavour and fresh milk. A big coffee kick without the big cafe queue!
Made with Fresh Australian Milk

Aussie Owned, Made & Loved

Real Rainforest Alliance Certified Arabica & Robusta Coffee

Working with the Rainforest Alliance to support coffee farmers and their communities",,,"Per 100g/ml
Per Serving
%DI
Energy
368kJ; Per 750mL: 2760kJ
920kJ
11.0%
Protein
3.3g; Per 750mL: 24.8g
8.3g
17.0%
Total Fat
3.5g; Per 750mL: 26.3g
8.8g
13.0%
Saturated Fat
2.2g; Per 750mL: 16.5g
5.5g
23.0%
Carbohydrate
10.7g; Per 750mL: 80.3g
26.8g
9.0%
Sugars
10.2g; Per 750mL: 76.5g
25.5g
28.0%
Calcium
113mg; Per 750mL: 848mg
283mg
Sodium
44mg; Per 750mL: 330mg
110mg
5.0%
Caffeine
25mg; Per 750mL: 188mg
63mg
* Percentage Daily Intakes are based on an average adult diet of 8700 kJ. Your daily intakes may be higher or lower depending on your energy needs.",,https://www.coles.com.au/product/dare-mocha-flavoured-milk-750ml-3034031,,,2024-06-17T17:03:29.365351-04:00
"Ind54SColes_ADairy, Eggs & Fridge_SAMilk_IA2 Light Milk | 2L",A2 Light Milk | 2L,A2,"Dairy, Eggs & Fridge",Milk,Specialty milk,,$6.90,,,$3.45 per 1L,9759944,"a2 Milk is no ordinary milk!

It is real milk that may be easier on digestion for some people*.

As the number 1 producer of A1 protein free milk in Australia, our purpose is to pioneer the future of dairy for good.


For more information on the a2 Milk difference visit www.a2milk.com.au

*a2 Milk comes from cows specially selected to naturally produce milk with only the A2-type beta-casein protein so may be easier on digestion than ordinary milk for some milk intolerant individuals when consumed as part of a healthy, varied diet.
All natural with no additives, this delicious and creamy lite fresh milk contains just 1.3g of fat per 100ml

Easier on digestion for some**a2 Milk comes from cows specially selected to naturally produce milk with only the A2-type beta-casein protein so may be easier on digestion than regular milk for some milk intolerant individuals when consumed as part of a healthy, varied diet.

Naturally all A2-type beta-casein protein type, and no A1Some people may be sensitive to a protein called A1 beta-casein commonly found in milk.

The perfect milk for all occasions! Use a2 Milk in tea and coffee, baking, cooking, with cereal, with cookies, or simply enjoy on its own.

a2 Milk has been proudly partnering with Landcare Australia since 2017 to support our farmers with initiatives to protect, enhance and restore the natural environment

Good source of calcium.

Contains Protein.",,,"Per 100g/ml
Per Serving
%DI
Energy
189kJ
473kJ
0
Protein
3.3g
8.3g
0
Total Fat
1.3g
3.3g
0
Saturated Fat
0.9g
2.3g
0
Carbohydrate
5.2g
13.0g
0
Sugars
5.2g
13.0g
0
Calcium
117mg
293mg
36.0%
Sodium
48mg
120mg
0
Monounsaturated
0
0
0
Energy (Cal)
45 Cal
113 Cal
0
Dietary Fibre (total)
0
0
0
Polyunsaturated
0
0
0
Potassium
150mg
375mg
0
Trans
0
0
0
* Percentage Daily Intakes are based on an average adult diet of 8700 kJ. Your daily intakes may be higher or lower depending on your energy needs.",Reduced Fat Milk,https://www.coles.com.au/product/a2-light-milk-2l-9759944,,,2024-06-17T17:03:41.723159-04:00
"Ind54SColes_ADairy, Eggs & Fridge_SAMilk_IRokeby Farms Probiotic Filmjolk Natural Yoghurt | 750g",Rokeby Farms Probiotic Filmjolk Natural Yoghurt | 750g,Rokeby Farms,"Dairy, Eggs & Fridge",Milk,Probiotic milk,,$4.00,,$5.00,$0.53 per 100g,3186561,"Filmjolk is a traditional cultured yoghurt from Sweden that dates back to the Viking days. Made with fresh milk sourced from local Gippsland farms, our probiotic yoghurt is slow fermented the authentic Swedish way.With 15 live and active cultures and 50+ billion good bacteria per serve, probiotic yoghurt helps maintain healthy gut flora and regulate your digestive system.Natural probiotic yoghurt with 15 cultures and probiotics. 50+ billion good bacteria 15 live cultures & probiotics Fresh yoghurt For digestive health",,,"Per 100g/ml
Per Serving
%DI
Energy
267kJ
669kJ
Protein
3.5g
8.7g
Total Fat
3.9g
9.6g
Saturated Fat
2.6g
6.5g
Carbohydrate
3.9g
9.6g
Sugars
3g
7.5g
Lactose
0.5g
1.2g
Calcium
132mg
330mg
Sodium
39mg
96mg
Galactose
2.5g
6.3g
* Percentage Daily Intakes are based on an average adult diet of 8700 kJ. Your daily intakes may be higher or lower depending on your energy needs.","Whole milk, live cultures and probiotics, lactase enzyme, Bifidobacterium infantis, Bifidobacterium lactis, Lactobacillus acidophilus, Lactobacillus delbrueckii subsp. Lactis, Lactobacillus fermentum, Lactobacillus paracasei, Bifidobacterium animalis subsp. Lactis, Lactobacillus rhamnosus, Lactococcus lactis subsp. Cremoris, Lactococcus lactis subsp. Lactis, Lactococcus lactis sub. lactis biovar diacetylactis, Leuconostoc mesenteroides, Leuconostoc pseudomesenteroides, Streptococcus thermophiles and Lactobacillus delbrueckii subsp. Bulgaricus.",https://www.coles.com.au/product/rokeby-farms-probiotic-filmjolk-natural-yoghurt-750g-3186561,,,2024-06-17T17:03:52.841393-04:00
"Ind54SColes_ADairy, Eggs & Fridge_SAMilk_IPauls Rev Low Fat Milk | 1L",Pauls Rev Low Fat Milk | 1L,Pauls,"Dairy, Eggs & Fridge",Milk,Skim & low fat milk,,$3.50,,,$3.50 per 1L,387192,"At Pauls we love dairy. We're pretty passionate about making great tasting products packed with real dairy goodness. We put that devotion into every Pauls milk, cream, custard and yoghurt we make.

Pauls Rev is a natural source of calcium, protein, vitamins and minerals, which are important for good nutrition, while also being lower in fat, making it a great choice for you and your family.",,,"Per 100g/ml
Per Serving
%DI
Energy
194kJ
485kJ
Protein
3.2g
8.0g
Total Fat
1.2g
3.0g
Saturated Fat
0.8g
2.0g
Carbohydrate
5.5g
13.8g
Sugars
5.5g
13.8
Vitamin B2
0.16mg
0.40mg
24%
Calcium
113mg
283mg
35%
Vitamin B12
0.43ug
1.08ug
54%
Sodium
37mg
93mg
Energy (Cal)
46Cal
116Cal
Potassium
147mg
368mg
Iodine
20ug
49ug
33%
* Percentage Daily Intakes are based on an average adult diet of 8700 kJ. Your daily intakes may be higher or lower depending on your energy needs.",,https://www.coles.com.au/product/pauls-rev-low-fat-milk-1l-387192,,,2024-06-17T17:04:05.090290-04:00
"Ind54SColes_ADairy, Eggs & Fridge_SA_IAnnie's Orchard Unsweetened Almond Milk | 1L",Annie's Orchard Unsweetened Almond Milk | 1L,Annies Orchard,"Dairy, Eggs & Fridge",,,,$3.30,,,$3.30 per 1L,6450203,Annie's Orchard Unsweetened Almond Milk is made from whole almonds sourced from 100% local Aussie farms.,,,"Per 100g/ml
Per Serving
%DI
Energy
128kJ
320kJ
4%
Protein
1g
2.5g
5%
Total Fat
2.6g
6.5g
9%
Saturated Fat
0.2g
0.5g
2%
Carbohydrate
0.9g
2.3g
1%
Sugars
0.4g
1g
1%
Calcium
80mg
200mg
25%
Sodium
34mg
85mg
4%
Dietary Fibre (total)
1.9g
4.8g
16%
* Percentage Daily Intakes are based on an average adult diet of 8700 kJ. Your daily intakes may be higher or lower depending on your energy needs.",,https://www.coles.com.au/product/annie's-orchard-unsweetened-almond-milk-1l-6450203,,,2024-06-17T17:04:16.452014-04:00
"Ind54SColes_ADairy, Eggs & Fridge_SA_IPauls Zymil Lactose Free Full Cream Milk | 1L",Pauls Zymil Lactose Free Full Cream Milk | 1L,Pauls,"Dairy, Eggs & Fridge",,,,$3.90,,,$3.90 per 1L,5891600,"At Pauls, we love dairy. We're pretty passionate about making great tasting products packed with real dairy goodness. We put that devotion into every Pauls milk, cream, custard and yoghurt we make. Milk is a natural source of protein, vitamins and minerals essential for good health. Rich in calcium, Pauls Zymil is simply milk which is easy to digest (As part of a healthy and varied diet, consuming Zymil instead of regular milk helps ease digestion in those who are sensitive to lactose). Plus Pauls Zymil is lactose free and made from real milk so it has all of the natural goodness of regular milk. Lactose free, easy to digest and rich in calcium.
Full cream milk

Lactose free",,,"Per 100g/ml
Per Serving
%DI
Energy
270kJ
675kJ
Protein
3.4g
8.5g
Total Fat
3.6g
9.0g
Saturated Fat
2.3g
5.8g
Carbohydrate
4.7g
11.8g
Sugars
4.7g
11.8g
Lactose
Nil
Nil
Vitamin B2
0.2mg
0.4mg
25% RDI*
Calcium
125mg
313mg
39% RDI*
Sodium
40mg
100mg
Dietary Fibre (total)
0.0g
0.0g
Galactose
2.4g
6.0g
* Percentage Daily Intakes are based on an average adult diet of 8700 kJ. Your daily intakes may be higher or lower depending on your energy needs.",,https://www.coles.com.au/product/pauls-zymil-lactose-free-full-cream-milk-1l-5891600,,,2024-06-17T17:04:28.618591-04:00
"Ind54SColes_ADairy, Eggs & Fridge_SAMilk_IRokeby Farms Smoothie Dutch Chocolate | 425mL",Rokeby Farms Smoothie Dutch Chocolate | 425mL,Rokeby Farms,"Dairy, Eggs & Fridge",Milk,Milk flavoured,,$4.65,,,$10.94 per 1L,1944192,"A 'whole protein' provides all nine essential amino acids which your body needs but can't produce on its own, so it must be supplied daily from food.
Protein is essential for the building and recovery of muscle tissue and organs. Research has also shown that eating a protein-rich breakfast can help stimulate and sustain a feeling of fullness and set the tone for your day.
Loaded with real cocoa for natural chocolate goodness.
High protein
High calcium
Fresh milk
Low fat
Low lactose
No powders or soy
For our full range of products & more, visit our website www.rokebyfarms.com.au and follow us @rokebyfarms",,,"Per 100g/ml
Per Serving
%DI
Energy
282kJ
1200kJ
Protein
7.1g
30g
Total Fat
1.5g
6.4g
Saturated Fat
1.1g
4.7g
Carbohydrate
6.4g
27.2g
Sugars
5.9g
25.1g
Lactose
0.5g
2.1g
Calcium
196mg
833mg
Sodium
25mg
106mg
Galactose
0.8g
3.4g
* Percentage Daily Intakes are based on an average adult diet of 8700 kJ. Your daily intakes may be higher or lower depending on your energy needs.",,https://www.coles.com.au/product/rokeby-farms-smoothie-dutch-chocolate-425ml-1944192,,,2024-06-17T17:04:39.978033-04:00
"Ind54SColes_ADairy, Eggs & Fridge_SA_IDare Double Espresso Flavoured Milk | 500mL",Dare Double Espresso Flavoured Milk | 500mL,Dare,"Dairy, Eggs & Fridge",,,,$3.30,,$4.15,$6.60 per 1L,3033946,"Pasteurised iced coffee flavoured milk.

Is this the $10,000 Fix?

Find the Dare-mergency tape in this bottle and you'll win $10,000!

Grab a fix now, There's 10 Dare-mergency bottles to be found.

Promo starts 29/7/19 AEDT ends 30/9/19 AEDT. Purchase any specially marked Dare Iced Coffee 500mL or 750mL, unscrew the lid to see if you have won. Winners: keep receipt, winning tape and claim prize by 5pm AEDT 3/1/20. To enter second chance draw, complete the entry form at www.facebook.com/dareicedcoffee during the promotional period. Entry open AU residents 18+ only. Total prizes: 10.
Promoter: LD&D Australia Pty Ltd 1800 677 852. See www.dareicedcoffee.com.au/daremergency for full T&Cs.
Permit Nos: ACT TP19/03268, NSW LTPS/19/34385 and SA T19/697.",,,"Per 100g/ml
Per Serving
%DI
Energy
352kJ
1760kJ
20.0%
Protein
3.4g
17.0g
34.0%
Total Fat
3.5g
17.5g
25.0%
Saturated Fat
2.2g
11.0g
46.0%
Carbohydrate
9.7g
48.5g
16.0%
Sugars
9.0g
45.0g
50.0%
Calcium
118mg
590mg
74% RDI*
Sodium
41mg
205mg
9.0%
Caffeine
32mg
160mg
* Percentage Daily Intakes are based on an average adult diet of 8700 kJ. Your daily intakes may be higher or lower depending on your energy needs.","Fresh Milk, Sugar, Coffee Powder (0.76%)(Robusta, Arabica), Colour (150c), Flavours.",https://www.coles.com.au/product/dare-double-espresso-flavoured-milk-500ml-3033946,,,2024-06-17T17:04:52.319164-04:00
"Ind54SColes_ADairy, Eggs & Fridge_SAMilk_IPauls Smarter White Milk 2% Fat Full Cream Taste Bottle | 1L",Pauls Smarter White Milk 2% Fat Full Cream Taste Bottle | 1L,Pauls,"Dairy, Eggs & Fridge",Milk,Skim & low fat milk,,$3.20,,,$3.20 per 1L,9411773,"At Pauls, we love dairy. We're pretty passionate about making great tasting products packed with real dairy goodness. We put that devotion into every Pauls milk, cream, custard and yoghurt we make.
Pauls Smarter White Milk has all the goodness and taste of full cream milk with only 2% fat.
Full cream taste

Only 2% Fat.

Fresh Australian Milk

Good Source Calcium

Goodness and taste of full cream milk",,,"Per 100g/ml
Per Serving
%DI
Energy
236 kJ
570 kJ
Protein
3.8 g
9.5 g
Total Fat
2.0 g
5.0 g
Saturated Fat
1.3 g
3.3 g
Carbohydrate
5.3 g
13.3 g
Sugars
5.3 g
13.3 g
Calcium
132 mg
330 mg
41% RDI*
Iron
0.0
0.0
Vitamin A
0.0
0.0
Coenzyme Q10
0.0
0.0
Vitamin E
0.0
0.0
Vitamin B
0.0
0.0
Vitamin C
0.0
0.0
Dietary Fibre (total)
0.0
0.0
Omega - 6
0.0
0.0
Magnesium
0.0
0.0
Selenium
0.0
0.0
Copper
0.0
0.0
Trans
0.0
0.0
Iodine
0.0
0.0
Bioflavoids
0.0
Folic Acid
0.0
0.0
Biotin
0.0
0.0
Molybdenum
0.0
0.0
Zinc
0.0
0.0
Sodium
42 mg
105 mg
Choline
0.0
0.0
Monounsaturated
0.0
0.0
Chromium
0.0
0.0
Polyunsaturated
0.0
0.0
Potassium
0.0
0.0
Manganese
0.0
0.0
* Percentage Daily Intakes are based on an average adult diet of 8700 kJ. Your daily intakes may be higher or lower depending on your energy needs.","Reduced fat milk, milk solids.",https://www.coles.com.au/product/pauls-smarter-white-milk-2percent-fat-full-cream-taste-bottle-1l-9411773,,,2024-06-17T17:05:04.132972-04:00
"Ind54SColes_ADairy, Eggs & Fridge_SAMilk_IIce Break Iced Coffee No Added Sugar | 750mL",Ice Break Iced Coffee No Added Sugar | 750mL,Ice Break,"Dairy, Eggs & Fridge",Milk,Milk flavoured,,$4.00,,$5.10,$5.33 per 1L,5074060,THE REAL COFFEE CREDENTIALS OF ICE BREAK EXPERTLY BLENDED WITH OAK CHOCOLATE MILK.,,,"Per 100g/ml
Per Serving
%DI
Energy
360kJ
1800kJ
Protein
3.4g
17g
Total Fat
3.4g
17g
Saturated Fat
2.2g
11g
Carbohydrate
10.3g
51.5g
Sugars
9.7g
48.5g
Calcium
112mg
560mg
(70% RDI*)
Sodium
36mg
180mg
Energy (Cal)
86
431
Caffeine
28mg
140 mg
* Percentage Daily Intakes are based on an average adult diet of 8700 kJ. Your daily intakes may be higher or lower depending on your energy needs.",,https://www.coles.com.au/product/ice-break-iced-coffee-no-added-sugar-750ml-5074060,,,2024-06-17T17:05:16.868925-04:00
"Ind54SColes_ADairy, Eggs & Fridge_SAMilk_IDare Oat Milk Dairy Free Double Espresso | 400mL",Dare Oat Milk Dairy Free Double Espresso | 400mL,Dare,"Dairy, Eggs & Fridge",Milk,Milk flavoured,,$3.30,,$4.15,$8.25 per 1L,7841658,Dare Oat Milk Double Espresso is a UHT coffee flavoured oat milk. Contains robusta & arabica coffee.,,,"Per 100g/ml
Per Serving
%DI
Energy
248kJ
992kJ
11%
Protein
0.5g
2.0g
4%
Total Fat
1.6g
6.4g
9%
Saturated Fat
0.2g
0.8g
3%
Carbohydrate
10.1g
40.4g
13%
Sugars
6.9g
27.6g
31%
Calcium
57mg
228mg
Sodium
28mg
112mg
5%
Monounsaturated
0
0
0
Energy (Cal)
59Cal
236Cal
0
Dietary Fibre (total)
<1.0g
<1.0g
<1%
Polyunsaturated
0
0
0
Trans
0
0
0
Caffeine
57mg
140mg
0
* Percentage Daily Intakes are based on an average adult diet of 8700 kJ. Your daily intakes may be higher or lower depending on your energy needs.",,https://www.coles.com.au/product/dare-oat-milk-dairy-free-double-espresso-400ml-7841658,,,2024-06-17T17:05:28.386692-04:00
"Ind54SColes_ADairy, Eggs & Fridge_SAMilk_IColes Full Cream Milk | 3L",Coles Full Cream Milk | 3L,Coles,"Dairy, Eggs & Fridge",Milk,Full cream milk,,$4.50,,,$1.50 per 1L,8150288,Coles is committed to bringing you high quality fresh milk from dairy farms across Australia,,,"Per 100g/ml
Per Serving
%DI
Energy
260
650
7
Protein
3.40
8.50
Sugars
4.30
10.75
Dietary Fibre (total)
0.00
0.00
* Percentage Daily Intakes are based on an average adult diet of 8700 kJ. Your daily intakes may be higher or lower depending on your energy needs.",,https://www.coles.com.au/product/coles-full-cream-milk-3l-8150288,,,2024-06-17T17:05:40.459230-04:00
"Ind54SColes_ADairy, Eggs & Fridge_SAMilk_IGreat Ocean Road Fresh Full Cream Milk | 1L",Great Ocean Road Fresh Full Cream Milk | 1L,Great Ocean Road,"Dairy, Eggs & Fridge",Milk,Full cream milk,,$2.90,,,$2.90 per 1L,9317935,"Delicious full cream milk with all the goodness of dairy. Born on the Great Ocean Road in Victoria, our products are made with 100% Australian milk sourced predominately from farmers in South West Victoria.- Full Cream Milk",,,"Per 100g/ml
Per Serving
%DI
Energy
270kJ
675kJ
Protein
3.3g
8.3g
Total Fat
3.5g
8.8g
Saturated Fat
2.1g
5.3g
Carbohydrate
5.1g
12.8g
Sugars
4.6g
11.5g
Calcium
114mg
285mg
36%
Sodium
55mg
138mg
* Percentage Daily Intakes are based on an average adult diet of 8700 kJ. Your daily intakes may be higher or lower depending on your energy needs.",,https://www.coles.com.au/product/great-ocean-road-fresh-full-cream-milk-1l-9317935,,,2024-06-17T17:05:51.636084-04:00
"Ind54SColes_ADairy, Eggs & Fridge_SAMilk_IVitasoy Calci-Plus Soymilk Chilled | 1L",Vitasoy Calci-Plus Soymilk Chilled | 1L,Vitasoy,"Dairy, Eggs & Fridge",Milk,Soy & almond milk,,$3.35,,,$3.35 per 1L,9067496,"Made with 100% Australian Grown soy beans and with 50% of your daily calcium needs in every serving, Vitasoy Calci-Plus is a natural source of protein. With no artificial colours, flavours or preservatives, it is suitable for vegans and vegetarians.

Enjoy with your bowl of cereal, in a smoothie or simply on its own!
50% of your daily calcium",,,"Per 100g/ml
Per Serving
%DI
Energy
269
673
Protein
3.2
8
Total Fat
3g
7.5g
11
Saturated Fat
0.4g
1g
4
Carbohydrate
5.8g
14.5g
5
Sugars
3.2g
8g
9
Vitamin B2
0.3mg
0.75mg
44
Calcium
160mg
400mg
50
Vitamin B12
0.4ug
1.0ug
50
Vitamin A
54ug
135ug
18
Vitamin D
2.0ug
5.0ug
50
Sodium
60mg
150mg
7
Monounsaturated
1.2g
3g
Energy (Cal)
160
Dietary Fibre (total)
0.6g
1.5g
5
Magnesium
20mg
50mg
16
Polyunsaturated
1.2g
3g
Trans
0
0
* Percentage Daily Intakes are based on an average adult diet of 8700 kJ. Your daily intakes may be higher or lower depending on your energy needs.",,https://www.coles.com.au/product/vitasoy-calci-plus-soymilk-chilled-1l-9067496,,,2024-06-17T17:06:02.980654-04:00
"Ind54SColes_ADairy, Eggs & Fridge_SA_IPauls Zymil Lactose Free Milk Full Cream | 3L",Pauls Zymil Lactose Free Milk Full Cream | 3L,Pauls,"Dairy, Eggs & Fridge",,,,$8.90,,,$2.97 per 1L,4228656,"At Pauls, we love dairy. We're pretty passionate about making great tasting products packed with real dairy goodness. We put that devotion into every Pauls milk, cream, custard and yoghurt we make. Milk is a natural source of protein, vitamins and minerals essential for good health. Rich in calcium, Pauls Zymil is simply milk which is easy to digest (As part of a healthy and varied diet, consuming Zymil instead of regular milk helps ease digestion in those who are sensitive to lactose). Plus Pauls Zymil is lactose free and made from real milk so it has all of the natural goodness of regular milk. Lactose free, easy to digest and rich in calcium.",,,,,https://www.coles.com.au/product/pauls-zymil-lactose-free-milk-full-cream-3l-4228656,,,2024-06-17T17:06:12.919971-04:00
"Ind54SColes_ADairy, Eggs & Fridge_SA_IVitasoy Soy Milky Lite Chilled | 1L",Vitasoy Soy Milky Lite Chilled | 1L,Vitasoy,"Dairy, Eggs & Fridge",,,,$2.85,,,$2.85 per 1L,4514510,"Every whole soybean that makes this milk great is grown in Australia
Beneath the watchful eyes of Aussie farmers, every whole soybean squeezed into our Soy Milky was planted and picked at just the right moment. It's why our great milky taste is hard to beat.

For us, it's a daily obsession that's been growing across the globe since the Vitasoy brand first started in 1940. Bringing you a simple yet delicious soy milk, brimming with the good stuff-and less than 2% Fat.

This is why our glass is always full.

Grown by Aussie Farmers
Our whole soybeans are harvested from February to April and delivered to our Wodonga factory.
Only the best beans make it...

Blended by us
We dehull and grind our beans, then blend the good bits with filtered water and other ingredients including calcium.
Perfected and packed for your fridge...

Enjoyed by you
Your Vitasoy is ready to be soaked up and savoured with all your favourites.

- Australian grown whole soybeans.
- 1/3 of your daily calcium needs in every serving.
- Naturally free from gluten, dairy, lactose and cholesterol.
- Natural source of protein.
- No artificial colours, flavours or preservatives.
- Non-genetically modified.
- Suitable For vegans and vegetarians.

The protein in this product is derived from Australian grown whole soybeans. It may appear as white sediment so make sure you shake the product well before consuming it.",,,"Per 100g/ml
Per Serving
%DI
Energy
162kJ
405kJ
5.00%
Protein
3.0g
7.5g
15.00%
Total Fat
1.8g
4.5g
6.00%
Saturated Fat
0.3g
0.8g
3.00%
Carbohydrate
2.5g
6.2g
2.00%
Sugars
1.6g
4.0g
4.00%
Calcium
120mg
300mg
38% RDI#
Cholesterol
0mg
0mg
Lactose
0g
0g
Sodium
80mg
200mg
9.00%
Monounsaturated
0.4g
1.0g
Energy (Cal)
39Cal
98Cal
Dietary Fibre (total)
0.2g
0.5g
2.00%
Polyunsaturated
1.1g
2.8g
Galactose
0g
0g
Gluten
0mg
0mg
Trans
0g
0g
* Percentage Daily Intakes are based on an average adult diet of 8700 kJ. Your daily intakes may be higher or lower depending on your energy needs.",,https://www.coles.com.au/product/vitasoy-soy-milky-lite-chilled-1l-4514510,,,2024-06-17T17:06:25.287793-04:00
"Ind54SColes_ADairy, Eggs & Fridge_SA_IDevondale Full Cream Milk | 3L",Devondale Full Cream Milk | 3L,Devondale,"Dairy, Eggs & Fridge",,,,$5.95,,,$1.98 per 1L,1909941,"Devondale rich and creamy, fresh full cream milk. A natural source of essential nutrients, including prosperous, magnesium, potassium and vitamin B12 making it a great source of nutrition.- Delicious and creamy full cream milk- High in Calcium- Source of Protein- No preservatives- Homogenised and Pasteurised Milk",,,"Per 100g/ml
Per Serving
%DI
Energy
266kJ
650kJ
Protein
3.4g
8.8g
Total Fat
3.3g
8.3g
Saturated Fat
2.3g
5.8g
Carbohydrate
4.6g
11.5g
Sugars
4.6g
11.5g
Calcium
123mg
308mg
38%
Sodium
36mg
90mg
* Percentage Daily Intakes are based on an average adult diet of 8700 kJ. Your daily intakes may be higher or lower depending on your energy needs.",,https://www.coles.com.au/product/devondale-full-cream-milk-3l-1909941,,,2024-06-17T17:06:37.243067-04:00
"Ind54SColes_ADairy, Eggs & Fridge_SAMilk_IA2 Light Fat Milk | 1L",A2 Light Fat Milk | 1L,A2,"Dairy, Eggs & Fridge",Milk,Specialty milk,,$3.90,,,$3.90 per 1L,9760047,"a2 Milk is no ordinary milk!

It is real milk that may be easier on digestion for some people*.

As the number 1 producer of A1 protein free milk in Australia, our purpose is to pioneer the future of dairy for good.


For more information on the a2 Milk difference visit www.a2milk.com.au

*a2 Milk comes from cows specially selected to naturally produce milk with only the A2-type beta-casein protein so may be easier on digestion than ordinary milk for some milk intolerant individuals when consumed as part of a healthy, varied diet.
All natural with no additives, this delicious and creamy lite fresh milk contains just 1.3g of fat per 100ml

Easier on digestion for some**a2 Milk comes from cows specially selected to naturally produce milk with only the A2-type beta-casein protein so may be easier on digestion than regular milk for some milk intolerant individuals when consumed as part of a healthy, varied diet.

Naturally all A2-type beta-casein protein type, and no A1Some people may be sensitive to a protein called A1 beta-casein commonly found in milk.

The perfect milk for all occasions! Use a2 Milk in tea and coffee, smoothies, baking, cooking, with cereal, with cookies, or simply enjoy on its own.

a2 Milk has been proudly partnering with Landcare Australia since 2017 to support our farmers with initiatives to protect, enhance and restore the natural environment

Good source of calcium.

Contains Protein.",,,"Per 100g/ml
Per Serving
%DI
Energy
189kJ
473kJ
0
Protein
3.3g
8.3g
0
Total Fat
1.3g
3.3g
0
Saturated Fat
0.9g
2.3g
0
Carbohydrate
5.2g
13.0g
0
Sugars
5.2g
13.0g
0
Calcium
117mg
293mg
36.0%
Sodium
48mg
120mg
0
Monounsaturated
0
0
0
Energy (Cal)
45 Cal
113 Cal
0
Dietary Fibre (total)
0
0
0
Polyunsaturated
0
0
0
Potassium
150mg
375mg
0
Trans
0
0
0
* Percentage Daily Intakes are based on an average adult diet of 8700 kJ. Your daily intakes may be higher or lower depending on your energy needs.",,https://www.coles.com.au/product/a2-light-fat-milk-1l-9760047,,,2024-06-17T17:06:48.609016-04:00
"Ind54SColes_ADairy, Eggs & Fridge_SA_IIce Break Iced Coffee Triple Shot | 750mL",Ice Break Iced Coffee Triple Shot | 750mL,Ice Break,"Dairy, Eggs & Fridge",,,,$4.00,,$5.10,$5.33 per 1L,8224533,Ice Break Triple Shot is a 3 shot real coffee recharge made with Aussie milk.,,,"Per 100g/ml
Per Serving
%DI
Energy
293
1465
Protein
3.3g
16.5g
Total Fat
1.6g
8.0g
Saturated Fat
1.0g
5.0g
Carbohydrate
10.5g
52.5g
Sugars
9.9g
49.5g
Calcium
108mg
540mg
67% RDI*
Sodium
36mg
180mg
Energy (Cal)
70
350
Caffeine
41mg
205mg
* Percentage Daily Intakes are based on an average adult diet of 8700 kJ. Your daily intakes may be higher or lower depending on your energy needs.","REDUCED FAT MILK, SUGAR, COFFEE (1%), MILK SOLIDS.",https://www.coles.com.au/product/ice-break-iced-coffee-triple-shot-750ml-8224533,,,2024-06-17T17:07:01.411924-04:00
"Ind54SColes_ADairy, Eggs & Fridge_SADairy, chilled & frozen_IGreat Ocean Road Fresh Skim Milk | 2L",Great Ocean Road Fresh Skim Milk | 2L,Great Ocean Road,"Dairy, Eggs & Fridge","Dairy, chilled & frozen",Milk & eggs,,$4.50,,,"$2.25 per 1L
Was $4.70 on Apr 2024",9321047,"Taste the goodness of dairy with Great Ocean Road Skim MilkBorn on the Great Ocean Road in Victoria, our products are made with 100% Australian milk sourced predominately from farmers in South West Victoria.- Skim Milk",,,"Per 100g/ml
Per Serving
%DI
Energy
150kJ
375kJ
Protein
3.6g
9g
Total Fat
<0.1g
0.3g
Saturated Fat
<0.1g
<0.3g
Carbohydrate
5.2g
13g
Sugars
4.9g
12.3g
Calcium
124mg
310mg
39%
Sodium
38mg
95mg
* Percentage Daily Intakes are based on an average adult diet of 8700 kJ. Your daily intakes may be higher or lower depending on your energy needs.",Pasterised Milk,https://www.coles.com.au/product/great-ocean-road-fresh-skim-milk-2l-9321047,,,2024-06-17T17:07:12.506430-04:00
"Ind54SColes_ADairy, Eggs & Fridge_SAMilk_IColes Organic Full Cream Milk | 1L",Coles Organic Full Cream Milk | 1L,Coles,"Dairy, Eggs & Fridge",Milk,Specialty milk,,$2.60,,,$2.60 per 1L,3227159,"Coles certified organic products are grown and pasturised without the use of synthetic chemicals, fertilisers, pesticides, or herbicides. Organic farming uses production practices for a sustainable future",,,"Per 100g/ml
Per Serving
%DI
Energy
282.00
705.00
Protein
3.60
9.00
Total Fat
3.9
9.8
14
Carbohydrate
4.50
11.25
Sugars
4.20
10.50
Calcium
128.00
320.00
Sodium
40.00
100.00
Saturated
2.80
7.00
Energy (Cal)
67.46
168.66
Fat
3.90
9.75
Dietary Fibre (total)
0.00
0.00
* Percentage Daily Intakes are based on an average adult diet of 8700 kJ. Your daily intakes may be higher or lower depending on your energy needs.",Certified Organic Homogenised and Pasteurised Full Cream Milk.,https://www.coles.com.au/product/coles-organic-full-cream-milk-1l-3227159,,,2024-06-17T17:07:24.108158-04:00
"Ind54SColes_ADairy, Eggs & Fridge_SA_INutty Bruce Organic Almond & Coconut Milk | 1L",Nutty Bruce Organic Almond & Coconut Milk | 1L,Nutty Bruce,"Dairy, Eggs & Fridge",,,,$6.00,,,$6.00 per 1L,3187484,"Nutty Bruce Almond & Coconut Milk is a nutritious and delicious plant-powered, non-dairy milk. It's made from 100% whole organic activated almonds and organic coconut. Deliciously creamy, and with none of the thickeners and gums that you see in some almond milks. Just simple and natural ingredients.",,,"Per 100g/ml
Per Serving
%DI
Energy
176kJ
440kJ
Protein
<1g
1.8g
Total Fat
1.7g
4.1g
Saturated Fat
<1g
1.8g
Carbohydrate
6.1g
15.1g
Sugars
2.7g
6.6g
Sodium
37mg
93mg
* Percentage Daily Intakes are based on an average adult diet of 8700 kJ. Your daily intakes may be higher or lower depending on your energy needs.",,https://www.coles.com.au/product/nutty-bruce-organic-almond-and-coconut-milk-1l-3187484,,,2024-06-17T17:07:35.942689-04:00
"Ind54SColes_ADairy, Eggs & Fridge_SAMilk_IA2 Dairy Light Milk | 3L",A2 Dairy Light Milk | 3L,A2,"Dairy, Eggs & Fridge",Milk,Skim & low fat milk,,$9.90,,,$3.30 per 1L,4182384,"a2 Milk is no ordinary milk!

It is real milk that may be easier on digestion for some people*.

As the number 1 producer of A1 protein free milk in Australia, our purpose is to pioneer the future of dairy for good.


For more information on the a2 Milk difference visit www.a2milk.com.au

*a2 Milk comes from cows specially selected to naturally produce milk with only the A2-type beta-casein protein so may be easier on digestion than ordinary milk for some milk intolerant individuals when consumed as part of a healthy, varied diet.
All natural with no additives, this delicious and creamy lite fresh milk contains just 1.3g of fat per 100ml

Easier on digestion for some**a2 Milk comes from cows specially selected to naturally produce milk with only the A2-type beta-casein protein so may be easier on digestion than regular milk for some milk intolerant individuals when consumed as part of a healthy, varied diet.

Naturally all A2-type beta-casein protein type, and no A1Some people may be sensitive to a protein called A1 beta-casein commonly found in milk.

The perfect milk for all occasions! Use a2 Milk in tea and coffee, baking, cooking, with cereal, with cookies, or simply enjoy on its own.

a2 Milk has been proudly partnering with Landcare Australia since 2017 to support our farmers with initiatives to protect, enhance and restore the natural environment

Good source of calcium.

Contains Protein.",,,"Per 100g/ml
Per Serving
%DI
Energy
189kJ
473kJ
0
Protein
3.3g
8.3g
0
Total Fat
1.3g
3.3g
0
Saturated Fat
0.9g
2.3g
0
Carbohydrate
5.2g
13.0g
0
Sugars
5.2g
13.0g
0
Calcium
117mg
293mg
36.00%
Sodium
48mg
120mg
0
Monounsaturated
0
0
0
Energy (Cal)
45 Cal
113 Cal
0
Dietary Fibre (total)
0
0
0
Polyunsaturated
0
0
0
Potassium
150mg
375mg
0
Trans
0
0
0
* Percentage Daily Intakes are based on an average adult diet of 8700 kJ. Your daily intakes may be higher or lower depending on your energy needs.",,https://www.coles.com.au/product/a2-dairy-light-milk-3l-4182384,,,2024-06-17T17:07:47.291546-04:00
"Ind54SColes_ADairy, Eggs & Fridge_SA_IBabushka's Probiotic Kefir Yoghurt Organic Natural | 750mL",Babushka's Probiotic Kefir Yoghurt Organic Natural | 750mL,Babushkas,"Dairy, Eggs & Fridge",,,,$6.20,,,$0.83 per 100g,5658209,,,,,,https://www.coles.com.au/product/babushka's-probiotic-kefir-yoghurt-organic-natural-750ml-5658209,,,2024-06-17T17:07:56.430009-04:00
"Ind54SColes_ADairy, Eggs & Fridge_SAMilk_IPauls Farmhouse Gold Full Cream Milk | 1.5L",Pauls Farmhouse Gold Full Cream Milk | 1.5L,Pauls,"Dairy, Eggs & Fridge",Milk,Full cream milk,,$4.40,,,$2.93 per 1L,2750602,"Farmhouse Gold is perfect for those who love the traditional taste of real milk. Made with fresh wholesome milk from Australian farms, Farmhouse Gold Full Cream has a deliciously rich, extra creamy taste you will savour. Milk, the way it was meant to be. ",,,"Per 100g/ml
Per Serving
%DI
Energy
317 kJ
792 kJ
Protein
3.4g
8.5g
Total Fat
4.7g
11.8g
Saturated Fat
3.1g
7.7g
Carbohydrate
4.8g
12g
Sugars
4.8g
12g
Calcium
123mg
307mg
38%
Sodium
41mg
102mg
Energy (Cal)
76 Cal
189 Cal
* Percentage Daily Intakes are based on an average adult diet of 8700 kJ. Your daily intakes may be higher or lower depending on your energy needs.",,https://www.coles.com.au/product/pauls-farmhouse-gold-full-cream-milk-1.5l-2750602,,,2024-06-17T17:08:07.554593-04:00
"Ind54SColes_ADairy, Eggs & Fridge_SABeverages_IArkadia Spice Chai Tea | 240g",Arkadia Spice Chai Tea | 240g,Arkadia,"Dairy, Eggs & Fridge",Beverages,Coffee & tea,,$6.30,,,"$2.63 per 100g
Was $7.00 on Apr 2024",7490189,,,,,,https://www.coles.com.au/product/arkadia-spice-chai-tea-240g-7490189,,,2024-06-17T17:08:16.560532-04:00
"Ind54SColes_ADairy, Eggs & Fridge_SAMilk_IA2 Dairy Full Cream Milk | 2L",A2 Dairy Full Cream Milk | 2L,A2,"Dairy, Eggs & Fridge",Milk,Full cream milk,,$6.90,,,$3.45 per 1L,9760091,"a2 Milk is no ordinary milk!

It is real milk that may be easier on digestion for some people*.

As the number 1 producer of A1 protein free milk in Australia, our purpose is to pioneer the future of dairy for good.


For more information on the a2 Milk difference visit www.a2milk.com.au

*a2 Milk comes from cows specially selected to naturally produce milk with only the A2-type beta-casein protein so may be easier on digestion than ordinary milk for some milk intolerant individuals when consumed as part of a healthy, varied diet.
All natural with no additives, this delicious and creamy fresh milk with less than 4g of fat per 100mL

Easier on digestion for some**a2 Milk comes from cows specially selected to naturally produce milk with only the A2-type beta-casein protein so may be easier on digestion than regular milk for some milk intolerant individuals when consumed as part of a healthy, varied diet.

Naturally all A2-type beta-casein protein type, and no A1Some people may be sensitive to a protein called A1 beta-casein commonly found in milk.

The perfect milk for all occasions! Use a2 Milk in tea and coffee, baking, cooking, with cereal, with cookies, or simply enjoy on its own.

a2 Milk has been proudly partnering with Landcare Australia since 2017 to support our farmers with initiatives to protect, enhance and restore the natural environment

Good source of calcium.

Contains Protein.",,,"Per 100g/ml
Per Serving
%DI
Energy
275kJ
688kJ
0
Protein
3.3g
8.3g
0
Total Fat
3.5g
8.8g
0
Saturated Fat
2.4g
6.0g
0
Carbohydrate
5.0g
12.5g
0
Sugars
4.7g
11.8g
0
Calcium
109mg
273mg
34.0%
Sodium
33mg
83mg
0
Monounsaturated
0
0
0
Energy (Cal)
65 Cal
163 Cal
0
Dietary Fibre (total)
0
0
0
Polyunsaturated
0
0
0
Potassium
147mg
368mg
0
Trans
0
0
0
* Percentage Daily Intakes are based on an average adult diet of 8700 kJ. Your daily intakes may be higher or lower depending on your energy needs.",Milk,https://www.coles.com.au/product/a2-dairy-full-cream-milk-2l-9760091,,,2024-06-17T17:08:27.888439-04:00
"Ind54SColes_ADairy, Eggs & Fridge_SAMilk_IColes Lactose Free Lite Milk | 1L",Coles Lactose Free Lite Milk | 1L,Coles,"Dairy, Eggs & Fridge",Milk,Specialty milk,,$3.10,,,$3.10 per 1L,3187597,Our Lactose Free Lite Milk has all the goodness of fresh cow's milk but without the Lactose,,,"Per 100g/ml
Per Serving
%DI
Energy
189
472
5
Protein
3.2
8.0
16
Total Fat
1.2
3.0
4
Saturated Fat
0.90
2.25
Carbohydrate
5.3
13.3
4
Sugars
5.00
12.50
Calcium
116
290
lactose
NOT DETECTED
NOT DETECTED
Lactose
NOT DETECTED
NOT DETECTED
Sodium
36
90
4
Energy (Cal)
45
113
Dietary Fibre (total)
0.00
0.00
Galactose
2.5
6.3
* Percentage Daily Intakes are based on an average adult diet of 8700 kJ. Your daily intakes may be higher or lower depending on your energy needs.",,https://www.coles.com.au/product/coles-lactose-free-lite-milk-1l-3187597,,,2024-06-17T17:08:38.792479-04:00
"Ind54SColes_ADairy, Eggs & Fridge_SAMilk_IRokeby Farms Fitmilk Lactose Free | 1L",Rokeby Farms Fitmilk Lactose Free | 1L,Rokeby Farms,"Dairy, Eggs & Fridge",Milk,Specialty milk,,$3.20,,,$3.20 per 1L,5610155,"FitMilk is the perfect nutritional balance of 100% fresh Aussie milk that is lactose free, with 50% more protein and 50% less sugar. Giving you more of what you need, and less of what you don't.",,,"Per 100g/ml
Per Serving
%DI
Energy
269kJ
672kJ
Protein
5g
12.5g
Total Fat
3.8g
9.5g
Saturated Fat
2.5g
6.3g
Carbohydrate
2.5g
6.3g
Sugars
2.3g
5.8g
Calcium
140mg
350mg
Sodium
30mg
75mg
Magnesium
10mg
25mg
Potassium
120mg
300mg
* Percentage Daily Intakes are based on an average adult diet of 8700 kJ. Your daily intakes may be higher or lower depending on your energy needs.",,https://www.coles.com.au/product/rokeby-farms-fitmilk-lactose-free-1l-5610155,,,2024-06-17T17:08:49.822733-04:00
"Ind54SColes_ADairy, Eggs & Fridge_SAMilk_IColes Dairy Full Cream Milk | 1L",Coles Dairy Full Cream Milk | 1L,Coles,"Dairy, Eggs & Fridge",Milk,Full cream milk,,$1.60,,,$1.60 per 1L,9052681,"Coles Australian dairy fresh full cream milk 1L. Better Together with Australian Farmers The hard work and dedicated spirit of dairy farmers is embedded in the fabric of our country. That's why Coles is proud to directly partner with dairy farmers in New South Wales offering longer term agreements and helping farmers better plan for their future. We know each and every farmer we source our milk from and that's what makes us better together. The fresh, creamy goodness of milk is a source of protein and is rich in calcium for healthy teeth and bones. Enjoy the nourishment of Coles milk every day",,,"Per 100g/ml
Per Serving
%DI
Energy
260
650
7
Protein
3.4
8.5
17
Total Fat
3.3
8.3
12
Saturated Fat
2.4
6.0
25
Carbohydrate
4.7
11.8
4
Sugars
4.7
11.8
13
Calcium
125
313
Sodium
38
95
4
Energy (Cal)
62
155
Dietary Fibre (total)
0.00
0.00
* Percentage Daily Intakes are based on an average adult diet of 8700 kJ. Your daily intakes may be higher or lower depending on your energy needs.",,https://www.coles.com.au/product/coles-dairy-full-cream-milk-1l-9052681,,,2024-06-17T17:09:01.846057-04:00
"Ind54SColes_ADairy, Eggs & Fridge_SAMilk_IDairy Farmers Buttermilk | 600mL",Dairy Farmers Buttermilk | 600mL,Dairy Farmers,"Dairy, Eggs & Fridge",Milk,Specialty milk,,$3.05,,,$5.08 per 1L,252739,"Take your cooking to the next level with Dairy Farmers Buttermilk. When buttermilk is combined with either self-raising flour or baking soda it creates aeration resulting in great tasting, light and fluffy baking!

Proudly Australian owned, made and loved.

Each serve of Dairy Farmers buttermilk is a good source of calcium.

With 4.5 health stars, Dairy Farmers Buttermilk is ideal for cooking. Consume as part of a balanced diet. ",,,"Per 100g/ml
Per Serving
%DI
Energy
215kJ
538kJ
6.0%
Protein
3.6g
9.0g
18.0%
Total Fat
1.8g
4.5g
6.0%
Saturated Fat
1.2g
3.0g
13.0%
Carbohydrate
5.1g
12.8g
4.0%
Sugars
5.1g
12.8g
14.000000000000002%
Calcium
128mg
320mg
Sodium
46mg
115mg
5.0%
Energy (Cal)
96Cal
128Cal
* Percentage Daily Intakes are based on an average adult diet of 8700 kJ. Your daily intakes may be higher or lower depending on your energy needs.",,https://www.coles.com.au/product/dairy-farmers-buttermilk-600ml-252739,,,2024-06-17T17:09:13.465026-04:00
"Ind54SColes_ADairy, Eggs & Fridge_SAMilk_IA2 Lactose Free Full Cream Milk | 2L",A2 Lactose Free Full Cream Milk | 2L,A2,"Dairy, Eggs & Fridge",Milk,Specialty milk,,$6.90,,$7.30,$3.45 per 1L,5458210,"This full cream milk comes from 100% Australian cows and is a great lactose free option. As the number 1 producer of A1 protein free milk in Australia, our purpose is to pioneer the future of dairy for good.

For more information on the a2 Milk difference visit www.a2milk.com.au
This delicious and creamy fresh milk contains just 3.5g of fat per 100mL

Lactose Free Milk is easy to digest for people with intolerance or sensitivity to lactose**a2 Milk Lactose Freemay be easy to digestcompared to ordinarymilk for some peoplewho are sensitive tolactose, when consumedas part of a healthy,varied diet.

Naturally all A2-type beta-casein protein type, and no A1Some people may be sensitive to a protein called A1 beta-casein commonly found in milk.

The perfect milk for all occasions! Use a2 Milk in tea and coffee, baking, cooking, with cereal, with cookies, or simply enjoy on its own.

a2 Milk has been proudly partnering with Landcare Australia since 2017 to support our farmers with initiatives to protect, enhance and restore the natural environment

Good source of calcium.

The only naturally A1 protein free milk that is also lactose free!.",,,"Per 100g/ml
Per Serving
%DI
Energy
267kJ
671kJ
0
Protein
3.3g
8.3g
0
Total Fat
3.5g
8.8g
0
Saturated Fat
2.4g
6.0g
0
Carbohydrate
4.8g
12.0g
0
Sugars
4.8g
12.0g
0
Calcium
109mg
273mg
34.00%
Lactose
Not Detected
Not Detected
0
Sodium
40mg
100mg
0
Monounsaturated
0
0
0
Energy (Cal)
64 Cal
160 Cal
0
Dietary Fibre (total)
0.0g
0.0g
0
Polyunsaturated
0
0
0
Galactose
2.4g
6.0g
0
Potassium
147mg
368mg
0
Trans
0
0
0
* Percentage Daily Intakes are based on an average adult diet of 8700 kJ. Your daily intakes may be higher or lower depending on your energy needs.",,https://www.coles.com.au/product/a2-lactose-free-full-cream-milk-2l-5458210,,,2024-06-17T17:09:24.823352-04:00
"Ind54SColes_ADairy, Eggs & Fridge_SAMilk_IDare Lactose Free Double Expresso Flav Milk | 500mL",Dare Lactose Free Double Expresso Flav Milk | 500mL,Dare,"Dairy, Eggs & Fridge",Milk,Milk flavoured,,$3.30,,$4.15,$6.60 per 1L,6264843,"Made with real Arabica & Robusta coffee and fresh lactose free milk, Dare Iced Coffee Double Espresso  offers an easy to digest coffee kick without the cafe queue!
Proudly Australian owned, made and loved, it's Australia's market leading Iced Coffee.

Dare Iced Coffee proudly works with Rainforest Alliance to only use coffee beans that have been grown and harvested in a sustainable way from certified farms and forests.

When you choose dare, you can be confident that you are helping to improve farmers' livelihoods and protect our natural resources.",,,"Per 100g/ml
Per Serving
%DI
Energy
335kJ
1680kJ
19.00%
Protein
3.4g
17.0g
34.00%
Total Fat
3.5g
17.5g
25.00%
Saturated Fat
2.2g
11.0g
46.00%
Carbohydrate
8.7g
43.5g
14.00%
Sugars
7.9g
39.5g
44.00%
Calcium
117mg
585mg
Lactose
Not Detected
Not Detected
>1
Sodium
41mg
205mg
9.00%
Monounsaturated
>1
>1
>1
Energy (Cal)
80Cal
400Cal
>1
Dietary Fibre (total)
0.0g
0.0g
0.00%
Polyunsaturated
>1
>1
>1
Galactose
2.3g
11.5g
>1
Trans
>1
>1
>1
Caffeine
32mg
160mg
>1
* Percentage Daily Intakes are based on an average adult diet of 8700 kJ. Your daily intakes may be higher or lower depending on your energy needs.",,https://www.coles.com.au/product/dare-lactose-free-double-expresso-flav-milk-500ml-6264843,,,2024-06-17T17:09:35.876217-04:00
"Ind54SColes_ADairy, Eggs & Fridge_SAMilk_IBoss Iced Long Black Coffee | 237mL",Boss Iced Long Black Coffee | 237mL,Boss,"Dairy, Eggs & Fridge",Milk,Milk flavoured,,$3.50,,$4.00,$14.77 per 1L,3762710,"We have finally brought Suntory BOSS Coffee to Australia and New Zealand, and with it, our uniquely Japanese brewing process, Flash Brew. These products may be somewhat new to Australia and New Zealand, but originate from a storied 25-year-long-long legacy of masterful expertise.",,,"Per 100g/ml
Per Serving
%DI
Energy
8.4kJ
19.8kJ
0.2%
Protein
<1g
<1g
0%
Total Fat
0g
0g
0%
Saturated Fat
0g
0g
0%
Carbohydrate
<1g
1.4g
0%
Sugars
0g
0g
0%
Sodium
18mg
43mg
2%
Energy (Cal)
2kcal
4.7kcal
* Percentage Daily Intakes are based on an average adult diet of 8700 kJ. Your daily intakes may be higher or lower depending on your energy needs.",,https://www.coles.com.au/product/boss-iced-long-black-coffee-237ml-3762710,,,2024-06-17T17:09:46.996670-04:00
"Ind54SColes_ADairy, Eggs & Fridge_SAMilk_IPauls Skinny Low Fat Free | 2L",Pauls Skinny Low Fat Free | 2L,Pauls,"Dairy, Eggs & Fridge",Milk,Skim & low fat milk,,$5.40,,,$2.70 per 1L,5260188,"At Pauls, we love dairy. We're pretty passionate about making great tasting products packed with real dairy goodness. We put that devotion into every Pauls milk, cream, custard and yoghurt we make.
Pauls Skinny Milk is a natural source of protein, vitamins and minerals essential for good health.

As part of a healthy diet, Pauls Skinny Milk reduces your body's cholesterol level and it tastses great!
(Reduces blood cholesterol levels as part of a healthy diet that is low in saturated fats).
Reduces cholesterol

High calcium

Good Source of protein

Good Source of Riboflavin (B2)

Made from Australian Milk",,,"Per 100g/ml
Per Serving
%DI
Energy
175kJ
438kJ
Protein
4.1g
10.3g
Total Fat
0.1g
0.3g
Saturated Fat
0.1g
0.3g
Carbohydrate
6.0g
15.0g
Sugars
6.0g
15.0g
Vitamin B2
0.2 mg
0.5 mg
29% RDI
Calcium
148 mg
370 mg
46% RDI*
Iron
0
0
Vitamin A
0
0
Coenzyme Q10
0
0
Vitamin E
0
0
Vitamin C
0
0
Dietary Fibre (total)
0.0g
0.0g
Omega - 6
0
0
Magnesium
0
0
Selenium
0
0
Copper
0
0
Trans
0.0g
0.0g
Iodine
0
0
Bioflavoids
0
Folic Acid
0
0
Biotin
0
0
Molybdenum
0
0.0.
Zinc
0
0
Sodium
46mg
115mg
Choline
0
0
Monounsaturated
0.0g
0.0g
Chromium
0
0
Polyunsaturated
0.0g
0.0g
Potassium
0
0
Manganese
0
0
* Percentage Daily Intakes are based on an average adult diet of 8700 kJ. Your daily intakes may be higher or lower depending on your energy needs.",,https://www.coles.com.au/product/pauls-skinny-low-fat-free-2l-5260188,,,2024-06-17T17:09:58.159719-04:00
"Ind54SColes_ADairy, Eggs & Fridge_SA_IColes Lite Reduced Fat Milk | 2L",Coles Lite Reduced Fat Milk | 2L,Coles,"Dairy, Eggs & Fridge",,,,$3.10,,,$1.55 per 1L,8379529,"Coles Australian Dairy Lite Reduced Fat Milk 2L. Better Together with Australian Farmers The hard work and dedicated spirit of dairy farmers is embedded in the fabric of our country. That's why Coles is proud to directly partner with dairy farmers in New South Wales offering longer term agreements and helping farmers better plan for their future. We know each and every farmer we source our milk from and that's what makes us better together. The fresh, creamy goodness of milk is a source of protein and is rich in calcium for healthy teeth and bones. Enjoy the nourishment of Coles milk every day",,,"Per 100g/ml
Per Serving
%DI
Energy
188
469
5
Saturated Fat
LESS THAN 1g
2.3
10
Sodium
36.80
92.00
Dietary Fibre (total)
0.00
0.00
* Percentage Daily Intakes are based on an average adult diet of 8700 kJ. Your daily intakes may be higher or lower depending on your energy needs.",,https://www.coles.com.au/product/coles-lite-reduced-fat-milk-2l-8379529,,,2024-06-17T17:10:10.028640-04:00
"Ind54SColes_ADairy, Eggs & Fridge_SAMilk_IRokeby Farms Protein Smoothie Double Espresso | 425mL",Rokeby Farms Protein Smoothie Double Espresso | 425mL,Rokeby Farms,"Dairy, Eggs & Fridge",Milk,Milk flavoured,,$4.65,,,$10.94 per 1L,6258498,,,,,,https://www.coles.com.au/product/rokeby-farms-protein-smoothie-double-espresso-425ml-6258498,,,2024-06-17T17:10:18.839706-04:00
"Ind54SColes_ADairy, Eggs & Fridge_SAMilk_ITable Of Plenty Kefir Natural Yoghurt | 1Kg",Table Of Plenty Kefir Natural Yoghurt | 1Kg,Table Of Plenty,"Dairy, Eggs & Fridge",Milk,Probiotic milk,,$8.90,,,$0.89 per 100g,2917923,"Table of Plenty Probiotic Kefir Natural Yoghurt is a slow-fermented pourable kefir yoghurt. With 10 culture strains and over 90 billion+ live cultures in every serve, it's a delicious way to create a healthier, happier gut.
Pleasantly tart with a hint of natural fizz, our live Natural Probiotic Kefir is made with fresh milk from grass-fed Gippsland cow's milk with no milk powders, just as nature intended.
Being traditionally slow fermented means all the good bits stay inside the bottle. Because our live Probiotic kefir is made with fresh milk and is slow-fermented, it can get a little lumpy (just like life)! Simply give it a good shake to make it deliciously creamy again!
Enjoy as a great alternative to milk and yogurt and is perfectly paired with all your favourite breakfasts. You can use kefir on its own as a nutritious drink, add it to smoothies, dollop onto your favourite muesli or use it in recipes such as pancakesÂ¦ the options are endless.
90+ billion live friendly bacterial
10 culture strains
Fresh Milk Kefir
Slow fermented
No added sugar",,,,"Fresh Milk, Live Cultures, Live Probiotic Cultures",https://www.coles.com.au/product/table-of-plenty-kefir-natural-yoghurt-1kg-2917923,,,2024-06-17T17:10:27.927662-04:00
"Ind54SColes_ADairy, Eggs & Fridge_SAMilk_IThe Complete Dairy High Protein Full Cream Milk | 1L",The Complete Dairy High Protein Full Cream Milk | 1L,The Complete Dairy,"Dairy, Eggs & Fridge",Milk,Full cream milk,,$3.60,,,$3.60 per 1L,2589981,"Our cold filtration process naturally increases whole protein and reduces lactose to create a nutritious and delicious milk. Complete Dairy does not contain any powders so you can enjoy the taste and goodness of real milk. 

Loaded with 15g of natural protein in every 250 mL cup, Complete Dairy helps keep you feeling fuller for longer* and is great for muscle recovery and bone health as part of a balanced diet. Complete Dairy is a natural fit to help you reach your health and fitness goals. 

4.5 Health Star Rating. 

Complete Diary Milk is proudly Australian owned, made and loved.

^Contains 70% more protein and 25% less lactose vs regular full cream milk with 3.4% protein and 4.4% lactose.

*Compared to low protein foods
High Protein

70% higher in protein

25% lower in Lactose

Healthy Milk

Fresh milk

Full Cream milk.",,,"Per 100g/ml
Per Serving
%DI
Energy
284kJ
710kJ
8.0%
Protein
6.0g
15.0g
30.0%
Total Fat
3.4g
8.5g
12.0%
Saturated Fat
2.4g
6.0g
25.0%
Carbohydrate
3.3g
8.3g
3.0%
Sugars
3.3g
8.3g
9.0%
Vitamin B2
172mg
0.43mg
Calcium
172mg
430mg
Vitamin B12
0.80ug
2.00ug
Lactose
3.3g
8.3g
Sodium
27mg
68mg
3.0%
Energy (Cal)
68Cal
170Cal
Dietary Fibre (total)
0g
0g
Magnesium
13mg
33mg
Galactose
0g
0g
Potassium
113mg
283mg
Vitamin B5
0.20mg
0.50mg
Iodine
24ug
60ug
* Percentage Daily Intakes are based on an average adult diet of 8700 kJ. Your daily intakes may be higher or lower depending on your energy needs.",,https://www.coles.com.au/product/the-complete-dairy-high-protein-full-cream-milk-1l-2589981,,,2024-06-17T17:10:39.599863-04:00
"Ind54SColes_ADairy, Eggs & Fridge_SAMilk_IBig M Coffee Flavoured Milk | 600mL",Big M Coffee Flavoured Milk | 600mL,Big M,"Dairy, Eggs & Fridge",Milk,Milk flavoured,,$3.30,,$3.70,$5.50 per 1L,3034268,"Big day?

With protein, energy & electrolytes fuel up with Big M!

Pasteurised Reduced Fat Iced Coffee Flavoured Milk (25% less fat vs regular fat flavoured milk with 3.4% fat).

No artificial colours, flavours or sweeteners.

No preservatives.
Pasteurised reduced fat (47% less fat vs. regular fat flavoured milk with 3.4% fat.).

No preservatives.",,,,,https://www.coles.com.au/product/big-m-coffee-flavoured-milk-600ml-3034268,,,2024-06-17T17:10:49.030810-04:00
"Ind54SColes_ADairy, Eggs & Fridge_SAMilk_IYakult Gluten Free Fermented Milk Drink 10 pack | 65mL",Yakult Gluten Free Fermented Milk Drink 10 pack | 65mL,Yakult,"Dairy, Eggs & Fridge",Milk,Probiotic milk,,$7.70,,,$11.85 per 1L,8133824,"Yakult is a refreshing fermented milk drink containing 6.5 billion of its unique probiotic, the Lactobacillus casei Shirota strain, proven to survive strong stomach acids to reach your intestines alive.
- no artificial colours
- low fat
- no preservatives
- gluten free
- Made fresh in Australia daily
- low lactose
For everybody, every day.",,,"Per 100g/ml
Per Serving
%DI
Energy
323kJ
210kJ
Protein
1.3g
0.8g
Total Fat
<0.1g
<0.1g
Saturated Fat
<0.1g
<0.1g
Carbohydrate
17.7g
11.5g
Sugars
17.2g
11.2g
Sodium
15.5mg
10.1mg
* Percentage Daily Intakes are based on an average adult diet of 8700 kJ. Your daily intakes may be higher or lower depending on your energy needs.",,https://www.coles.com.au/product/yakult-gluten-free-fermented-milk-drink-10-pack-65ml-8133824,,,2024-06-17T17:11:01.205961-04:00
"Ind54SColes_ADairy, Eggs & Fridge_SA_IRokeby Farms Probiotic Blueberry | 750g",Rokeby Farms Probiotic Blueberry | 750g,Rokeby Farms,"Dairy, Eggs & Fridge",,,,$4.00,,$5.00,$0.53 per 100g,7161449,,,,"Per 100g/ml
Per Serving
%DI
Energy
314kJ
785kJ
Protein
3.2g
8g
Total Fat
3.4g
8.5g
Saturated Fat
2.3g
5.7g
Carbohydrate
7.5g
18.8g
Sugars
5.9g
14.7g
Calcium
115mg
288mg
Sodium
32mg
80mg
* Percentage Daily Intakes are based on an average adult diet of 8700 kJ. Your daily intakes may be higher or lower depending on your energy needs.",,https://www.coles.com.au/product/rokeby-farms-probiotic-blueberry-750g-7161449,,,2024-06-17T17:11:13.291779-04:00
"Ind54SColes_ADairy, Eggs & Fridge_SA_IIce Break Iced Coffee Lactose Free | 500mL",Ice Break Iced Coffee Lactose Free | 500mL,Ice Break,"Dairy, Eggs & Fridge",,,,$4.10,,,$8.20 per 1L,5605213,"Grab your real coffee recharge with Ice Break, now without the lactose so it's easy to digest. Made with 2 shots of real coffee, fresh Zymil Lactose Free milk and no added flavours, Ice Break Lactose Free delivers a real caffeine kick so you''re ready for whatever the day throws at you.
Real Coffee

Lactose Free

Real Coffee Recharge

Aussie Milk

Australian Made",,,"Per 100g/ml
Per Serving
%DI
Energy
281kJ
1405kJ
Protein
3.5g
17.5g
Total Fat
1.6g
8.0g
Saturated Fat
1.0g
5.0g
Carbohydrate
9.6g
48.0g
Sugars
9.1g
45.5g
Calcium
119 mg
595 mg
Sodium
51mg
255mg
Dietary Fibre (total)
0.0
0.0
Caffeine
28 mg
140 mg
* Percentage Daily Intakes are based on an average adult diet of 8700 kJ. Your daily intakes may be higher or lower depending on your energy needs.",,https://www.coles.com.au/product/ice-break-iced-coffee-lactose-free-500ml-5605213,,,2024-06-17T17:11:24.592509-04:00
"Ind54SColes_ADairy, Eggs & Fridge_SAMilk_IBoss Double Espresso Coffee | 237mL",Boss Double Espresso Coffee | 237mL,Boss,"Dairy, Eggs & Fridge",Milk,Milk flavoured,,$3.50,,$4.00,$14.77 per 1L,4476727,"Suntory BOSS Coffee Iced Double Espresso with a dash of milk. A Brazilian blend coffee. Brewed hot or chilled fast. No. 1 canned coffee in Japan (intage, 2020).",,,"Per 100g/ml
Per Serving
%DI
Energy
155kJ
367kJ
4%
Protein
<1g
1.9g
4%
Total Fat
<1g
1.4g
2%
Saturated Fat
<1g
<1g
3%
Carbohydrate
7.1g
16.8g
5%
Sugars
6.2g
14.6g
16%
Sodium
50mg
120mg
5%
Energy (Cal)
37.0kcal
87.7kcal
* Percentage Daily Intakes are based on an average adult diet of 8700 kJ. Your daily intakes may be higher or lower depending on your energy needs.",,https://www.coles.com.au/product/boss-double-espresso-coffee-237ml-4476727,,,2024-06-17T17:11:36.830448-04:00
"Ind54SColes_ADairy, Eggs & Fridge_SAMilk_IDevondale Full Cream Milk | 2L",Devondale Full Cream Milk | 2L,Devondale,"Dairy, Eggs & Fridge",Milk,Full cream milk,,$4.40,,,$2.20 per 1L,1913790,"Devondale rich and creamy, fresh full cream milk. A natural source of essential nutrients, including prosperous, magnesium, potassium and vitamin B12 making it a great source of nutrition.- Delicious and creamy full cream milk- High in Calcium- Source of Protein- No preservatives- Homogenised and Pasteurised Milk",,,"Per 100g/ml
Per Serving
%DI
Energy
266kJ
650kJ
Protein
3.4g
8.8g
Total Fat
3.3g
8.3g
Saturated Fat
2.3g
5.8g
Carbohydrate
4.6g
11.5g
Sugars
4.6g
11.5g
Calcium
123mg
308mg
38%
Sodium
36mg
90mg
* Percentage Daily Intakes are based on an average adult diet of 8700 kJ. Your daily intakes may be higher or lower depending on your energy needs.",,https://www.coles.com.au/product/devondale-full-cream-milk-2l-1913790,,,2024-06-17T17:11:49.076507-04:00
"Ind54SColes_ADairy, Eggs & Fridge_SAMilk_IDairy Farmers Heart Active Milk | 1L",Dairy Farmers Heart Active Milk | 1L,Dairy Farmers,"Dairy, Eggs & Fridge",Milk,Specialty milk,,$3.90,,,$3.90 per 1L,7258880,"Proudly Australian owned, made & loved.

HeartActive milk tastes delicious, making it the simple and easy way to help manage your cholesterol. Good news for your body, great news for your tastebuds.

Enjoy HeartActive milk on your cereal, in tea and coffee, in a delicious fruit smoothie or in cooking. 

5 health star rating. 

Proud supporters of our Australian dairy farming communities for over 120 years, choose high quality, nutritious and delicious milk from Dairy Farmers.

Studies show that consuming milk with plant sterols every day, like HeartActive, can reduce LDL cholesterol after a minimum of three weeks. The highest study reported an average reduction of greater than 10%, and the overall reduction across these studies was 8.53%. Results may vary depending on personal circumstances. For best results, enjoy 2g of plant sterols (2-3 serves of HeartActive milk), as part of a healthy diet, low in saturated fat. More than 3 serves a day provides no additional health benefits. For children under the age of five, pregnant or lactating women and people taking cholesterol-lowering medication, doctor's advice should be sought before using HeartActive, due to their special dietary needs.
Australian milk

Fresh milk

From Australian farmers

Healthy Milk, Rich in calcium, Low fat

Natural source of protein

High quality, nutritious and delicious milk.

Plant sterols.

Reduces cholesterol.",,,"Per 100g/ml
Per Serving
%DI
Energy
174kJ
435kJ
5.0%
Protein
3.3g
8.3g
17.0%
Total Fat
1.0g
2.5g
4.0%
Saturated Fat
0.5g
1.2g
5.0%
Carbohydrate
4.8g
12.0g
4.0%
Sugars
4.8g
12.0g
13.0%
Calcium
123mg
308mg
Sodium
45mg
113mg
5.0%
Monounsaturated
0.2g
0.5g
Energy (Cal)
42Cal
104Cal
Polyunsaturated
0.2g
0.5g
Trans
<0.1g
<0.1g
* Percentage Daily Intakes are based on an average adult diet of 8700 kJ. Your daily intakes may be higher or lower depending on your energy needs.","Low Fat Milk, Plant Sterol Esters (Plant Sterols 0.32%) (contains Soy), Emulsifier (471).",https://www.coles.com.au/product/dairy-farmers-heart-active-milk-1l-7258880,,,2024-06-17T17:12:01.563835-04:00
"Ind54SColes_ADairy, Eggs & Fridge_SA_IYakult Fermented Probiotic Milk 5 pack | 65mL",Yakult Fermented Probiotic Milk 5 pack | 65mL,Yakult,"Dairy, Eggs & Fridge",,,,$4.00,,,$12.31 per 1L,5484243,"Yakult is a refreshing fermented milk drink containing 6.5 billion of its unique probiotic, the Live Shirota strain, proven to survive strong stomach acids to reach your intestines alive, for digestive balance and intestinal health.
- no artificial colours
- low fat
- no preservatives
- gluten free
- Made fresh in Australia daily
- low lactose
For everybody, every day.",,,"Per 100g/ml
Per Serving
%DI
Energy
323kJ
210kJ
Protein
1.3g
0.8g
Total Fat
<0.1g
<0.1g
Saturated Fat
<0.1g
<0.1g
Carbohydrate
17.7g
11.5g
Sugars
17.2g
11.2g
Sodium
15.5mg
10.1mg
* Percentage Daily Intakes are based on an average adult diet of 8700 kJ. Your daily intakes may be higher or lower depending on your energy needs.",,https://www.coles.com.au/product/yakult-fermented-probiotic-milk-5-pack-65ml-5484243,,,2024-06-17T17:12:13.769984-04:00
"Ind54SColes_ADairy, Eggs & Fridge_SAMilk_IIce Break Iced Coffee Strong Espresso + Protein | 500mL",Ice Break Iced Coffee Strong Espresso + Protein | 500mL,Ice Break,"Dairy, Eggs & Fridge",Milk,Milk flavoured,,$4.10,,,$8.20 per 1L,7850783,"Stronger for longer. Ice Break Strong Espresso combines 3 shots of roasted robusta coffee with Aussie milk, and contains 25 g protein per serve.
Iced Coffee

High protein

3 shots

Real coffee

Made from Aussie milk",,,"Per 100g/ml
Per Serving
%DI
Energy
318 kJ
1540 kJ
Protein
5.0 g
25.0 g
Total Fat
1.7 g
8.5 g
Saturated Fat
1.1 g
5.5 g
Carbohydrate
10.0 g
50.0 g
Sugars
9.2 g
46.0 g
Calcium
172 mg
860 mg
107%
Sodium
70 mg
350 mg
Caffeine
42 mg
210 mg
* Percentage Daily Intakes are based on an average adult diet of 8700 kJ. Your daily intakes may be higher or lower depending on your energy needs.",,https://www.coles.com.au/product/ice-break-iced-coffee-strong-espresso-+-protein-500ml-7850783,,,2024-06-17T17:12:26.669894-04:00
"Ind54SColes_ADairy, Eggs & Fridge_SAMilk_IOak Chocolate Flavoured Milk | 600mL",Oak Chocolate Flavoured Milk | 600mL,Oak,"Dairy, Eggs & Fridge",Milk,Milk flavoured,,$3.90,Pick any 2 for $5,,$6.50 per 1L,13079,"What's hungythirsty? It's a state of weak indecision where you're neither hungry nor thirsty but a bit of both. Kill two birds with one steel meteorite of OAK milk - it's full strength, full flavour, full on. With over 50 years' experience and a choice of rich, creamy and authentic flavours, OAK is always the answer.",,,"Per 100g/ml
Per Serving
%DI
Energy
376 kJ
1130 kJ
Protein
3.5 g
10.5 g
Total Fat
3.4 g
10.2 g
Saturated Fat
2.2 g
6.6 g
Carbohydrate
11.0 g
33.0 g
Sugars
10.6 g
31.8 g
Calcium
115 mg
345 mg
43%
Sodium
50 mg
150 mg
* Percentage Daily Intakes are based on an average adult diet of 8700 kJ. Your daily intakes may be higher or lower depending on your energy needs.",,https://www.coles.com.au/product/oak-chocolate-flavoured-milk-600ml-13079,,,2024-06-17T17:12:39.289738-04:00
"Ind54SColes_ADairy, Eggs & Fridge_SAMilk_IPauls Physical Hi Calcium Low Fat Milk Carton | 1L",Pauls Physical Hi Calcium Low Fat Milk Carton | 1L,Pauls,"Dairy, Eggs & Fridge",Milk,Skim & low fat milk,,$3.60,,,$3.60 per 1L,368584,"At Pauls, we love dairy. We're pretty passionate about making great tasting products packed with real dairy goodness. We put that devotion into every Pauls milk, cream, custard and yoghurt we make. 

Pauls PhysiCAL Milk has 40% more calcium* than regular milk, plus added Vitamin D to aid calcium absorption. Just 2 glasses of PhysiCAL provides 100% of your daily calcium requirements.",,,"Per 100g/ml
Per Serving
%DI
Energy
235kJ
588kJ
Protein
5.7g
14
Total Fat
1.4g
3.5g
Saturated Fat
0.9g
2.3g
Carbohydrate
5.1g
12.8g
Sugars
5.1g
12.8g
Sodium
37mg
93mg
Energy (Cal)
56Cal
141Cal
* Percentage Daily Intakes are based on an average adult diet of 8700 kJ. Your daily intakes may be higher or lower depending on your energy needs.",,https://www.coles.com.au/product/pauls-physical-hi-calcium-low-fat-milk-carton-1l-368584,,,2024-06-17T17:12:50.374858-04:00
"Ind54SColes_ADairy, Eggs & Fridge_SADairy, chilled & frozen_IChobani Oat Milk Chocolate | 1L",Chobani Oat Milk Chocolate | 1L,Chobani,"Dairy, Eggs & Fridge","Dairy, chilled & frozen",Milk & eggs,,$4.00,,,"$4.00 per 1L
Was $5.00 on Apr 2024",5638610,"Delicious chocolately taste made from real cocoa. 
Mix in a blender for an instant milkshake.
Heat up for your very own dairy free hot chocolate.
Good source of calcium.",,,"Per 100g/ml
Per Serving
%DI
Energy
264kJ
661kJ
Protein
0.8g
2.0g
Total Fat
2.5g
6.3g
Saturated Fat
0.3g
0.8g
Carbohydrate
9.3g
23.3g
Sugars
7.0g
17.5g
Calcium
120mg
300mg (38% RDI*)
Sodium
52mg
130mg
Energy (Cal)
63Cal
158Cal
Dietary Fibre (total)
<0.5g
<0.5g
* Percentage Daily Intakes are based on an average adult diet of 8700 kJ. Your daily intakes may be higher or lower depending on your energy needs.",,https://www.coles.com.au/product/chobani-oat-milk-chocolate-1l-5638610,,,2024-06-17T17:13:01.770397-04:00
"Ind54SColes_ADairy, Eggs & Fridge_SAHealth Foods Sports Nutrition & Diet_IAmazonia Isolate Chocolate Coconut Raw Protein Powder | 390g",Amazonia Isolate Chocolate Coconut Raw Protein Powder | 390g,Amazonia,"Dairy, Eggs & Fridge",Health Foods Sports Nutrition & Diet,Nutrition Powders,,$28.80,,$36.00,$7.38 per 100g,4304368,"Amazonia Raw Protein Isolate is a market leader Certified Organic, vegan protein offering a complete amino acid profile. This gentle formula has been designed for easy digestion and is enhanced with plant-based digestive enzyme, Bromelain, for premium bioavailability. With over 80% organic sprouted and fermented protein, Raw Protein Isolate has been specifically formulated with a blend of golden pea and brown rice to provide a complete amino acid profile. Increase your daily protein intake and support muscle repair and tissue repair with this delicious formula.",,,"Per 100g/ml
Per Serving
%DI
Energy
1630kJ
490kJ
Protein
390g
20.9g
Total Fat
69.7g
2.5g
Saturated Fat
8.3g
0.7g
Carbohydrate
8.9g
2.7g
Sugars
2.9g
0.9g
Sodium
980mg
294mg
Iron
39.7mg
11.9mg
99%
Zinc
5mg
1.5mg
12%
* Percentage Daily Intakes are based on an average adult diet of 8700 kJ. Your daily intakes may be higher or lower depending on your energy needs.",,https://www.coles.com.au/product/amazonia-isolate-chocolate-coconut-raw-protein-powder-390g-4304368,,,2024-06-17T17:13:12.450037-04:00
"Ind54SColes_ADairy, Eggs & Fridge_SAMilk_IOak Plus No Added Sugar Chocolate Flavoured Milk + Protein | 500mL",Oak Plus No Added Sugar Chocolate Flavoured Milk + Protein | 500mL,Oak,"Dairy, Eggs & Fridge",Milk,Milk flavoured,,$4.00,,,$8.00 per 1L,3900642,"You're sweating hungrythirsty from the eyeballs. Time for an OAK Plus. It's a full strength full on protein punch to the jugular of hungrythirsty that'll wake your spaghetti legs from their siesta. No sugar added? It's proof that even with one fist tied behind its back, OAK still kills hungrythirsty dead.
30g dairy protein

No sugar added

Muscle recovery",,,"Per 100g/ml
Per Serving
%DI
Energy
259kJ
1295kJ
Protein
6.0g
30.0g
Total Fat
1.4g
7.0g
Saturated Fat
0.9g
4.5g
Carbohydrate
5.6g
28.0g
Sugars
5.3g
26.5g
Calcium
185mg
925mg
116% RDI*
Sodium
78mg
390mg
Dietary Fibre (total)
0.9g
4.5g
* Percentage Daily Intakes are based on an average adult diet of 8700 kJ. Your daily intakes may be higher or lower depending on your energy needs.","Skim Milk, Milk, Milk Solids, Polydextrose, Cocoa Powder (1%), Flavours, Salt, Colours (155, 133), Stabiliser (407), Sweeteners (950, 955).",https://www.coles.com.au/product/oak-plus-no-added-sugar-chocolate-flavoured-milk-+-protein-500ml-3900642,,,2024-06-17T17:13:24.842579-04:00
"Ind54SColes_ADairy, Eggs & Fridge_SAMilk_IPura Full Cream Milk | 2L",Pura Full Cream Milk | 2L,Pura,"Dairy, Eggs & Fridge",Milk,Full cream milk,,$4.30,,,$2.15 per 1L,5477930,"Rich, creamy and nutritious, PURA Full Cream Milk naturally provides 8 essential nutrients to support a healthy mind and body: 

Protein - for muscle growth and repair 
Calcium and phosphorous - for strong bones and teeth 
Iodine and vitamin B5 - for healthy brain and cognitive function 
Potassium - for muscle function and hydration 
Vitamin B2 and B12 - for energy maintenance and immune support 

Consume as part of a varied diet.

4 health star rating. 

Proudly Australian owned and supporting local Australian dairy farming communities, choose high quality, nutritious and delicious milk from PURA.
Australian milk

Fresh milk

From Australian farmers

Rich in calcium

Natural source of protein

High quality.

Nutritious and delicious milk.",,,"Per 100g/ml
Per Serving
%DI
Energy
256kJ
640kJ
7%
Protein
3.2g
8.0g
16%
Total Fat
3.4g
8.5g
12%
Saturated Fat
2.2g
5.5g
23%
Carbohydrate
4.5g
11.3g
4%
Sugars
4.5g
11.3g
13%
Vitamin B2
0.15mg
0.38mg
22% RDI*
Calcium
111mg
278mg
35% RDI*
Vitamin B12
0.32ug
0.80ug
40% RDI*
Sodium
43mg
108mg
5%
Energy (Cal)
61Cal
153Cal
Potassium
143mg
358mg
Vitamin B5
0.28mg
0.70mg
14% RDI*
Iodine
17ug
43ug
28% RDI*
* Percentage Daily Intakes are based on an average adult diet of 8700 kJ. Your daily intakes may be higher or lower depending on your energy needs.",,https://www.coles.com.au/product/pura-full-cream-milk-2l-5477930,,,2024-06-17T17:13:37.105301-04:00
"Ind54SColes_ADairy, Eggs & Fridge_SA_IPauls Smarter White Milk 2% Fat Full Cream Taste | 3L",Pauls Smarter White Milk 2% Fat Full Cream Taste | 3L,Pauls,"Dairy, Eggs & Fridge",,,,$6.95,,,$2.32 per 1L,9759886,"At Pauls, we love dairy. We're pretty passionate about making great tasting products packed with real dairy goodness. We put that devotion into every Pauls milk, cream, custard and yoghurt we make. Pauls Smarter White has all the benefits of a reduced fat milk without having to compromise on taste. With the rich, creamy taste of full cream milk, Pauls Smarter White contains only 2% fat.
Full cream taste

Only 2% fat",,,"Per 100g/ml
Per Serving
%DI
Energy
236kJ
590kJ
Protein
3.8g
9.5g
Total Fat
2.0g
5.0g
Saturated Fat
1.3g
3.3g
Carbohydrate
5.9g
14.8g
Sugars
5.9g
14.8g
Sodium
44mg
110mg
* Percentage Daily Intakes are based on an average adult diet of 8700 kJ. Your daily intakes may be higher or lower depending on your energy needs.","Reduced fat milk (2.0% fat), Milk Solids.",https://www.coles.com.au/product/pauls-smarter-white-milk-2percent-fat-full-cream-taste-3l-9759886,,,2024-06-17T17:13:48.526865-04:00
"Ind54SColes_ADairy, Eggs & Fridge_SA_IBig M Chocolate Flavoured Milk | 300mL",Big M Chocolate Flavoured Milk | 300mL,Big M,"Dairy, Eggs & Fridge",,,,$1.90,,$2.50,$6.33 per 1L,3034406,,,,,,https://www.coles.com.au/product/big-m-chocolate-flavoured-milk-300ml-3034406,,,2024-06-17T17:13:58.680906-04:00
"Ind54SColes_ADairy, Eggs & Fridge_SAMilk_IPauls Farmhouse Gold Cream On Top Milk | 1.5L",Pauls Farmhouse Gold Cream On Top Milk | 1.5L,Pauls,"Dairy, Eggs & Fridge",Milk,Specialty milk,,$4.40,,,$2.93 per 1L,2917967,"Farmhouse Gold is traditional wholesome milk with a layer of cream on top. It's Perfect for those who love the rich, creamy taste of real milk. Made with fresh, premium milk from Australian farms, Farmhouse Gold has a delicious, velvety taste you will savour. Milk, the way it was meant to be be.
Extra Creamy Milk",,,"Per 100g/ml
Per Serving
%DI
Energy
317 kJ
792 kJ
Protein
3.4g
8.5g
Total Fat
4.7g
11.8g
Saturated Fat
3.1g
7.8g
Carbohydrate
4.8g
12g
Sugars
4.8
12g
Sodium
123 mg
102 mg
Energy (Cal)
76 Cal
189 Cal
* Percentage Daily Intakes are based on an average adult diet of 8700 kJ. Your daily intakes may be higher or lower depending on your energy needs.","Full cream milk, cream (from milk)",https://www.coles.com.au/product/pauls-farmhouse-gold-cream-on-top-milk-1.5l-2917967,,,2024-06-17T17:14:10.957232-04:00
"Ind54SColes_ADairy, Eggs & Fridge_SAMilk_IDare Mocha Flavoured Milk | 500mL",Dare Mocha Flavoured Milk | 500mL,Dare,"Dairy, Eggs & Fridge",Milk,Milk flavoured,,$3.30,,$4.15,$6.60 per 1L,3033957,"Forgot you drove to work and caught the train home?

...A Dare Fix'll Fix It!

Made with real Robusta & Arabica coffee, chocolate flavour and fresh milk. A mocha that can't be mocked!
Robusta & Arabica Coffee

Made with Fresh Milk

Australian Made

A Dare Fix'll fix it

Mocha chocolate flavour

A Dare Iced Coffee kick.",,,"Per 100g/ml
Per Serving
%DI
Energy
368kJ
1840kJ
21%
Protein
3.3g
16.5g
33%
Total Fat
3.5g
17.5g
25%
Saturated Fat
2.2g
11.0g
46%
Carbohydrate
10.7g
53.5g
17%
Sugars
10.2g
51.0g
56%
Calcium
113mg
565mg
71% RDI*
Sodium
44mg
220mg
10%
Caffeine
25mg
125mg
* Percentage Daily Intakes are based on an average adult diet of 8700 kJ. Your daily intakes may be higher or lower depending on your energy needs.","Fresh Milk, Sugar, Coffee Powder (0.57%) ( Robusta, Arabica), Cocoa Powder (0.27%), Flavours, Vegetable Gum (407).",https://www.coles.com.au/product/dare-mocha-flavoured-milk-500ml-3033957,,,2024-06-17T17:14:23.523481-04:00
"Ind54SColes_ADairy, Eggs & Fridge_SAMilk_IHunt & Brew Brazil Iced Coffee | 400mL",Hunt & Brew Brazil Iced Coffee | 400mL,Hunt&Brew,"Dairy, Eggs & Fridge",Milk,Milk flavoured,,$3.95,,$4.95,$9.88 per 1L,2918303,"Like a Brazilian harpy eagle that picks and swoops its prey, that's how we feel about choosing the right coffee bean - single minded in the pursuit of the perfect brew. We've hunted the globe and found the finest single origin coffee beans. Our travels have taken us to the Cerrado region of Brazil where the soil, climate and altitude produce a clean bean that has nutty and bright citrus notes, with a caramel finish. Locally roasted and ground to profile, Hunt and Brew coffee is slowly brewed and triple filtered for maximum flavour extraction. Finally, we cut the brew with fresh Australian full cream milk, and nothing more.

Where are our beans from?
The characteristics of Cerrado coffee beans are informed by the region's special terroir.
With rich soils and high altitudes, Cerrado produces a clean bean that translates into a well-balanced coffee in body and acidity.
The region's moderate continental climate adds to a robust growing season, which is reflected in our Hunt and Brew Brazil blend.",,,"Per 100g/ml
Per Serving
%DI
Energy
180 kJ
720 kJ
9%
Protein
2.4g
9.6g
19%
Total Fat
2.2g
8.8g
13%
Saturated Fat
1.5g
6.0g
25%
Carbohydrate
3.5g
14g
5%
Sugars
1.6g
6.4g
7%
Sodium
27 mg
108 mg
5%
* Percentage Daily Intakes are based on an average adult diet of 8700 kJ. Your daily intakes may be higher or lower depending on your energy needs.","Full Cream Milk, Cold Brewed Coffee (30%), [Water, Roasted Brazilian Coffee Grounds].",https://www.coles.com.au/product/hunt-and-brew-brazil-iced-coffee-400ml-2918303,,,2024-06-17T17:14:35.114510-04:00
"Ind54SColes_ADairy, Eggs & Fridge_SAMilk_IColes Pro Live Fermented Probiotic Drink | 5 pack",Coles Pro Live Fermented Probiotic Drink | 5 pack,Coles,"Dairy, Eggs & Fridge",Milk,Probiotic milk,,$3.35,,,$0.67 per 1ea,8870550,Sleeve:Contains live Lactobacillus casei cultures. (Lactobacillus casei in italics)99% Fat Free . Gluten FreeBottle:Probiotic Fermented Drink,,,"Per 100g/ml
Per Serving
%DI
Energy
286.55
174.8
Protein
1.1
0.67
Total Fat
0.05
0.03
Carbohydrate
15.6
9.52
Sugars
14.6
8.91
Sodium
8.6
5.25
Saturated
0.1
0.06
Energy (Cal)
68.55
41.82
Dietary Fibre (total)
0.1
0.06
Gluten
0
0
* Percentage Daily Intakes are based on an average adult diet of 8700 kJ. Your daily intakes may be higher or lower depending on your energy needs.",,https://www.coles.com.au/product/coles-pro-live-fermented-probiotic-drink-5-pack-8870550,,,2024-06-17T17:14:46.154635-04:00
"Ind54SColes_ADairy, Eggs & Fridge_SAMilk_IBoss Coffee Rainbow Mountain Blend | 179mL",Boss Coffee Rainbow Mountain Blend | 179mL,Boss,"Dairy, Eggs & Fridge",Milk,Milk flavoured,,$3.50,,$4.00,$19.55 per 1L,7076849,"Flash Brew

Boss Coffee Rainbow Mountain Blend is our famous blend in Japan, crafter primarily with Guatemalan Rainbow Mountain beans to create a uniquely balanced coffee. 

Rainbow Mountain beans quality certified by Anacafe 
Details at bosscoffeeanz.com

Guatemalan coffees",,,"Per 100g/ml
Per Serving
%DI
Energy
156kJ
280kJ
0
Protein
Less than 1g
1.4g
0
Total Fat
Less than 1g
Less than 1g
0
Saturated Fat
Less than 1g
Less than 1g
0
Carbohydrate
7.3g
13.1g
0
Sugars
6.3g
11.3g
0
Sodium
49mg
87mg
0
Monounsaturated
0
0
0
Energy (Cal)
37Cal
67Cal
0
Dietary Fibre (total)
0
0
0
Polyunsaturated
0
0
0
Trans
0
0
0
* Percentage Daily Intakes are based on an average adult diet of 8700 kJ. Your daily intakes may be higher or lower depending on your energy needs.","Coffee (83%) {Water, Brewed Coffee (47%) [Water, Coffee Bean (4.3%), Coffee Extract (0.7%)]}, Milk (11%), Sugar, Skim Milk Powder (0.5%), Acidity Regulator (500), Sodium Caseinate (Milk), Emulsifier (473), Flavours.",https://www.coles.com.au/product/boss-coffee-rainbow-mountain-blend-179ml-7076849,,,2024-06-17T17:14:58.142476-04:00
"Ind54SColes_ADairy, Eggs & Fridge_SAMilk_IAustralia's Own Unsweetened Organic Coconut Milk | 1L",Australia's Own Unsweetened Organic Coconut Milk | 1L,Australias Own,"Dairy, Eggs & Fridge",Milk,Specialty milk,,$3.20,,,$3.20 per 1L,3019210,"Australian Natural Goodness

We believe Australia is packed full of nature's good stuff... from hiking in the bush, to strolling down a beach and wiggling your toes in the sand.

Australia's Own is all about the power of nature, nurturing us on the inside and feeling good on the outside. We only use pure and simple certified organic ingredients, 100% Australian made!

Our range of products is the way nature intended... simply good for you!


Organic farming, doing good for the planet.

- Chemical-free from synthetic herbicides and pesticides, growing cleaner food and saving our waterways.

- Sustainable farming systems promoting greater biodiversity.

- GMO's are prohibited on organic farms, ensuring methods of production are as close as nature intended.
Organic authenticity

No added sugar",,,"Per 100g/ml
Per Serving
%DI
Energy
74kJ
185kJ
2%
Protein
0.1g
0.3g
1%
Total Fat
1.8g
5.0g
7%
Saturated Fat
1.4g
4.8g
20%
Carbohydrate
0.2g
0.5g
0%
Sugars
0.1g
0.5g
1%
Cholesterol
Not detected
Not detected
Not detected
Lactose
Not detected
Not detected
Not detected
Sodium
44mg
111mg
5%
Monounsaturated
<0.1g
<0.1g
Energy (Cal)
18cal
45cal
Dietary Fibre (total)
<0.5g
<0.5g
1%
Polyunsaturated
<0.1g
<0.1g
Galactose
Not detected
Not detected
Not detected
Gluten
Not detected
Not detected
Not detected
Trans
<0.1g
<0.1g
* Percentage Daily Intakes are based on an average adult diet of 8700 kJ. Your daily intakes may be higher or lower depending on your energy needs.",,https://www.coles.com.au/product/australia's-own-unsweetened-organic-coconut-milk-1l-3019210,,,2024-06-17T17:15:10.279466-04:00
"Ind54SColes_ADairy, Eggs & Fridge_SATea_IArkadia Spice Chai Tea Sachets 20 pack | 400g",Arkadia Spice Chai Tea Sachets 20 pack | 400g,Arkadia,"Dairy, Eggs & Fridge",Tea,Chai,,$13.00,,,$0.65 per 1ea,3452610,"Our family has been crafting chai over 25 years, so you might say we know a thing or two about the perfect blend.
Warm up with a mug of Arkadia signature chai spice. Boldly fragrant and deliciously creamy, let our secret family recipe take you on a journey.
98% Fat Free when made according to directions using water or skim milk.
Contains no artificial colours, sweeteners or preservatives.",,,"Per 100g/ml
Per Serving
%DI
Energy
194kJ
372kJ
Protein
0.2g
0.4g
Total Fat
1.3g
2.4g
Saturated Fat
1.2g
2.4g
Carbohydrate
8.4g
16.2g
Sugars
6g
11.5g
Sodium
30mg
58mg
* Percentage Daily Intakes are based on an average adult diet of 8700 kJ. Your daily intakes may be higher or lower depending on your energy needs.",,https://www.coles.com.au/product/arkadia-spice-chai-tea-sachets-20-pack-400g-3452610,,,2024-06-17T17:56:09.408447-04:00
"Ind54SColes_ADairy, Eggs & Fridge_SAMilk_ISt. Ali Original Iced Coffee | 480mL",St. Ali Original Iced Coffee | 480mL,St Ali,"Dairy, Eggs & Fridge",Milk,Milk flavoured,,$6.00,,,$12.50 per 1L,7069388,"Welcome back Iced Coffee. We've missed you and cannot get enough of your sweet, creamy goodness. The return of a classic, we've brought back our OG Iced Coffee, with a few upgrades. Mixing ST. ALi coffee with rich, creamy Australian milk, you'll be drinking this all summer long.",,,,"Full Cream Milk 76%, Coffee 21%, Brown Sugar, Emulsifier E471, Stabiliser E40, Acidity regulator E339.",https://www.coles.com.au/product/st.-ali-original-iced-coffee-480ml-7069388,,,2024-06-17T22:27:53.631629-04:00
"Ind54SColes_ADairy, Eggs & Fridge_SAMilk_IDairy Farmers No Added Sugar Chocolate Flavoured Milk | 500mL",Dairy Farmers No Added Sugar Chocolate Flavoured Milk | 500mL,Dairy Farmers,"Dairy, Eggs & Fridge",Milk,Milk flavoured,,$3.30,,$3.90,$6.60 per 1L,3762720,"From Aussie farms for your family to enjoy - the Dairy Farmers brand has a rich heritage dating back to 1900. We're proud to honour the generous spirit of our farming communities by continuing to bring high quality and nutritious dairy products across milk, flavoured yoghurt, flavoured milk and culinary products .
No Sugar Added
Proudly Aussie made and owned
Made with fresh Australian milk
Milk is a natural source of protein
Rich in calcium
Enjoy as part of a healthy and balanced diet.
Made in Australia from at least 98% Australian ingredients.",,,"Per 100g/ml
Per Serving
%DI
Energy
230kJ
1150kJ
13.00%
Protein
3.2g
16.0g
32.00%
Total Fat
2.5g
12.5g
18.00%
Saturated Fat
1.6g
8.0g
33.00%
Carbohydrate
4.9g
24.5g
8.00%
Sugars
4.4g
22.0g
25.00%
Calcium
115mg
575mg
72% RDI*
Sodium
44mg
220mg
10.00%
Energy (Cal)
55Cal
275Cal
Dietary Fibre (total)
0g
0g
* Percentage Daily Intakes are based on an average adult diet of 8700 kJ. Your daily intakes may be higher or lower depending on your energy needs.","Fresh reduced fat milk, cocoa powder (1%), natural flavours, vegetable gum (carrageenan), sweeteners (950, 951).",https://www.coles.com.au/product/dairy-farmers-no-added-sugar-chocolate-flavoured-milk-500ml-3762720,,,2024-06-17T22:28:05.133240-04:00
"Ind54SColes_ADairy, Eggs & Fridge_SAMilk_IA2 Full Cream Milk | 3L",A2 Full Cream Milk | 3L,A2,"Dairy, Eggs & Fridge",Milk,Specialty milk,,$9.90,,,$3.30 per 1L,3186175,"a2 Milk is no ordinary milk!

It is real milk that may be easier on digestion for some people*.

As the number 1 producer of A1 protein free milk in Australia, our purpose is to pioneer the future of dairy for good.


For more information on the a2 Milk difference visit www.a2milk.com.au

*a2 Milk comes from cows specially selected to naturally produce milk with only the A2-type beta-casein protein so may be easier on digestion than ordinary milk for some milk intolerant individuals when consumed as part of a healthy, varied diet.
All natural with no additives, this delicious and creamy fresh milk with less than 4g of fat per 100mL

Easier on digestion for some**a2 Milk comes from cows specially selected to naturally produce milk with only the A2-type beta-casein protein so may be easier on digestion than regular milk for some milk intolerant individuals when consumed as part of a healthy, varied diet.

Naturally all A2-type beta-casein protein type, and no A1Some people may be sensitive to a protein called A1 beta-casein commonly found in milk.

The perfect milk for all occasions! Use a2 Milk in tea and coffee, baking, cooking, with cereal, with cookies, or simply enjoy on its own.

a2 Milk has been proudly partnering with Landcare Australia since 2017 to support our farmers with initiatives to protect, enhance and restore the natural environment

Good source of calcium.

Contains Protein.",,,"Per 100g/ml
Per Serving
%DI
Energy
275kJ
688kJ
0
Protein
3.3g
8.3g
0
Total Fat
3.5g
8.8g
0
Saturated Fat
2.4g
6.0g
0
Carbohydrate
5.0g
12.5g
0
Sugars
4.7g
11.8g
0
Calcium
109mg
273mg
34.00%
Sodium
33mg
83mg
0
Monounsaturated
0
0
0
Energy (Cal)
65 Cal
163 Cal
0
Dietary Fibre (total)
0
0
0
Polyunsaturated
0
0
0
Potassium
147mg
368mg
0
Trans
0
0
0
* Percentage Daily Intakes are based on an average adult diet of 8700 kJ. Your daily intakes may be higher or lower depending on your energy needs.",,https://www.coles.com.au/product/a2-full-cream-milk-3l-3186175,,,2024-06-17T22:28:17.330064-04:00
"Ind54SColes_ADairy, Eggs & Fridge_SAMilk_IFirst Press Cold Drip 10 Shot Coffee | 500mL",First Press Cold Drip 10 Shot Coffee | 500mL,First Press,"Dairy, Eggs & Fridge",Milk,Milk flavoured,,$12.95,,,$25.90 per 1L,3506265,"Say hello to the big boy. Made with 100% organic, single origin coffee beans from Honduras our original cold drip will dazzle you. With chocolate and red fruit notes its rich and strong with a light and smooth finish. ",,,,,https://www.coles.com.au/product/first-press-cold-drip-10-shot-coffee-500ml-3506265,,,2024-06-17T22:28:27.952455-04:00
"Ind54SColes_ADairy, Eggs & Fridge_SA_IPauls Physical Hi Calcium Low Fat Milk Carton | 1L",Pauls Physical Hi Calcium Low Fat Milk Carton | 1L,Pauls,"Dairy, Eggs & Fridge",,,,$3.60,,,$3.60 per 1L,368584,"At Pauls, we love dairy. We're pretty passionate about making great tasting products packed with real dairy goodness. We put that devotion into every Pauls milk, cream, custard and yoghurt we make. 

Pauls PhysiCAL Milk has 40% more calcium* than regular milk, plus added Vitamin D to aid calcium absorption. Just 2 glasses of PhysiCAL provides 100% of your daily calcium requirements.",,,"Per 100g/ml
Per Serving
%DI
Energy
235kJ
588kJ
Protein
5.7g
14
Total Fat
1.4g
3.5g
Saturated Fat
0.9g
2.3g
Carbohydrate
5.1g
12.8g
Sugars
5.1g
12.8g
Sodium
37mg
93mg
Energy (Cal)
56Cal
141Cal
* Percentage Daily Intakes are based on an average adult diet of 8700 kJ. Your daily intakes may be higher or lower depending on your energy needs.",Pasteurised Ultrafiltered Low Fat Milk with added Vitamin D,https://www.coles.com.au/product/pauls-physical-hi-calcium-low-fat-milk-carton-1l-368584,,,2024-06-17T22:28:39.869098-04:00
"Ind54SColes_ADairy, Eggs & Fridge_SAMilk_IIce Break Iced Coffee Regular Strength | 750mL",Ice Break Iced Coffee Regular Strength | 750mL,Ice Break,"Dairy, Eggs & Fridge",Milk,Milk flavoured,,$4.00,,$5.10,$5.33 per 1L,9695364,"Nothing quite satisfies like an ice cold Ice Break Regular Strength.
Made with real coffee, real milk and no added flavours to deliver a real caffeine kick.",,,"Per 100g/ml
Per Serving
%DI
Energy
289kJ
1445kJ
Protein
3.3g
16.5g
Total Fat
1.6g
5.0g
Saturated Fat
1.0g
5.0g
Carbohydrate
10.3g
51.5g
Sugars
9.8g
49.0g
Calcium
109mg
545mg
68% RDI*
Sodium
37mg
185mg
Energy (Cal)
69
345
Caffeine
29mg
145mg
* Percentage Daily Intakes are based on an average adult diet of 8700 kJ. Your daily intakes may be higher or lower depending on your energy needs.",,https://www.coles.com.au/product/ice-break-iced-coffee-regular-strength-750ml-9695364,,,2024-06-17T22:28:51.168750-04:00
"Ind54SColes_ADairy, Eggs & Fridge_SATea_IArkadia Spice Chai Tea Sachets 20 pack | 400g",Arkadia Spice Chai Tea Sachets 20 pack | 400g,Arkadia,"Dairy, Eggs & Fridge",Tea,Chai,,$13.00,,,$0.65 per 1ea,3452610,"Our family has been crafting chai over 25 years, so you might say we know a thing or two about the perfect blend.
Warm up with a mug of Arkadia signature chai spice. Boldly fragrant and deliciously creamy, let our secret family recipe take you on a journey.
98% Fat Free when made according to directions using water or skim milk.
Contains no artificial colours, sweeteners or preservatives.",,,"Per 100g/ml
Per Serving
%DI
Energy
194kJ
372kJ
Protein
0.2g
0.4g
Total Fat
1.3g
2.4g
Saturated Fat
1.2g
2.4g
Carbohydrate
8.4g
16.2g
Sugars
6g
11.5g
Sodium
30mg
58mg
* Percentage Daily Intakes are based on an average adult diet of 8700 kJ. Your daily intakes may be higher or lower depending on your energy needs.",,https://www.coles.com.au/product/arkadia-spice-chai-tea-sachets-20-pack-400g-3452610,,,2024-06-17T22:29:03.918901-04:00
"Ind54SColes_ADairy, Eggs & Fridge_SABeverages_IArkadia Spice Chai Tea | 240g",Arkadia Spice Chai Tea | 240g,Arkadia,"Dairy, Eggs & Fridge",Beverages,Coffee & tea,,$6.30,,,"$2.63 per 100g
Was $7.00 on Apr 2024",7490189,,,,,,https://www.coles.com.au/product/arkadia-spice-chai-tea-240g-7490189,,,2024-06-17T22:29:12.790974-04:00
"Ind54SColes_ADairy, Eggs & Fridge_SAMilk_IDare Espresso Flavoured Milk | 500mL",Dare Espresso Flavoured Milk | 500mL,Dare,"Dairy, Eggs & Fridge",Milk,Milk flavoured,,$3.30,,$4.15,$6.60 per 1L,3033935,"TOOK YOUR CAT TO THE DOG PARK?
A DARE FIX'LL FIX IT.

Dare Iced Coffee Espresso is made with real Robusta & Arabica coffee and fresh milk. A big coffee kick without the big cafe queue!

Aussie Owned, Made & Loved

Made with Fresh Australian Milk

Real Rainforest Alliance Certified Arabica & Robusta Coffee

Working with the Rainforest Alliance to support coffee farmers and their communities",,,"Per 100g/ml
Per Serving
%DI
Energy
341kJ
1705kJ
20.0%
Protein
3.4g
17.0g
34.0%
Total Fat
3.5g
17.5g
25.0%
Saturated Fat
2.2g
11.0g
46.0%
Carbohydrate
9.0g
45.0g
15.0%
Sugars
8.7g
43.5g
48.0%
Calcium
123mg
615mg
77% RDI*
Sodium
43mg
215mg
9.0%
Caffeine
16mg
80mg
* Percentage Daily Intakes are based on an average adult diet of 8700 kJ. Your daily intakes may be higher or lower depending on your energy needs.",,https://www.coles.com.au/product/dare-espresso-flavoured-milk-500ml-3033935,,,2024-06-17T22:29:24.421616-04:00
"Ind54SColes_ADairy, Eggs & Fridge_SAMilk_IAnnie's Orchard Unsweetened Oat Milk | 1L",Annie's Orchard Unsweetened Oat Milk | 1L,Annies Orchard,"Dairy, Eggs & Fridge",Milk,Soy & almond milk,,$3.30,,,$3.30 per 1L,6450214,"Annie's Orchard Unsweetened Oat Milk is made from 100% Aussie oats, sourced from local farmers and growers.",,,"Per 100g/ml
Per Serving
%DI
Energy
224kJ
560kJ
6%
Protein
1g
2.5g
5%
Total Fat
1.9g
4.8g
7%
Saturated Fat
0.3g
0.8g
3%
Carbohydrate
8.1g
20.3g
7%
Sugars
1.4g
3.5g
4%
Calcium
80mg
200mg
25%
Sodium
39mg
98mg
4%
Dietary Fibre (total)
3.5g
8.8g
29%
* Percentage Daily Intakes are based on an average adult diet of 8700 kJ. Your daily intakes may be higher or lower depending on your energy needs.",,https://www.coles.com.au/product/annie's-orchard-unsweetened-oat-milk-1l-6450214,,,2024-06-17T22:29:37.681608-04:00
"Ind54SColes_ADairy, Eggs & Fridge_SAMilk_IIce Break Iced Coffee Regular Strength | 750mL",Ice Break Iced Coffee Regular Strength | 750mL,Ice Break,"Dairy, Eggs & Fridge",Milk,Milk flavoured,,$4.00,,$5.10,$5.33 per 1L,9695364,"Nothing quite satisfies like an ice cold Ice Break Regular Strength.
Made with real coffee, real milk and no added flavours to deliver a real caffeine kick.",,,"Per 100g/ml
Per Serving
%DI
Energy
289kJ
1445kJ
Protein
3.3g
16.5g
Total Fat
1.6g
5.0g
Saturated Fat
1.0g
5.0g
Carbohydrate
10.3g
51.5g
Sugars
9.8g
49.0g
Calcium
109mg
545mg
68% RDI*
Sodium
37mg
185mg
Energy (Cal)
69
345
Caffeine
29mg
145mg
* Percentage Daily Intakes are based on an average adult diet of 8700 kJ. Your daily intakes may be higher or lower depending on your energy needs.","Reduced fat milk, sugar, milk solids coffee (0.5%).",https://www.coles.com.au/product/ice-break-iced-coffee-regular-strength-750ml-9695364,,,2024-06-18T01:25:04.857992-04:00
"Ind54SColes_ADairy, Eggs & Fridge_SAMilk_IA2 Full Cream Milk | 1L",A2 Full Cream Milk | 1L,A2,"Dairy, Eggs & Fridge",Milk,Full cream milk,,$3.90,,,$3.90 per 1L,9760070,"a2 Milk is no ordinary milk!

It is real milk that may be easier on digestion for some people*.

As the number 1 producer of of A1 protein free milk in Australia, our purpose is to pioneer the future of dairy for good.

For more information on the a2 Milk difference visit www.a2milk.com.au

*a2 Milk comes from cows specially selected to naturally produce milk with only the A2-type beta-casein protein so may be easier on digestion than ordinary milk for some milk intolerant individuals when consumed as part of a healthy, varied diet.

All natural with no additives, this delicious and creamy fresh milk with less than 4g of fat per 100mL

Easier on digestion for some**a2 Milk comes from cows specially selected to naturally produce milk with only the A2-type beta-casein protein so may be easier on digestion than regular milk for some milk intolerant individuals when consumed as part of a healthy, varied diet.

Naturally all A2-type beta-casein protein type, and no A1Some people may be sensitive to a protein called A1 beta-casein commonly found in milk.

The perfect milk for all occasions! Use a2 Milk in tea and coffee, smoothies, baking, cooking, with cereal, with cookies, or simply enjoy on its own.

a2 Milk has been proudly partnering with Landcare Australia since 2017 to support our farmers with initiatives to protect, enhance and restore the natural environment

Good source of calcium.

Contains Protein.",,,"Per 100g/ml
Per Serving
%DI
Energy
275kJ
688kJ
0
Protein
3.3g
8.3g
0
Total Fat
3.5g
8.8g
0
Saturated Fat
2.4g
6.0g
0
Carbohydrate
5.0g
12.5g
0
Sugars
4.7g
11.8g
0
Calcium
109mg
273mg
34.0%
Sodium
33mg
83mg
0
Monounsaturated
0
0
0
Energy (Cal)
65 Cal
163 Cal
0
Dietary Fibre (total)
0
0
0
Polyunsaturated
0
0
0
Potassium
147mg
368mg
0
Trans
0
0
0
* Percentage Daily Intakes are based on an average adult diet of 8700 kJ. Your daily intakes may be higher or lower depending on your energy needs.",,https://www.coles.com.au/product/a2-full-cream-milk-1l-9760070,,,2024-06-18T01:25:15.860354-04:00
"Ind54SColes_ADairy, Eggs & Fridge_SAMilk_IFarmhouse Gold Organic Milk | 1.5L",Farmhouse Gold Organic Milk | 1.5L,Farmhouse,"Dairy, Eggs & Fridge",Milk,Specialty milk,,$5.50,,,$3.67 per 1L,3187633,"Farmhouse Gold Organic is wholesome milk made on Australian farms free from synthetic fertilisers, pesticides and herbicides.
Extra creamy Farmhouse Gold Organic Milk has a smooth, creamy taste you will savour and is 100% certified organic.
Milk, the way, it was meant to be.
Made from 100% Australian milk.
Homogenised pasteurised organic full cream milk.",,,"Per 100g/ml
Per Serving
%DI
Energy
295
737
Protein
3.6g
9.0g
Total Fat
4.1g
10.3g
Saturated Fat
2.4g
6.0g
Carbohydrate
4.8g
12.0g
Sugars
4.8g
12.0g
Sodium
124mg
140mg
Energy (Cal)
70
176
* Percentage Daily Intakes are based on an average adult diet of 8700 kJ. Your daily intakes may be higher or lower depending on your energy needs.",,https://www.coles.com.au/product/farmhouse-gold-organic-milk-1.5l-3187633,,,2024-06-18T01:25:26.684622-04:00
"Ind54SColes_ADairy, Eggs & Fridge_SAMilk_IPauls Zymil Low Fat Milk | 1L",Pauls Zymil Low Fat Milk | 1L,Pauls,"Dairy, Eggs & Fridge",Milk,Specialty milk,,$3.90,,,$3.90 per 1L,5169596,"At Pauls, we love dairy. We're pretty passionate about making great tasting products packed with real dairy goodness. We put that devotion into every Pauls milk, cream, custard and yoghurt we make. Milk is a natural source of protein, vitamins and minerals essential for good health. Rich in calcium, Pauls Zymil is simply milk which is easy to digest (As part of a healthy and varied diet, consuming Zymil instead of regular milk helps ease digestion in those who are sensitive to lactose). Plus Pauls Zymil is lactose free and made from real milk so it has all of the natural goodness of regular milk. Lactose free, easy to digest and rich in calcium.
Low fat milk

Lactose free",,,"Per 100g/ml
Per Serving
%DI
Energy
189kJ
473kJ
Protein
3.4g
8.5g
Total Fat
1.3g
3.3g
Saturated Fat
0.8g
2.0g
Carbohydrate
4.9g
12.3g
Sugars
4.9g
12.3g
Vitamin B2
0.2mg
0.4mg
25% RDI*
Calcium
122mg
305mg
38%RDI*
Lactose
Nil
Nil
Sodium
40mg
100mg
Energy (Cal)
45Cal
113Cal
Dietary Fibre (total)
0.0g
0.0g
Galactose
2.4g
6.0g
* Percentage Daily Intakes are based on an average adult diet of 8700 kJ. Your daily intakes may be higher or lower depending on your energy needs.",,https://www.coles.com.au/product/pauls-zymil-low-fat-milk-1l-5169596,,,2024-06-18T01:25:39.524711-04:00
"Ind54SColes_ADairy, Eggs & Fridge_SA_IDairy Farmers No Added Sugar Chocolate Flavoured Milk | 500mL",Dairy Farmers No Added Sugar Chocolate Flavoured Milk | 500mL,Dairy Farmers,"Dairy, Eggs & Fridge",,,,$3.30,,$3.90,$6.60 per 1L,3762720,"From Aussie farms for your family to enjoy - the Dairy Farmers brand has a rich heritage dating back to 1900. We're proud to honour the generous spirit of our farming communities by continuing to bring high quality and nutritious dairy products across milk, flavoured yoghurt, flavoured milk and culinary products .
No Sugar Added
Proudly Aussie made and owned
Made with fresh Australian milk
Milk is a natural source of protein
Rich in calcium
Enjoy as part of a healthy and balanced diet.
Made in Australia from at least 98% Australian ingredients.",,,"Per 100g/ml
Per Serving
%DI
Energy
230kJ
1150kJ
13.00%
Protein
3.2g
16.0g
32.00%
Total Fat
2.5g
12.5g
18.00%
Saturated Fat
1.6g
8.0g
33.00%
Carbohydrate
4.9g
24.5g
8.00%
Sugars
4.4g
22.0g
25.00%
Calcium
115mg
575mg
72% RDI*
Sodium
44mg
220mg
10.00%
Energy (Cal)
55Cal
275Cal
Dietary Fibre (total)
0g
0g
* Percentage Daily Intakes are based on an average adult diet of 8700 kJ. Your daily intakes may be higher or lower depending on your energy needs.",,https://www.coles.com.au/product/dairy-farmers-no-added-sugar-chocolate-flavoured-milk-500ml-3762720,,,2024-06-18T01:25:50.353501-04:00
"Ind54SColes_ADairy, Eggs & Fridge_SAMilk_IA2 Dairy Light Milk | 3L",A2 Dairy Light Milk | 3L,A2,"Dairy, Eggs & Fridge",Milk,Skim & low fat milk,,$9.90,,,$3.30 per 1L,4182384,"a2 Milk is no ordinary milk!

It is real milk that may be easier on digestion for some people*.

As the number 1 producer of A1 protein free milk in Australia, our purpose is to pioneer the future of dairy for good.


For more information on the a2 Milk difference visit www.a2milk.com.au

*a2 Milk comes from cows specially selected to naturally produce milk with only the A2-type beta-casein protein so may be easier on digestion than ordinary milk for some milk intolerant individuals when consumed as part of a healthy, varied diet.
All natural with no additives, this delicious and creamy lite fresh milk contains just 1.3g of fat per 100ml

Easier on digestion for some**a2 Milk comes from cows specially selected to naturally produce milk with only the A2-type beta-casein protein so may be easier on digestion than regular milk for some milk intolerant individuals when consumed as part of a healthy, varied diet.

Naturally all A2-type beta-casein protein type, and no A1Some people may be sensitive to a protein called A1 beta-casein commonly found in milk.

The perfect milk for all occasions! Use a2 Milk in tea and coffee, baking, cooking, with cereal, with cookies, or simply enjoy on its own.

a2 Milk has been proudly partnering with Landcare Australia since 2017 to support our farmers with initiatives to protect, enhance and restore the natural environment

Good source of calcium.

Contains Protein.",,,"Per 100g/ml
Per Serving
%DI
Energy
189kJ
473kJ
0
Protein
3.3g
8.3g
0
Total Fat
1.3g
3.3g
0
Saturated Fat
0.9g
2.3g
0
Carbohydrate
5.2g
13.0g
0
Sugars
5.2g
13.0g
0
Calcium
117mg
293mg
36.00%
Sodium
48mg
120mg
0
Monounsaturated
0
0
0
Energy (Cal)
45 Cal
113 Cal
0
Dietary Fibre (total)
0
0
0
Polyunsaturated
0
0
0
Potassium
150mg
375mg
0
Trans
0
0
0
* Percentage Daily Intakes are based on an average adult diet of 8700 kJ. Your daily intakes may be higher or lower depending on your energy needs.",,https://www.coles.com.au/product/a2-dairy-light-milk-3l-4182384,,,2024-06-18T01:26:01.232034-04:00
"Ind54SColes_ADairy, Eggs & Fridge_SAMilk_I180 Nutrition Good Sport Chocolate | 350mL",180 Nutrition Good Sport Chocolate | 350mL,180 Nutrition,"Dairy, Eggs & Fridge",Milk,Milk flavoured,,$3.00,,,$8.57 per 1L,5101683,"Good Sport is scientifically backed for exercise recovery ^

Electrolytes to Hydrate ^
Protein to Repair ^
Energy to refuel ^

^Contains potassium and magnesium for water and electrolyte balance, protein for muscle repair, and energy for metabolism, all scientifically backed for exercise recovery. Enjoy as part of a healthy diet and active lifestyle.
Electrolytes to Hydrate

Protein to Repair

Energy to refuel

Enjoy as part of a healthy diet and active lifestyle.",,,"Per 100g/ml
Per Serving
%DI
Energy
284kJ
994kJ
11%
Protein
4.1g
14.4g
29%
Total Fat
1.8g
6.3g
9%
Saturated Fat
1.2g
4.2g
18%
Carbohydrate
8.7g
30.5g
10%
Sugars
8.6g
30.1g
33%
Vitamin B2
0.19mg
0.67mg
39%*
Sucrose
4.5g
15.8g
Calcium
133mg (3.3mmol)
466mg (11.6mmol)
58%*
Vitamin B12
0.12ug
0.42ug
21%*
Lactose
4.1g
14.4g
Sodium
30mg (1.3mmol)
105mg (4.6mmol)
5%
Energy (Cal)
68Cal
238Cal
Dietary Fibre (total)
0g
0g
0%
Magnesium
12mg (0.5mmol)
42mg (1.7mmol)
13%*
Potassium
153mg (3.9mmol)
536mg (13.7mmol)
Vitamin B5
0.40mg
1.40mg
28%*
Iodine
17ug
60ug
40%*
* Percentage Daily Intakes are based on an average adult diet of 8700 kJ. Your daily intakes may be higher or lower depending on your energy needs.","Reduced Fat Milk, Sugar, Milk Solids, Cocoa Powder (0.3%), Flavours, Vegetable Gum (Carrageenan).",https://www.coles.com.au/product/180-nutrition-good-sport-chocolate-350ml-5101683,,,2024-06-18T01:26:14.916563-04:00
"Ind54SColes_ADairy, Eggs & Fridge_SAMilk_IColes Full Cream Milk | 2L",Coles Full Cream Milk | 2L,Coles,"Dairy, Eggs & Fridge",Milk,Full cream milk,,$3.10,,,$1.55 per 1L,439693,"Coles Australian Dairy Full Cream Milk, 2L. Fresh full cream milk sourced from Australian farmers for wholesome goodness. Better together with Australian Farmers.",,,"Per 100g/ml
Per Serving
%DI
Energy
258.40
646.00
Protein
3.40
8.50
Total Fat
3.40
8.50
Carbohydrate
4.40
11.00
Sugars
4.40
11.00
Calcium
118.00
295.00
Sodium
44.00
110.00
Saturated
2.30
5.75
Energy (Cal)
61.82
154.55
Dietary Fibre (total)
0.00
0.00
* Percentage Daily Intakes are based on an average adult diet of 8700 kJ. Your daily intakes may be higher or lower depending on your energy needs.",,https://www.coles.com.au/product/coles-full-cream-milk-2l-439693,,,2024-06-18T01:26:27.034005-04:00
"Ind54SColes_ADairy, Eggs & Fridge_SAMilk_IPauls Rev Low Fat Milk | 2L",Pauls Rev Low Fat Milk | 2L,Pauls,"Dairy, Eggs & Fridge",Milk,Skim & low fat milk,,$5.30,,,$2.65 per 1L,425043,"At Pauls, we love dairy. We're pretty passionate about making great tasting products packed with real dairy goodness. We put that devotion into every Pauls milk, cream, custard and yoghurt we make.Many low fat milks have lost not only the fat, but also some important vitamins. Not so with Pauls Rev! It is low fat milk with the added goodness of Vitamins A & D.
Low fat
Vitamin A
Vitamin D",,,"Per 100g/ml
Per Serving
%DI
Energy
189kJ
473kJ
Protein
3.4g
8.5g
Total Fat
1.3g
3.3g
Saturated Fat
0.8g
2.0g
Carbohydrate
4.9g
12.3g
Sugars
4.9g
12.3g
Vitamin A
39ug
98ug
13% RDI*
Vitamin D
0.5ug
1.3ug
13% RDI*
Calcium
119mg
298mg
37% RDI*
Sodium
40mg
100mg
Energy (Cal)
45Cal
113Cal
* Percentage Daily Intakes are based on an average adult diet of 8700 kJ. Your daily intakes may be higher or lower depending on your energy needs.","Low fat milk (1.3% fat), vitamin A, vitamin D.",https://www.coles.com.au/product/pauls-rev-low-fat-milk-2l-425043,,,2024-06-18T01:26:38.111152-04:00
"Ind54SColes_ADairy, Eggs & Fridge_SAMilk_IThe Complete Dairy High Protein Light Milk | 1L",The Complete Dairy High Protein Light Milk | 1L,The Complete Dairy,"Dairy, Eggs & Fridge",Milk,Skim & low fat milk,,$3.60,,,$3.60 per 1L,2589992,"All natural light milk
Complete Dairy brings you a fresh, all natural milk, that is 70% higher in protein and 25% lower in lactose
High Protein
70% higher in protein
25% lower in Lactose
Healthy Milk
Fresh milk
Light Milk.",,,"Per 100g/ml
Per Serving
%DI
Energy
214kJ
535kJ
6.0%
Protein
6.0g
15.0g
30.0%
Total Fat
1.5g
3.8g
5.0%
Saturated Fat
1.0g
2.5g
10.0%
Carbohydrate
3.3g
8.3g
3.0%
Sugars
3.3g
8.3g
9.0%
Lactose
3.3g
8.3g
Sodium
27mg
68mg
3.0%
Energy (Cal)
51Cal
128 Cal
Dietary Fibre (total)
0.0g
0.0g
0.0%
Galactose
0.0g
0.0g
Potassium
113mg
283mg
* Percentage Daily Intakes are based on an average adult diet of 8700 kJ. Your daily intakes may be higher or lower depending on your energy needs.",,https://www.coles.com.au/product/the-complete-dairy-high-protein-light-milk-1l-2589992,,,2024-06-18T01:26:48.989926-04:00
"Ind54SColes_ADairy, Eggs & Fridge_SAMilk_IColes Organic Full Cream Milk | 1L",Coles Organic Full Cream Milk | 1L,Coles,"Dairy, Eggs & Fridge",Milk,Specialty milk,,$2.60,,,$2.60 per 1L,3227159,"Coles certified organic products are grown and pasturised without the use of synthetic chemicals, fertilisers, pesticides, or herbicides. Organic farming uses production practices for a sustainable future",,,"Per 100g/ml
Per Serving
%DI
Energy
282.00
705.00
Protein
3.60
9.00
Total Fat
3.9
9.8
14
Carbohydrate
4.50
11.25
Sugars
4.20
10.50
Calcium
128.00
320.00
Sodium
40.00
100.00
Saturated
2.80
7.00
Energy (Cal)
67.46
168.66
Fat
3.90
9.75
Dietary Fibre (total)
0.00
0.00
* Percentage Daily Intakes are based on an average adult diet of 8700 kJ. Your daily intakes may be higher or lower depending on your energy needs.",,https://www.coles.com.au/product/coles-organic-full-cream-milk-1l-3227159,,,2024-06-18T01:26:59.805143-04:00
"Ind54SColes_ADairy, Eggs & Fridge_SAMilk_IDare Lactose Free Double Expresso Flav Milk | 500mL",Dare Lactose Free Double Expresso Flav Milk | 500mL,Dare,"Dairy, Eggs & Fridge",Milk,Milk flavoured,,$3.30,,$4.15,$6.60 per 1L,6264843,"Made with real Arabica & Robusta coffee and fresh lactose free milk, Dare Iced Coffee Double Espresso  offers an easy to digest coffee kick without the cafe queue!
Proudly Australian owned, made and loved, it's Australia's market leading Iced Coffee.

Dare Iced Coffee proudly works with Rainforest Alliance to only use coffee beans that have been grown and harvested in a sustainable way from certified farms and forests.

When you choose dare, you can be confident that you are helping to improve farmers' livelihoods and protect our natural resources.",,,"Per 100g/ml
Per Serving
%DI
Energy
335kJ
1680kJ
19.00%
Protein
3.4g
17.0g
34.00%
Total Fat
3.5g
17.5g
25.00%
Saturated Fat
2.2g
11.0g
46.00%
Carbohydrate
8.7g
43.5g
14.00%
Sugars
7.9g
39.5g
44.00%
Calcium
117mg
585mg
Lactose
Not Detected
Not Detected
>1
Sodium
41mg
205mg
9.00%
Monounsaturated
>1
>1
>1
Energy (Cal)
80Cal
400Cal
>1
Dietary Fibre (total)
0.0g
0.0g
0.00%
Polyunsaturated
>1
>1
>1
Galactose
2.3g
11.5g
>1
Trans
>1
>1
>1
Caffeine
32mg
160mg
>1
* Percentage Daily Intakes are based on an average adult diet of 8700 kJ. Your daily intakes may be higher or lower depending on your energy needs.",,https://www.coles.com.au/product/dare-lactose-free-double-expresso-flav-milk-500ml-6264843,,,2024-06-18T01:27:10.728901-04:00
"Ind54SColes_ADairy, Eggs & Fridge_SAMilk_IBig M Lactose Free Chocolate Milk | 500mL",Big M Lactose Free Chocolate Milk | 500mL,Big M,"Dairy, Eggs & Fridge",Milk,Specialty milk,,$3.30,,$3.70,$6.60 per 1L,5725667,Big M Lactose Free Double Choc is a pasteurised reduced fat (contains 26% less fat than a 3.4g fat per 100mL flavoured milk) chocolate flavoured milk. The Big M flavour you love is now lactose free!,,,"Per 100g/ml
Per Serving
%DI
Energy
289kJ
1440kJ
17.0%
Protein
3.2g
16.0g
32.0%
Total Fat
2.5g
18.0%
Saturated Fat
1.6g
8.0g
33.0%
Carbohydrate
8.4g
42.0g
14.000000000000002%
Sugars
7.9g
39.5g
44.0%
Calcium
114mg
570mg
Lactose
Not Detected
Not Detected
>1
Sodium
42mg
210mg
9.0%
Monounsaturated
>1
>1
>1
Energy (Cal)
69Cal
345Cal
>1
Dietary Fibre (total)
0.0g
0.0g
0.0%
Polyunsaturated
>1
>1
>1
Galactose
2.2g
11.0g
>1
Trans
>1
>1
>1
* Percentage Daily Intakes are based on an average adult diet of 8700 kJ. Your daily intakes may be higher or lower depending on your energy needs.",,https://www.coles.com.au/product/big-m-lactose-free-chocolate-milk-500ml-5725667,,,2024-06-18T01:27:22.790059-04:00
"Ind54SColes_ADairy, Eggs & Fridge_SAMilk_IDare Mocha Flavoured Milk | 500mL",Dare Mocha Flavoured Milk | 500mL,Dare,"Dairy, Eggs & Fridge",Milk,Milk flavoured,,$3.30,,$4.15,$6.60 per 1L,3033957,"Forgot you drove to work and caught the train home?

...A Dare Fix'll Fix It!

Made with real Robusta & Arabica coffee, chocolate flavour and fresh milk. A mocha that can't be mocked!
Robusta & Arabica Coffee

Made with Fresh Milk

Australian Made

A Dare Fix'll fix it

Mocha chocolate flavour

A Dare Iced Coffee kick.",,,"Per 100g/ml
Per Serving
%DI
Energy
368kJ
1840kJ
21%
Protein
3.3g
16.5g
33%
Total Fat
3.5g
17.5g
25%
Saturated Fat
2.2g
11.0g
46%
Carbohydrate
10.7g
53.5g
17%
Sugars
10.2g
51.0g
56%
Calcium
113mg
565mg
71% RDI*
Sodium
44mg
220mg
10%
Caffeine
25mg
125mg
* Percentage Daily Intakes are based on an average adult diet of 8700 kJ. Your daily intakes may be higher or lower depending on your energy needs.",,https://www.coles.com.au/product/dare-mocha-flavoured-milk-500ml-3033957,,,2024-06-18T01:27:33.877308-04:00
"Ind54SColes_ADairy, Eggs & Fridge_SAMilk_IBig M Strawberry Flavoured Milk Bottle | 750mL",Big M Strawberry Flavoured Milk Bottle | 750mL,Big M,"Dairy, Eggs & Fridge",Milk,Milk flavoured,,$4.60,,,$6.13 per 1L,3035442,"Big day?

With protein, energy & electrolytes fuel up with Big M!

Pasteurised Reduced Fat Strawberry Flavoured Milk (26% less fat vs regular fat flavoured milk with 3.4% fat).

No artificial colours, flavours or sweeteners.

No preservatives.
Pasteurised reduced fat (26% less fat vs. regular fat flavoured milk)

No preservatives.",,,"Per 100g/ml
Per Serving
%DI
Energy
293kJ
1532kJ
18.00%
Protein
3.2g
16.0g
32.00%
Total Fat
2.5g
12.5g
18.00%
Saturated Fat
1.6g
8.1g
34.00%
Carbohydrate
8.6g
43.0g
14.00%
Sugars
8.6g
43.0g
48.00%
Calcium
117mg
585mg
73% RDI*
Sodium
43mg
215mg
9.00%
Energy (Cal)
70Cal
350Cal
Potassium
153mg
765mg
* Percentage Daily Intakes are based on an average adult diet of 8700 kJ. Your daily intakes may be higher or lower depending on your energy needs.",,https://www.coles.com.au/product/big-m-strawberry-flavoured-milk-bottle-750ml-3035442,,,2024-06-18T01:27:45.654058-04:00
"Ind54SColes_ADairy, Eggs & Fridge_SAMilk_IHunt & Brew Brazil Iced Coffee | 400mL",Hunt & Brew Brazil Iced Coffee | 400mL,Hunt&Brew,"Dairy, Eggs & Fridge",Milk,Milk flavoured,,$3.95,,$4.95,$9.88 per 1L,2918303,"Like a Brazilian harpy eagle that picks and swoops its prey, that's how we feel about choosing the right coffee bean - single minded in the pursuit of the perfect brew. We've hunted the globe and found the finest single origin coffee beans. Our travels have taken us to the Cerrado region of Brazil where the soil, climate and altitude produce a clean bean that has nutty and bright citrus notes, with a caramel finish. Locally roasted and ground to profile, Hunt and Brew coffee is slowly brewed and triple filtered for maximum flavour extraction. Finally, we cut the brew with fresh Australian full cream milk, and nothing more.

Where are our beans from?
The characteristics of Cerrado coffee beans are informed by the region's special terroir.
With rich soils and high altitudes, Cerrado produces a clean bean that translates into a well-balanced coffee in body and acidity.
The region's moderate continental climate adds to a robust growing season, which is reflected in our Hunt and Brew Brazil blend.",,,"Per 100g/ml
Per Serving
%DI
Energy
180 kJ
720 kJ
9%
Protein
2.4g
9.6g
19%
Total Fat
2.2g
8.8g
13%
Saturated Fat
1.5g
6.0g
25%
Carbohydrate
3.5g
14g
5%
Sugars
1.6g
6.4g
7%
Sodium
27 mg
108 mg
5%
* Percentage Daily Intakes are based on an average adult diet of 8700 kJ. Your daily intakes may be higher or lower depending on your energy needs.",,https://www.coles.com.au/product/hunt-and-brew-brazil-iced-coffee-400ml-2918303,,,2024-06-18T01:27:57.289799-04:00
"Ind54SColes_ADairy, Eggs & Fridge_SAMilk_IBoss Iced Latte Coffee | 237mL",Boss Iced Latte Coffee | 237mL,Boss,"Dairy, Eggs & Fridge",Milk,Milk flavoured,,$3.50,,$4.00,$14.77 per 1L,3762673,"We have finally brought Suntory BOSS Coffee to Australia and New Zealand, and with it, our uniquely Japanese brewing process, ""Flash Brew"". These products may be somewhat new to Australia and New Zealand, but originate from a storied 25-year-long-long legacy of masterful expertise.",,,"Per 100g/ml
Per Serving
%DI
Energy
92kJ
218kJ
3%
Protein
<1g
1.4g
3%
Total Fat
<1g
1.2g
2%
Saturated Fat
<1g
<1g
2%
Carbohydrate
3.8g
9.0g
3%
Sugars
2.7g
6.3g
7%
Sodium
49mg
115mg
5%
Energy (Cal)
22kcal
52kcal
* Percentage Daily Intakes are based on an average adult diet of 8700 kJ. Your daily intakes may be higher or lower depending on your energy needs.",,https://www.coles.com.au/product/boss-iced-latte-coffee-237ml-3762673,,,2024-06-18T01:28:09.071374-04:00
"Ind54SColes_ADairy, Eggs & Fridge_SAMilk_IHunt & Brew Extra Creamy Milk | 1L",Hunt & Brew Extra Creamy Milk | 1L,Hunt&Brew,"Dairy, Eggs & Fridge",Milk,Specialty milk,,$3.15,,$3.95,$3.15 per 1L,4163903,"Hunt and Brew is here to do dairy better.
We know that nothing beats the taste of fresh milk.
We have hunted the globe and found premium quality, fresh milk from Margaret River and the surrounding South West region of Western Australia.
Enjoy our Extra Creamy milk with 4.2% fat! Richer, creamier and fuller-tasting milk that's perfect for your at-home coffee or dairy occasion.
Our bottles are made from 100% recycled Australian plastic. Close the loop & Recycle me again.",,,"Per 100g/ml
Per Serving
%DI
Energy
301kJ
753kJ
9%
Protein
3.6g
9g
18%
Total Fat
4.2g
10.5g
15%
Saturated Fat
2.6g
6.5g
27%
Carbohydrate
4.9g
12.3g
4%
Sugars
4.4g
11g
12%
Calcium
130mg
325mg
41%
Sodium
39mg
98mg
4%
* Percentage Daily Intakes are based on an average adult diet of 8700 kJ. Your daily intakes may be higher or lower depending on your energy needs.",,https://www.coles.com.au/product/hunt-and-brew-extra-creamy-milk-1l-4163903,,,2024-06-18T01:28:21.052904-04:00
"Ind54SColes_ADairy, Eggs & Fridge_SAMilk_IDare Espresso Flavoured Milk | 2L",Dare Espresso Flavoured Milk | 2L,Dare,"Dairy, Eggs & Fridge",Milk,Milk flavoured,,$7.00,,,$3.50 per 1L,5206830,"Walked into a stationary object and said 'sorry'?

A Dare Fix'll Fix It!

Dare Iced Coffee Espresso is a unique blend of Arabica and Robusta coffee and fresh milk that delivers a smooth coffee flavour with a real coffee kick. Dare Iced Coffee is Australian made and is made with fresh milk.
Robusta & Arabica Coffee
Made with Fresh Milk
Australian Made
A Dare Fix'll fix it
A Dare Iced Coffee kick
Dare Espresso.
Made with 100% Rain Forest Alliance Certified Coffee Beans.
Working with the Rainforest Alliance to support coffee farmers and their communities.",,,"Per 100g/ml
Per Serving
%DI
Energy
341kJ
853kJ
10.00%
Protein
3.4g
8.5g
17.00%
Total Fat
3.5g
8.8g
13.00%
Saturated Fat
2.2g
5.5g
23.00%
Carbohydrate
9.0g
22.5g
7.00%
Sugars
8.7g
21.8g
24.00%
Vitamin B2
0.24mg
0.60mg
35% RDI*
Calcium
123mg
308mg
39% RDI*
Vitamin B12
0.42ug
1.05ug
53% RDI*
Sodium
43mg
108mg
5.00%
Energy (Cal)
81Cal
203Cal
Potassium
158mg
365mg
Vitamin B5
0.24mg
0.60mg
12% RDI*
Caffeine
16mg
40mg
Iodine
27ug
68ug
45% RDI*
* Percentage Daily Intakes are based on an average adult diet of 8700 kJ. Your daily intakes may be higher or lower depending on your energy needs.",,https://www.coles.com.au/product/dare-espresso-flavoured-milk-2l-5206830,,,2024-06-18T01:28:32.165291-04:00
"Ind54SColes_ADairy, Eggs & Fridge_SAMilk_IDare Double Espresso Flavoured Milk | 500mL",Dare Double Espresso Flavoured Milk | 500mL,Dare,"Dairy, Eggs & Fridge",Milk,Milk flavoured,,$3.30,,$4.15,$6.60 per 1L,3033946,"Pasteurised iced coffee flavoured milk.

Is this the $10,000 Fix?

Find the Dare-mergency tape in this bottle and you'll win $10,000!

Grab a fix now, There's 10 Dare-mergency bottles to be found.

Promo starts 29/7/19 AEDT ends 30/9/19 AEDT. Purchase any specially marked Dare Iced Coffee 500mL or 750mL, unscrew the lid to see if you have won. Winners: keep receipt, winning tape and claim prize by 5pm AEDT 3/1/20. To enter second chance draw, complete the entry form at www.facebook.com/dareicedcoffee during the promotional period. Entry open AU residents 18+ only. Total prizes: 10.
Promoter: LD&D Australia Pty Ltd 1800 677 852. See www.dareicedcoffee.com.au/daremergency for full T&Cs.
Permit Nos: ACT TP19/03268, NSW LTPS/19/34385 and SA T19/697.",,,"Per 100g/ml
Per Serving
%DI
Energy
352kJ
1760kJ
20.0%
Protein
3.4g
17.0g
34.0%
Total Fat
3.5g
17.5g
25.0%
Saturated Fat
2.2g
11.0g
46.0%
Carbohydrate
9.7g
48.5g
16.0%
Sugars
9.0g
45.0g
50.0%
Calcium
118mg
590mg
74% RDI*
Sodium
41mg
205mg
9.0%
Caffeine
32mg
160mg
* Percentage Daily Intakes are based on an average adult diet of 8700 kJ. Your daily intakes may be higher or lower depending on your energy needs.","Fresh Milk, Sugar, Coffee Powder (0.76%)(Robusta, Arabica), Colour (150c), Flavours.",https://www.coles.com.au/product/dare-double-espresso-flavoured-milk-500ml-3033946,,,2024-06-18T01:28:43.011283-04:00
"Ind54SColes_ADairy, Eggs & Fridge_SAMilk_IPauls Skinny Low Fat Free | 2L",Pauls Skinny Low Fat Free | 2L,Pauls,"Dairy, Eggs & Fridge",Milk,Skim & low fat milk,,$5.40,,,$2.70 per 1L,5260188,"At Pauls, we love dairy. We're pretty passionate about making great tasting products packed with real dairy goodness. We put that devotion into every Pauls milk, cream, custard and yoghurt we make.
Pauls Skinny Milk is a natural source of protein, vitamins and minerals essential for good health.

As part of a healthy diet, Pauls Skinny Milk reduces your body's cholesterol level and it tastses great!
(Reduces blood cholesterol levels as part of a healthy diet that is low in saturated fats).
Reduces cholesterol

High calcium

Good Source of protein

Good Source of Riboflavin (B2)

Made from Australian Milk",,,"Per 100g/ml
Per Serving
%DI
Energy
175kJ
438kJ
Protein
4.1g
10.3g
Total Fat
0.1g
0.3g
Saturated Fat
0.1g
0.3g
Carbohydrate
6.0g
15.0g
Sugars
6.0g
15.0g
Vitamin B2
0.2 mg
0.5 mg
29% RDI
Calcium
148 mg
370 mg
46% RDI*
Iron
0
0
Vitamin A
0
0
Coenzyme Q10
0
0
Vitamin E
0
0
Vitamin C
0
0
Dietary Fibre (total)
0.0g
0.0g
Omega - 6
0
0
Magnesium
0
0
Selenium
0
0
Copper
0
0
Trans
0.0g
0.0g
Iodine
0
0
Bioflavoids
0
Folic Acid
0
0
Biotin
0
0
Molybdenum
0
0.0.
Zinc
0
0
Sodium
46mg
115mg
Choline
0
0
Monounsaturated
0.0g
0.0g
Chromium
0
0
Polyunsaturated
0.0g
0.0g
Potassium
0
0
Manganese
0
0
* Percentage Daily Intakes are based on an average adult diet of 8700 kJ. Your daily intakes may be higher or lower depending on your energy needs.",,https://www.coles.com.au/product/pauls-skinny-low-fat-free-2l-5260188,,,2024-06-18T01:28:55.005167-04:00
"Ind54SColes_ADairy, Eggs & Fridge_SAMilk_ISt. Ali Original Iced Coffee | 480mL",St. Ali Original Iced Coffee | 480mL,St Ali,"Dairy, Eggs & Fridge",Milk,Milk flavoured,,$6.00,,,$12.50 per 1L,7069388,"Welcome back Iced Coffee. We've missed you and cannot get enough of your sweet, creamy goodness. The return of a classic, we've brought back our OG Iced Coffee, with a few upgrades. Mixing ST. ALi coffee with rich, creamy Australian milk, you'll be drinking this all summer long.",,,,"Full Cream Milk 76%, Coffee 21%, Brown Sugar, Emulsifier E471, Stabiliser E40, Acidity regulator E339.",https://www.coles.com.au/product/st.-ali-original-iced-coffee-480ml-7069388,,,2024-06-18T01:29:04.022400-04:00
"Ind54SColes_ADairy, Eggs & Fridge_SAMilk_IColes Full Cream Milk | 600mL",Coles Full Cream Milk | 600mL,Coles,"Dairy, Eggs & Fridge",Milk,Full cream milk,,$1.30,,,$2.17 per 1L,6759482,"Coles Australian Dairy Full Cream Milk, 600mL carton. The hard work and dedicated spirit of dairy farmers is embedded in the fabric of our country. That's why Coles is proud to directly partner with dairy farmers in New South Wales and Victoria, offering longer term agreements and helping farmers better plan for their future. We know each and every farmer we source our milk from and that's what makes us better together. The fresh, creamy goodness of milk is a source of protein and is rich in calcium for healthy teeth and bones. Enjoy the nourishment of Coles milk every day.",,,"Per 100g/ml
Per Serving
%DI
Energy
260
650
7
Total Fat
3.3
8.3
12
Carbohydrate
4.70
11.75
Sugars
4.70
11.75
Calcium
125
313
Sodium
38
95
4
Energy (Cal)
62
155
Dietary Fibre (total)
0.00
0.00
* Percentage Daily Intakes are based on an average adult diet of 8700 kJ. Your daily intakes may be higher or lower depending on your energy needs.",INGREDIENTSHomogenised and Pasteurised Full Cream Milk,https://www.coles.com.au/product/coles-full-cream-milk-600ml-6759482,,,2024-06-18T01:29:14.899022-04:00
"Ind54SColes_ADairy, Eggs & Fridge_SAMilk_IVitasoy Soy Milky Lite Chilled | 1L",Vitasoy Soy Milky Lite Chilled | 1L,Vitasoy,"Dairy, Eggs & Fridge",Milk,Soy & almond milk,,$2.85,,,$2.85 per 1L,4514510,"Every whole soybean that makes this milk great is grown in Australia
Beneath the watchful eyes of Aussie farmers, every whole soybean squeezed into our Soy Milky was planted and picked at just the right moment. It's why our great milky taste is hard to beat.

For us, it's a daily obsession that's been growing across the globe since the Vitasoy brand first started in 1940. Bringing you a simple yet delicious soy milk, brimming with the good stuff-and less than 2% Fat.

This is why our glass is always full.

Grown by Aussie Farmers
Our whole soybeans are harvested from February to April and delivered to our Wodonga factory.
Only the best beans make it...

Blended by us
We dehull and grind our beans, then blend the good bits with filtered water and other ingredients including calcium.
Perfected and packed for your fridge...

Enjoyed by you
Your Vitasoy is ready to be soaked up and savoured with all your favourites.

- Australian grown whole soybeans.
- 1/3 of your daily calcium needs in every serving.
- Naturally free from gluten, dairy, lactose and cholesterol.
- Natural source of protein.
- No artificial colours, flavours or preservatives.
- Non-genetically modified.
- Suitable For vegans and vegetarians.

The protein in this product is derived from Australian grown whole soybeans. It may appear as white sediment so make sure you shake the product well before consuming it.",,,"Per 100g/ml
Per Serving
%DI
Energy
162kJ
405kJ
5.00%
Protein
3.0g
7.5g
15.00%
Total Fat
1.8g
4.5g
6.00%
Saturated Fat
0.3g
0.8g
3.00%
Carbohydrate
2.5g
6.2g
2.00%
Sugars
1.6g
4.0g
4.00%
Calcium
120mg
300mg
38% RDI#
Cholesterol
0mg
0mg
Lactose
0g
0g
Sodium
80mg
200mg
9.00%
Monounsaturated
0.4g
1.0g
Energy (Cal)
39Cal
98Cal
Dietary Fibre (total)
0.2g
0.5g
2.00%
Polyunsaturated
1.1g
2.8g
Galactose
0g
0g
Gluten
0mg
0mg
Trans
0g
0g
* Percentage Daily Intakes are based on an average adult diet of 8700 kJ. Your daily intakes may be higher or lower depending on your energy needs.",,https://www.coles.com.au/product/vitasoy-soy-milky-lite-chilled-1l-4514510,,,2024-06-18T01:29:26.568742-04:00
"Ind54SColes_ADairy, Eggs & Fridge_SAMilk_IRokeby Farms Protein Smoothie Vanilla Wafer | 425mL",Rokeby Farms Protein Smoothie Vanilla Wafer | 425mL,Rokeby Farms,"Dairy, Eggs & Fridge",Milk,Milk flavoured,,$4.65,,,$10.94 per 1L,6248519,"A rich vanilla smoothie with a hint of crispy wafer and no added sugar.
Made with fresh cold-filtered milk and naturally contains 30 grams of farm-fresh protein.",,,"Per 100g/ml
Per Serving
%DI
Energy
238kJ
1012kJ
Protein
7.1g
30g
Total Fat
1.5g
6.4g
Saturated Fat
1.1g
4.7g
Carbohydrate
4.3g
18.3g
Sugars
3.9g
16.6g
Lactose
0.5g
2.1g
Calcium
196mg
833mg
Sodium
26mg
111mg
* Percentage Daily Intakes are based on an average adult diet of 8700 kJ. Your daily intakes may be higher or lower depending on your energy needs.","Filtered low fat milk, water, cream, erythritol, natural flavours, vanilla bean extract (0.05%), lactase enzyme, carrageenan, stevia (steviol glycosides).",https://www.coles.com.au/product/rokeby-farms-protein-smoothie-vanilla-wafer-425ml-6248519,,,2024-06-18T01:29:38.000475-04:00
"Ind54SColes_ADairy, Eggs & Fridge_SAMilk_IA2 Light Milk | 2L",A2 Light Milk | 2L,A2,"Dairy, Eggs & Fridge",Milk,Specialty milk,,$6.90,,,$3.45 per 1L,9759944,"a2 Milk is no ordinary milk!

It is real milk that may be easier on digestion for some people*.

As the number 1 producer of A1 protein free milk in Australia, our purpose is to pioneer the future of dairy for good.


For more information on the a2 Milk difference visit www.a2milk.com.au

*a2 Milk comes from cows specially selected to naturally produce milk with only the A2-type beta-casein protein so may be easier on digestion than ordinary milk for some milk intolerant individuals when consumed as part of a healthy, varied diet.
All natural with no additives, this delicious and creamy lite fresh milk contains just 1.3g of fat per 100ml

Easier on digestion for some**a2 Milk comes from cows specially selected to naturally produce milk with only the A2-type beta-casein protein so may be easier on digestion than regular milk for some milk intolerant individuals when consumed as part of a healthy, varied diet.

Naturally all A2-type beta-casein protein type, and no A1Some people may be sensitive to a protein called A1 beta-casein commonly found in milk.

The perfect milk for all occasions! Use a2 Milk in tea and coffee, baking, cooking, with cereal, with cookies, or simply enjoy on its own.

a2 Milk has been proudly partnering with Landcare Australia since 2017 to support our farmers with initiatives to protect, enhance and restore the natural environment

Good source of calcium.

Contains Protein.",,,"Per 100g/ml
Per Serving
%DI
Energy
189kJ
473kJ
0
Protein
3.3g
8.3g
0
Total Fat
1.3g
3.3g
0
Saturated Fat
0.9g
2.3g
0
Carbohydrate
5.2g
13.0g
0
Sugars
5.2g
13.0g
0
Calcium
117mg
293mg
36.0%
Sodium
48mg
120mg
0
Monounsaturated
0
0
0
Energy (Cal)
45 Cal
113 Cal
0
Dietary Fibre (total)
0
0
0
Polyunsaturated
0
0
0
Potassium
150mg
375mg
0
Trans
0
0
0
* Percentage Daily Intakes are based on an average adult diet of 8700 kJ. Your daily intakes may be higher or lower depending on your energy needs.",Reduced Fat Milk,https://www.coles.com.au/product/a2-light-milk-2l-9759944,,,2024-06-18T01:29:50.513319-04:00
"Ind54SColes_ADairy, Eggs & Fridge_SAMilk_ITable Of Plenty Kefir Natural Yoghurt | 1Kg",Table Of Plenty Kefir Natural Yoghurt | 1Kg,Table Of Plenty,"Dairy, Eggs & Fridge",Milk,Probiotic milk,,$8.90,,,$0.89 per 100g,2917923,"Table of Plenty Probiotic Kefir Natural Yoghurt is a slow-fermented pourable kefir yoghurt. With 10 culture strains and over 90 billion+ live cultures in every serve, it's a delicious way to create a healthier, happier gut.
Pleasantly tart with a hint of natural fizz, our live Natural Probiotic Kefir is made with fresh milk from grass-fed Gippsland cow's milk with no milk powders, just as nature intended.
Being traditionally slow fermented means all the good bits stay inside the bottle. Because our live Probiotic kefir is made with fresh milk and is slow-fermented, it can get a little lumpy (just like life)! Simply give it a good shake to make it deliciously creamy again!
Enjoy as a great alternative to milk and yogurt and is perfectly paired with all your favourite breakfasts. You can use kefir on its own as a nutritious drink, add it to smoothies, dollop onto your favourite muesli or use it in recipes such as pancakesÂ¦ the options are endless.
90+ billion live friendly bacterial
10 culture strains
Fresh Milk Kefir
Slow fermented
No added sugar",,,,"Fresh Milk, Live Cultures, Live Probiotic Cultures",https://www.coles.com.au/product/table-of-plenty-kefir-natural-yoghurt-1kg-2917923,,,2024-06-18T01:30:00.112763-04:00
"Ind54SColes_ADairy, Eggs & Fridge_SAMilk_IColes Lite Reduced Fat Milk | 3L",Coles Lite Reduced Fat Milk | 3L,Coles,"Dairy, Eggs & Fridge",Milk,Skim & low fat milk,,$4.50,,,$1.50 per 1L,9107728,COLES IS COMMITTED TO BRINGING YOU HIGH QUALITY FRESH MILK FROM DAIRY FARMS ACROSS AUSTRALIA,,,"Per 100g/ml
Per Serving
%DI
Energy
185.80
464.50
Protein
3.40
8.50
Total Fat
1.3
3.3
5
Saturated Fat
0.90
2.25
Carbohydrate
4.60
11.50
Sugars
4.50
11.25
Sodium
37.00
92.50
Energy (Cal)
44.45
111.12
Dietary Fibre (total)
0.00
0.00
* Percentage Daily Intakes are based on an average adult diet of 8700 kJ. Your daily intakes may be higher or lower depending on your energy needs.",,https://www.coles.com.au/product/coles-lite-reduced-fat-milk-3l-9107728,,,2024-06-18T01:30:12.066430-04:00
"Ind54SColes_ADairy, Eggs & Fridge_SAMilk_IPauls Smarter White Milk 2% Fat Full Cream Taste Bottle | 1L",Pauls Smarter White Milk 2% Fat Full Cream Taste Bottle | 1L,Pauls,"Dairy, Eggs & Fridge",Milk,Skim & low fat milk,,$3.20,,,$3.20 per 1L,9411773,"At Pauls, we love dairy. We're pretty passionate about making great tasting products packed with real dairy goodness. We put that devotion into every Pauls milk, cream, custard and yoghurt we make.
Pauls Smarter White Milk has all the goodness and taste of full cream milk with only 2% fat.
Full cream taste

Only 2% Fat.

Fresh Australian Milk

Good Source Calcium

Goodness and taste of full cream milk",,,"Per 100g/ml
Per Serving
%DI
Energy
236 kJ
570 kJ
Protein
3.8 g
9.5 g
Total Fat
2.0 g
5.0 g
Saturated Fat
1.3 g
3.3 g
Carbohydrate
5.3 g
13.3 g
Sugars
5.3 g
13.3 g
Calcium
132 mg
330 mg
41% RDI*
Iron
0.0
0.0
Vitamin A
0.0
0.0
Coenzyme Q10
0.0
0.0
Vitamin E
0.0
0.0
Vitamin B
0.0
0.0
Vitamin C
0.0
0.0
Dietary Fibre (total)
0.0
0.0
Omega - 6
0.0
0.0
Magnesium
0.0
0.0
Selenium
0.0
0.0
Copper
0.0
0.0
Trans
0.0
0.0
Iodine
0.0
0.0
Bioflavoids
0.0
Folic Acid
0.0
0.0
Biotin
0.0
0.0
Molybdenum
0.0
0.0
Zinc
0.0
0.0
Sodium
42 mg
105 mg
Choline
0.0
0.0
Monounsaturated
0.0
0.0
Chromium
0.0
0.0
Polyunsaturated
0.0
0.0
Potassium
0.0
0.0
Manganese
0.0
0.0
* Percentage Daily Intakes are based on an average adult diet of 8700 kJ. Your daily intakes may be higher or lower depending on your energy needs.",,https://www.coles.com.au/product/pauls-smarter-white-milk-2percent-fat-full-cream-taste-bottle-1l-9411773,,,2024-06-18T01:30:27.414640-04:00
"Ind54SColes_ADairy, Eggs & Fridge_SAMilk_IPauls Farmhouse Gold Cream On Top Milk | 1.5L",Pauls Farmhouse Gold Cream On Top Milk | 1.5L,Pauls,"Dairy, Eggs & Fridge",Milk,Specialty milk,,$4.40,,,$2.93 per 1L,2917967,"Farmhouse Gold is traditional wholesome milk with a layer of cream on top. It's Perfect for those who love the rich, creamy taste of real milk. Made with fresh, premium milk from Australian farms, Farmhouse Gold has a delicious, velvety taste you will savour. Milk, the way it was meant to be be.
Extra Creamy Milk",,,"Per 100g/ml
Per Serving
%DI
Energy
317 kJ
792 kJ
Protein
3.4g
8.5g
Total Fat
4.7g
11.8g
Saturated Fat
3.1g
7.8g
Carbohydrate
4.8g
12g
Sugars
4.8
12g
Sodium
123 mg
102 mg
Energy (Cal)
76 Cal
189 Cal
* Percentage Daily Intakes are based on an average adult diet of 8700 kJ. Your daily intakes may be higher or lower depending on your energy needs.",,https://www.coles.com.au/product/pauls-farmhouse-gold-cream-on-top-milk-1.5l-2917967,,,2024-06-18T01:30:38.317614-04:00
"Ind54SColes_ADairy, Eggs & Fridge_SAMilk_IColes Dairy Full Cream Milk | 1L",Coles Dairy Full Cream Milk | 1L,Coles,"Dairy, Eggs & Fridge",Milk,Full cream milk,,$1.60,,,$1.60 per 1L,9052681,"Coles Australian dairy fresh full cream milk 1L. Better Together with Australian Farmers The hard work and dedicated spirit of dairy farmers is embedded in the fabric of our country. That's why Coles is proud to directly partner with dairy farmers in New South Wales offering longer term agreements and helping farmers better plan for their future. We know each and every farmer we source our milk from and that's what makes us better together. The fresh, creamy goodness of milk is a source of protein and is rich in calcium for healthy teeth and bones. Enjoy the nourishment of Coles milk every day",,,"Per 100g/ml
Per Serving
%DI
Energy
260
650
7
Protein
3.4
8.5
17
Total Fat
3.3
8.3
12
Saturated Fat
2.4
6.0
25
Carbohydrate
4.7
11.8
4
Sugars
4.7
11.8
13
Calcium
125
313
Sodium
38
95
4
Energy (Cal)
62
155
Dietary Fibre (total)
0.00
0.00
* Percentage Daily Intakes are based on an average adult diet of 8700 kJ. Your daily intakes may be higher or lower depending on your energy needs.",,https://www.coles.com.au/product/coles-dairy-full-cream-milk-1l-9052681,,,2024-06-18T01:30:49.862614-04:00
"Ind54SColes_ADairy, Eggs & Fridge_SAMilk_IDairy Farmers Heart Active Milk | 1L",Dairy Farmers Heart Active Milk | 1L,Dairy Farmers,"Dairy, Eggs & Fridge",Milk,Specialty milk,,$3.90,,,$3.90 per 1L,7258880,"Proudly Australian owned, made & loved.

HeartActive milk tastes delicious, making it the simple and easy way to help manage your cholesterol. Good news for your body, great news for your tastebuds.

Enjoy HeartActive milk on your cereal, in tea and coffee, in a delicious fruit smoothie or in cooking. 

5 health star rating. 

Proud supporters of our Australian dairy farming communities for over 120 years, choose high quality, nutritious and delicious milk from Dairy Farmers.

Studies show that consuming milk with plant sterols every day, like HeartActive, can reduce LDL cholesterol after a minimum of three weeks. The highest study reported an average reduction of greater than 10%, and the overall reduction across these studies was 8.53%. Results may vary depending on personal circumstances. For best results, enjoy 2g of plant sterols (2-3 serves of HeartActive milk), as part of a healthy diet, low in saturated fat. More than 3 serves a day provides no additional health benefits. For children under the age of five, pregnant or lactating women and people taking cholesterol-lowering medication, doctor's advice should be sought before using HeartActive, due to their special dietary needs.
Australian milk

Fresh milk

From Australian farmers

Healthy Milk, Rich in calcium, Low fat

Natural source of protein

High quality, nutritious and delicious milk.

Plant sterols.

Reduces cholesterol.",,,"Per 100g/ml
Per Serving
%DI
Energy
174kJ
435kJ
5.0%
Protein
3.3g
8.3g
17.0%
Total Fat
1.0g
2.5g
4.0%
Saturated Fat
0.5g
1.2g
5.0%
Carbohydrate
4.8g
12.0g
4.0%
Sugars
4.8g
12.0g
13.0%
Calcium
123mg
308mg
Sodium
45mg
113mg
5.0%
Monounsaturated
0.2g
0.5g
Energy (Cal)
42Cal
104Cal
Polyunsaturated
0.2g
0.5g
Trans
<0.1g
<0.1g
* Percentage Daily Intakes are based on an average adult diet of 8700 kJ. Your daily intakes may be higher or lower depending on your energy needs.",,https://www.coles.com.au/product/dairy-farmers-heart-active-milk-1l-7258880,,,2024-06-18T01:31:01.543112-04:00
"Ind54SColes_ADairy, Eggs & Fridge_SA_IRokeby Farms Fitmilk Lactose Free | 1L",Rokeby Farms Fitmilk Lactose Free | 1L,Rokeby Farms,"Dairy, Eggs & Fridge",,,,$3.20,,,$3.20 per 1L,5610155,"FitMilk is the perfect nutritional balance of 100% fresh Aussie milk that is lactose free, with 50% more protein and 50% less sugar. Giving you more of what you need, and less of what you don't.",,,"Per 100g/ml
Per Serving
%DI
Energy
269kJ
672kJ
Protein
5g
12.5g
Total Fat
3.8g
9.5g
Saturated Fat
2.5g
6.3g
Carbohydrate
2.5g
6.3g
Sugars
2.3g
5.8g
Calcium
140mg
350mg
Sodium
30mg
75mg
Magnesium
10mg
25mg
Potassium
120mg
300mg
* Percentage Daily Intakes are based on an average adult diet of 8700 kJ. Your daily intakes may be higher or lower depending on your energy needs.",,https://www.coles.com.au/product/rokeby-farms-fitmilk-lactose-free-1l-5610155,,,2024-06-18T01:31:13.710989-04:00
"Ind54SColes_ADairy, Eggs & Fridge_SAMilk_IBabushka's Probiotic Kefir Yoghurt Organic Natural | 750mL",Babushka's Probiotic Kefir Yoghurt Organic Natural | 750mL,Babushkas,"Dairy, Eggs & Fridge",Milk,Probiotic milk,,$6.20,,,$0.83 per 100g,5658209,,,,,,https://www.coles.com.au/product/babushka's-probiotic-kefir-yoghurt-organic-natural-750ml-5658209,,,2024-06-18T01:31:22.650512-04:00
"Ind54SColes_ADairy, Eggs & Fridge_SAMilk_IOak Iced Coffee Flavoured Milk | 600mL",Oak Iced Coffee Flavoured Milk | 600mL,Oak,"Dairy, Eggs & Fridge",Milk,Milk flavoured,,$3.90,Pick any 2 for $5,,$6.50 per 1L,5467200,"What's hungythirsty? Reading a carton, that's what. It's a state of weak indecision where you're neither hungry nor thirsty but a bit of both. So the only thing you're sure of is being not sure. Kill two birds with one steel meteorite of milk - it's full strength, full flavour, full on - in a range of flavours. OAK deals with hungrythirsty like a combine harvester deals with soft toys. Don't ask how we know this.",,,"Per 100g/ml
Per Serving
%DI
Energy
347 kJ
1040 kJ
Protein
3.2 g
9.6 g
Total Fat
3.4 g
10.2 g
Saturated Fat
2.4 g
7.2 g
Carbohydrate
9.3 g
27.9 g
Sugars
9.0 g
27.0 g
Calcium
114 mg
342 mg
42%
Sodium
38 mg
114 mg
* Percentage Daily Intakes are based on an average adult diet of 8700 kJ. Your daily intakes may be higher or lower depending on your energy needs.",,https://www.coles.com.au/product/oak-iced-coffee-flavoured-milk-600ml-5467200,,,2024-06-18T01:31:33.771245-04:00
"Ind54SColes_ADairy, Eggs & Fridge_SA_ITwinings English Breakfast Tea Bags 100 pack | 200g",Twinings English Breakfast Tea Bags 100 pack | 200g,Twinings,"Dairy, Eggs & Fridge",,,,$13.50,,,$0.14 per 1ea,304752,"Multi-origin blend including tea from: 
Africa
Fresh-tasting
India
Full-bodied
Compostable tea bag

Estd. 1706 London
At Twinings, our master blenders have been blending quality teas for over 300 years. 
Each blend is created with the finest ingredients to deliver a superior experience in every cup.",,,,Black Tea.,https://www.coles.com.au/product/twinings-english-breakfast-tea-bags-100-pack-200g-304752,,,2024-06-18T01:31:43.440858-04:00
"Ind54SColes_ADairy, Eggs & Fridge_SAMilk_IA2 Lactose Free Full Cream Milk | 1L",A2 Lactose Free Full Cream Milk | 1L,A2,"Dairy, Eggs & Fridge",Milk,Specialty milk,,$3.90,,$4.00,$3.90 per 1L,5593191,"This full cream milk comes from 100% Australian cows and is a great lactose free option. As the number 1 producer of of A1 protein free milk in Australia, our purpose is to pioneer the future of dairy for good.


For more information on the a2 Milk difference visit www.a2milk.com.au
This delicious and creamy fresh milk contains just 3.5g of fat per 100mL

Lactose Free Milk is easy to digest for people with intolerance or sensitivity to lactose**a2 Milk Lactose Freemay be easy to digestcompared to ordinarymilk for some peoplewho are sensitive tolactose, when consumedas part of a healthy,varied diet.

Naturally all A2-type beta-casein protein type, and no A1Some people may be sensitive to a protein called A1 beta-casein commonly found in milk.

The perfect milk for all occasions! Use a2 Milk in tea and coffee, baking, cooking, with cereal, with cookies, or simply enjoy on its own.

a2 Milk has been proudly partnering with Landcare Australia since 2017 to support our farmers with initiatives to protect, enhance and restore the natural environment

Good source of calcium.

The only naturally A1 protein free milk that is also lactose free!.",,,"Per 100g/ml
Per Serving
%DI
Energy
267kJ
671kJ
0
Protein
3.3g
8.3g
0
Total Fat
3.5g
8.8g
0
Saturated Fat
2.4g
6.0g
0
Carbohydrate
4.8g
12.0g
0
Sugars
4.8g
12.0g
0
Calcium
109mg
273mg
34.00%
Lactose
Not Detected
Not Detected
0
Sodium
40mg
100mg
0
Monounsaturated
0
0
0
Energy (Cal)
64 Cal
160 Cal
0
Dietary Fibre (total)
0.0g
0.0g
0
Polyunsaturated
0
0
0
Galactose
2.4g
6.0g
0
Potassium
147mg
368mg
0
Trans
0
0
0
* Percentage Daily Intakes are based on an average adult diet of 8700 kJ. Your daily intakes may be higher or lower depending on your energy needs.",,https://www.coles.com.au/product/a2-lactose-free-full-cream-milk-1l-5593191,,,2024-06-18T01:31:54.555074-04:00
"Ind54SColes_ADairy, Eggs & Fridge_SAMilk_IGreat Ocean Road Chocolate Flavoured Milk | 2L",Great Ocean Road Chocolate Flavoured Milk | 2L,Great Ocean Road,"Dairy, Eggs & Fridge",Milk,Milk flavoured,,$5.35,,,$2.68 per 1L,9321230,"Great Ocean Road Chocolate Milk contains all the natural goodness of full cream milk with a delicious and creamy chocolate taste. Born on the Great Ocean Road in Victoria, our products are made with 100% Australian milk sourced predominately from farmers in South West Victoria.- Chocolate Milk- Flavoured Milk",,,"Per 100g/ml
Per Serving
%DI
Energy
351kJ
878kJ
Protein
3.3g
8.3g
Total Fat
3.5g
8.8g
Saturated Fat
2.3g
5.8g
Carbohydrate
9.6g
24g
Sugars
9.4g
23.5g
Calcium
116mg
290mg
36%
Sodium
76mg
190mg
* Percentage Daily Intakes are based on an average adult diet of 8700 kJ. Your daily intakes may be higher or lower depending on your energy needs.",,https://www.coles.com.au/product/great-ocean-road-chocolate-flavoured-milk-2l-9321230,,,2024-06-18T01:32:05.645424-04:00
"Ind54SColes_ADairy, Eggs & Fridge_SA_IPauls Zymil Chocolate Lactose Free Milk | 400mL",Pauls Zymil Chocolate Lactose Free Milk | 400mL,Pauls,"Dairy, Eggs & Fridge",,,,$4.00,,,$10.00 per 1L,3187724,"At Pauls, we love dairy. We're pretty passionate about making great tasting products packed with real dairy goodness. We put that devotion into every Pauls milk, cream, custard and yoghurt we make. Milk is a natural source of protein, vitamins and minerals essential for good health. Rich in calcium, Pauls Zymil is simply milk which is easy to digest (As part of a healthy and varied diet, consuming Zymil instead of regular milk helps ease digestion in those who are sensitive to lactose). Plus Pauls Zymil is lactose free and made from real milk so it has all of the natural goodness of regular milk. Lactose free, easy to digest and rich in calcium.",,,"Per 100g/ml
Per Serving
%DI
Energy
318kJ
1272kJ
Protein
3.3g
13.2g
Total Fat
3.1g
12.4g
Saturated Fat
2.0g
8.0g
Carbohydrate
8.5g
34.0g
Sugars
8.4g
33.6g
Lactose
Nil
Nil
Calcium
105mg
420mg
54% Recommended Dietary Intake
Sodium
40mg
160mg
Energy (Cal)
76Cal
304Cal
Dietary Fibre (total)
0.4g
1.6g
Galactose
2.6g
10.4g
* Percentage Daily Intakes are based on an average adult diet of 8700 kJ. Your daily intakes may be higher or lower depending on your energy needs.",,https://www.coles.com.au/product/pauls-zymil-chocolate-lactose-free-milk-400ml-3187724,,,2024-06-18T01:32:17.205284-04:00
"Ind54SColes_ADairy, Eggs & Fridge_SAMilk_IA2 Light Fat Milk | 1L",A2 Light Fat Milk | 1L,A2,"Dairy, Eggs & Fridge",Milk,Specialty milk,,$3.90,,,$3.90 per 1L,9760047,"a2 Milk is no ordinary milk!

It is real milk that may be easier on digestion for some people*.

As the number 1 producer of A1 protein free milk in Australia, our purpose is to pioneer the future of dairy for good.


For more information on the a2 Milk difference visit www.a2milk.com.au

*a2 Milk comes from cows specially selected to naturally produce milk with only the A2-type beta-casein protein so may be easier on digestion than ordinary milk for some milk intolerant individuals when consumed as part of a healthy, varied diet.
All natural with no additives, this delicious and creamy lite fresh milk contains just 1.3g of fat per 100ml

Easier on digestion for some**a2 Milk comes from cows specially selected to naturally produce milk with only the A2-type beta-casein protein so may be easier on digestion than regular milk for some milk intolerant individuals when consumed as part of a healthy, varied diet.

Naturally all A2-type beta-casein protein type, and no A1Some people may be sensitive to a protein called A1 beta-casein commonly found in milk.

The perfect milk for all occasions! Use a2 Milk in tea and coffee, smoothies, baking, cooking, with cereal, with cookies, or simply enjoy on its own.

a2 Milk has been proudly partnering with Landcare Australia since 2017 to support our farmers with initiatives to protect, enhance and restore the natural environment

Good source of calcium.

Contains Protein.",,,"Per 100g/ml
Per Serving
%DI
Energy
189kJ
473kJ
0
Protein
3.3g
8.3g
0
Total Fat
1.3g
3.3g
0
Saturated Fat
0.9g
2.3g
0
Carbohydrate
5.2g
13.0g
0
Sugars
5.2g
13.0g
0
Calcium
117mg
293mg
36.0%
Sodium
48mg
120mg
0
Monounsaturated
0
0
0
Energy (Cal)
45 Cal
113 Cal
0
Dietary Fibre (total)
0
0
0
Polyunsaturated
0
0
0
Potassium
150mg
375mg
0
Trans
0
0
0
* Percentage Daily Intakes are based on an average adult diet of 8700 kJ. Your daily intakes may be higher or lower depending on your energy needs.",,https://www.coles.com.au/product/a2-light-fat-milk-1l-9760047,,,2024-06-18T01:32:29.953984-04:00
"Ind54SColes_ADairy, Eggs & Fridge_SAMilk_IOak Chocolate Flavoured Milk | 600mL",Oak Chocolate Flavoured Milk | 600mL,Oak,"Dairy, Eggs & Fridge",Milk,Milk flavoured,,$3.90,Pick any 2 for $5,,$6.50 per 1L,13079,"What's hungythirsty? It's a state of weak indecision where you're neither hungry nor thirsty but a bit of both. Kill two birds with one steel meteorite of OAK milk - it's full strength, full flavour, full on. With over 50 years' experience and a choice of rich, creamy and authentic flavours, OAK is always the answer.",,,"Per 100g/ml
Per Serving
%DI
Energy
376 kJ
1130 kJ
Protein
3.5 g
10.5 g
Total Fat
3.4 g
10.2 g
Saturated Fat
2.2 g
6.6 g
Carbohydrate
11.0 g
33.0 g
Sugars
10.6 g
31.8 g
Calcium
115 mg
345 mg
43%
Sodium
50 mg
150 mg
* Percentage Daily Intakes are based on an average adult diet of 8700 kJ. Your daily intakes may be higher or lower depending on your energy needs.",,https://www.coles.com.au/product/oak-chocolate-flavoured-milk-600ml-13079,,,2024-06-18T01:32:41.629010-04:00
"Ind54SColes_ADairy, Eggs & Fridge_SAMilk_IYakult Fermented Light Probiotic Milk 5 Pack | 65mL",Yakult Fermented Light Probiotic Milk 5 Pack | 65mL,Yakult,"Dairy, Eggs & Fridge",Milk,Probiotic milk,,$4.00,,,$12.31 per 1L,5543105,"Yakult Light- 75% less sugar and 40% less calories* with the same great taste. It is a refreshing fermented milk drink containing 6.5 billion of the unique probiotic, the Lactobacillus casei Shirota strain, proven to survive strong stomach acids to reach your intestines alive.
- no artificial colours
- low fat
- no preservatives
- gluten free
- Made fresh in Australia daily
- low lactose
For everybody, every day.
*compared to Yakult Original",,,"Per 100g/ml
Per Serving
%DI
Energy
192kJ
125kJ
Protein
1.3g
0.8g
Total Fat
<0.1g
<0.1g
Saturated Fat
<0.1g
<0.1g
Carbohydrate
4.9g
3.2g
Sugars
4.3g
2.8g
Sodium
16mg
10.4mg
Dietary Fibre (total)
<3.6g
2.3g
* Percentage Daily Intakes are based on an average adult diet of 8700 kJ. Your daily intakes may be higher or lower depending on your energy needs.",,https://www.coles.com.au/product/yakult-fermented-light-probiotic-milk-5-pack-65ml-5543105,,,2024-06-18T01:32:52.821632-04:00
"Ind54SColes_ADairy, Eggs & Fridge_SAMilk_ISanitarium So Good Chilled Regular Soy Milk | 1L",Sanitarium So Good Chilled Regular Soy Milk | 1L,Sanitarium,"Dairy, Eggs & Fridge",Milk,Soy & almond milk,,$2.80,,,$2.80 per 1L,6923327,"So Good Soy Milk has a deliciously rich and milky taste that makes it a great plant-based substitute for dairy.

It's also packed with good nutrition and is incredibly versatile.

Drink chilled on its own, add to muesli and smoothies, and use in cooking and baking.

Aussie Made
Half your daily Calcium
8g Plant Protein
No Artificial Colours or Flavours

No Lactose

No Gluten

No Cholesterol

No Dairy",,,"Per 100g/ml
Per Serving
%DI
Energy
273kJ
683kJ
Protein
3.2g
8.0g
Total Fat
3.5g
8.8g
Saturated Fat
0.4g
1.0g
Carbohydrate
5.1g
12.8g
Sugars
2.0g
5.0g
Vitamin B2
0.17mg
0.43mg
25%
Calcium
160mg
400mg
50%
Vitamin B12
0.4ug
1.0ug
50%
Cholesterol
0.0mg
0.0mg
Vitamin A
40ug
100ug
13%
Lactose
0.0g
0.0g
Sodium
40mg
100mg
Monounsaturated
1.4g
3.5g
Energy (Cal)
65Cal
163Cal
Dietary Fibre (total)
0.3g
0.8g
Polyunsaturated
1.7g
4.3g
Galactose
0.0g
0.0g
Gluten
Nil Detected
Nil Detected
Potassium
230mg
575mg
Trans
0.0g
0.0g
* Percentage Daily Intakes are based on an average adult diet of 8700 kJ. Your daily intakes may be higher or lower depending on your energy needs.",,https://www.coles.com.au/product/sanitarium-so-good-chilled-regular-soy-milk-1l-6923327,,,2024-06-18T01:33:04.978620-04:00
"Ind54SColes_ADairy, Eggs & Fridge_SAMilk_IDairy Farmers Buttermilk | 600mL",Dairy Farmers Buttermilk | 600mL,Dairy Farmers,"Dairy, Eggs & Fridge",Milk,Specialty milk,,$3.05,,,$5.08 per 1L,252739,"Take your cooking to the next level with Dairy Farmers Buttermilk. When buttermilk is combined with either self-raising flour or baking soda it creates aeration resulting in great tasting, light and fluffy baking!

Proudly Australian owned, made and loved.

Each serve of Dairy Farmers buttermilk is a good source of calcium.

With 4.5 health stars, Dairy Farmers Buttermilk is ideal for cooking. Consume as part of a balanced diet. ",,,"Per 100g/ml
Per Serving
%DI
Energy
215kJ
538kJ
6.0%
Protein
3.6g
9.0g
18.0%
Total Fat
1.8g
4.5g
6.0%
Saturated Fat
1.2g
3.0g
13.0%
Carbohydrate
5.1g
12.8g
4.0%
Sugars
5.1g
12.8g
14.000000000000002%
Calcium
128mg
320mg
Sodium
46mg
115mg
5.0%
Energy (Cal)
96Cal
128Cal
* Percentage Daily Intakes are based on an average adult diet of 8700 kJ. Your daily intakes may be higher or lower depending on your energy needs.",,https://www.coles.com.au/product/dairy-farmers-buttermilk-600ml-252739,,,2024-06-18T01:33:16.400023-04:00
"Ind54SColes_ADairy, Eggs & Fridge_SAMilk_IPura Milk Full Cream | 3L",Pura Milk Full Cream | 3L,Pura,"Dairy, Eggs & Fridge",Milk,Full cream milk,,$6.20,,,$2.07 per 1L,7828977,"Rich, creamy and nutritious, PURA Full Cream Milk naturally provides 8 essential nutrients to support a healthy mind and body: 

Protein - for muscle growth and repair 
Calcium and phosphorous - for strong bones and teeth 
Iodine and vitamin B5 - for healthy brain and cognitive function 
Potassium - for muscle function and hydration 
Vitamin B2 and B12 - for energy maintenance and immune support 

Consume as part of a varied diet.

4 health star rating. 

Proudly Australian owned and supporting local Australian dairy farming communities, choose high quality, nutritious and delicious milk from PURA.
Australian milk

Fresh milk

From Australian farmers

Rich in calcium

Natural source of protein

High quality.

Nutritious and delicious milk.",,,"Per 100g/ml
Per Serving
%DI
Energy
256kJ
640kJ
7%
Protein
3.2g
8.0g
16%
Total Fat
3.4g
8.5g
12%
Saturated Fat
2.2g
5.5g
23%
Carbohydrate
4.5g
11.3g
4%
Sugars
4.5g
11.3g
13%
Vitamin B2
0.15mg
0.38mg
22% RDI*
Calcium
111mg
276mg
35% RDI*
Vitamin B12
0.32ug
0.80ug
40% RDI*
Sodium
44mg
110mg
5%
Energy (Cal)
61Cal
153Cal
Potassium
143mg
358mg
Vitamin B5
0.28mg
0.70mg
14% RDI*
Iodine
17ug
43ug
29% RDI*
* Percentage Daily Intakes are based on an average adult diet of 8700 kJ. Your daily intakes may be higher or lower depending on your energy needs.",,https://www.coles.com.au/product/pura-milk-full-cream-3l-7828977,,,2024-06-18T01:33:28.630461-04:00
"Ind54SColes_ADairy, Eggs & Fridge_SAMilk_IFirst Press Cold Drip 10 Shot Coffee | 500mL",First Press Cold Drip 10 Shot Coffee | 500mL,First Press,"Dairy, Eggs & Fridge",Milk,Milk flavoured,,$12.95,,,$25.90 per 1L,3506265,"Say hello to the big boy. Made with 100% organic, single origin coffee beans from Honduras our original cold drip will dazzle you. With chocolate and red fruit notes its rich and strong with a light and smooth finish. ",,,,,https://www.coles.com.au/product/first-press-cold-drip-10-shot-coffee-500ml-3506265,,,2024-06-18T01:33:38.068336-04:00
"Ind54SColes_ADairy, Eggs & Fridge_SAPantry items_IRed Tractor Organic Rolled Oats | 1kg",Red Tractor Organic Rolled Oats | 1kg,Red Tractor,"Dairy, Eggs & Fridge",Pantry items,Cereals & spreads,,$6.50,,,"$0.65 per 100g
Was $7.50 on May 2024",3185296,"Red Tractor Organic Oats are steam stabilised (kiln free) to deliver a smooth, creamy texture. Our oats are 100% wholegrain, rich in fibre and protein and contain beta-glucan which helps reduce blood cholesterol.*
Red Tractor Organic Oats are farmed in the rich, volcanic soils of Victoria's Strathkellar region at the foothills of the Grampians. Our oats are grown by fifth generation farming family, the Nagorcka's, who first started harvesting Australian oats in 1876.
*A diet low in saturated fatty acids and containing 3g of beta-glucan per day reduces blood cholesterol.",,,"Per 100g/ml
Per Serving
%DI
Energy
1569kJ
628kJ
Protein
14.5g
5.8g
Total Fat
8.2g
3.3g
Saturated Fat
1.4g
0.6g
Carbohydrate
54.7g
21.9g
Sugars
1.1g
0.4g
Sodium
3mg
1mg
Dietary Fibre (total)
13.5g
5.4g
* Percentage Daily Intakes are based on an average adult diet of 8700 kJ. Your daily intakes may be higher or lower depending on your energy needs.",,https://www.coles.com.au/product/red-tractor-organic-rolled-oats-1kg-3185296,,,2024-06-18T01:33:49.133050-04:00
"Ind54SColes_ADairy, Eggs & Fridge_SAMilk_IBig M Strawberry Flavoured Milk | 2L",Big M Strawberry Flavoured Milk | 2L,Big M,"Dairy, Eggs & Fridge",Milk,Milk flavoured,,$6.50,,,$3.25 per 1L,5459938,"Big M Strawberry Flavoured Milk is a pasteurised reduced fat (26% less fat vs regular fat flavoured milk with 3.4% fat) strawberry flavoured milk with no artificial colours, flavours or sweeteners. Contains 8 nutrients and no preservatives.
Delicious coffee flavour

Provides the wholesome goodness of milk with 8 essential nutrients

Pasteurised reduced fat milk (47% less fat vs. regular fat flavoured milk with 3.4% fat)

No preservatives

Perfect as a morning or afternoon treat

Big M is available in 300ml, 500ml, 600ml, 750ml & 2 litre packs.",,,"Per 100g/ml
Per Serving
%DI
Energy
293kJ
733kJ
8%
Protein
3.2g
8.0g
16%
Total Fat
2.5g
6.3g
9%
Saturated Fat
1.6g
4.0g
17%
Carbohydrate
8.6g
21.5g
7%
Sugars
8.6g
21.5g
24%
Vitamin B2
0.13mg
0.33mg
19% RDI*
Vitamin B3
0
0
0
Calcium
117mg
293mg
37% RDI*
Iron
0
0
0
Vitamin A
0
0
0
Vitamin B
0
0
0
Vitamin C
0
0
0
Energy (Cal)
70Cal
175Cal
0
Dietary Fibre (total)
0
0
0
Magnesium
0
0
0
Selenium
0
0
0
Copper
0
0
0
Trans
0
0
0
Iodine
19ug
48ug
32% RDI*
Folic Acid
0
0
0
Inositol
0
0
0
Biotin
0
0
0
Molybdenum
0
0
0
Zinc
0
0
0
Sodium
43mg
108mg
5%
Choline
0
0
0
Chromium
0
0
0
Polyunsaturated
0
0
0
Potassium
153mg
383mg
0
Vitamin B6
0
0
0
Manganese
0
0
0
* Percentage Daily Intakes are based on an average adult diet of 8700 kJ. Your daily intakes may be higher or lower depending on your energy needs.",,https://www.coles.com.au/product/big-m-strawberry-flavoured-milk-2l-5459938,,,2024-06-18T01:34:00.613513-04:00
"Ind54SColes_ADairy, Eggs & Fridge_SAMilk_IIce Break Iced Coffee Triple Shot | 750mL",Ice Break Iced Coffee Triple Shot | 750mL,Ice Break,"Dairy, Eggs & Fridge",Milk,Milk flavoured,,$4.00,,$5.10,$5.33 per 1L,8224533,Ice Break Triple Shot is a 3 shot real coffee recharge made with Aussie milk.,,,"Per 100g/ml
Per Serving
%DI
Energy
293
1465
Protein
3.3g
16.5g
Total Fat
1.6g
8.0g
Saturated Fat
1.0g
5.0g
Carbohydrate
10.5g
52.5g
Sugars
9.9g
49.5g
Calcium
108mg
540mg
67% RDI*
Sodium
36mg
180mg
Energy (Cal)
70
350
Caffeine
41mg
205mg
* Percentage Daily Intakes are based on an average adult diet of 8700 kJ. Your daily intakes may be higher or lower depending on your energy needs.",,https://www.coles.com.au/product/ice-break-iced-coffee-triple-shot-750ml-8224533,,,2024-06-18T01:34:12.625402-04:00
"Ind54SColes_ADairy, Eggs & Fridge_SAMilk_ICaprilac Pasteurised Goats Milk | 1L",Caprilac Pasteurised Goats Milk | 1L,Caprilac,"Dairy, Eggs & Fridge",Milk,Specialty milk,,$6.40,,,$6.40 per 1L,3987232,"Premium quality fresh Australian goat's milk. Our CapriLac fresh goat milk is made from 100% natural goat milk straight from our farms in Australia. With A2 Goat Protein, CapriLac is a healthy and easier to digest alternative to cow's milk.
Easy to Digest

Gentle on the Stomach

Australian Made & Owned

Natural A2 Goat Protein

Good source of Calcium",,,"Per 100g/ml
Per Serving
%DI
Energy
272kJ per 100mL
Protein
3.0g per 100mL
Total Fat
4.1g per 100mL
Saturated Fat
2.6g per 100mL
Carbohydrate
4.1g per 100mL
Sugars
4.1g per 100mL
Calcium
125mg per 100mL
Sodium
32mg per 100mL
* Percentage Daily Intakes are based on an average adult diet of 8700 kJ. Your daily intakes may be higher or lower depending on your energy needs.",,https://www.coles.com.au/product/caprilac-pasteurised-goats-milk-1l-3987232,,,2024-06-18T01:34:25.477258-04:00
"Ind54SColes_ADairy, Eggs & Fridge_SAMilk_IPauls Zymil Lactose Free Milk Full Cream | 3L",Pauls Zymil Lactose Free Milk Full Cream | 3L,Pauls,"Dairy, Eggs & Fridge",Milk,Specialty milk,,$8.90,,,$2.97 per 1L,4228656,"At Pauls, we love dairy. We're pretty passionate about making great tasting products packed with real dairy goodness. We put that devotion into every Pauls milk, cream, custard and yoghurt we make. Milk is a natural source of protein, vitamins and minerals essential for good health. Rich in calcium, Pauls Zymil is simply milk which is easy to digest (As part of a healthy and varied diet, consuming Zymil instead of regular milk helps ease digestion in those who are sensitive to lactose). Plus Pauls Zymil is lactose free and made from real milk so it has all of the natural goodness of regular milk. Lactose free, easy to digest and rich in calcium.",,,,"Full cream milk, enzyme (lactase).",https://www.coles.com.au/product/pauls-zymil-lactose-free-milk-full-cream-3l-4228656,,,2024-06-18T01:34:34.741388-04:00
"Ind54SColes_ADairy, Eggs & Fridge_SAMilk_IHunt & Brew Creamy Milk | 1L",Hunt & Brew Creamy Milk | 1L,Hunt&Brew,"Dairy, Eggs & Fridge",Milk,Full cream milk,,$3.15,,$3.95,$3.15 per 1L,4163925,"Hunt and Brew is here to do dairy better.
We know that nothing beats the taste of fresh milk.
We have hunted the globe and found premium quality, fresh milk from Margaret River and the surrounding South West region of Western Australia.
Enjoy our Creamy milk with 3.5% fat. Nutritious full fat milk with delicious creamy taste that's perfect for your at-home smoothie or dairy occasion.
Our bottles are made from 100% recycled Australian plastic. Close the loop & Recycle me again.",,,"Per 100g/ml
Per Serving
%DI
Energy
266kJ
665kJ
8%
Protein
3.4g
8.5g
17%
Total Fat
3.5g
8.8g
13%
Saturated Fat
2.1g
5.3g
22%
Carbohydrate
4.8g
12g
4%
Sugars
3.6g
9g
10%
Calcium
100mg
250mg
31%
Sodium
31mg
78mg
3%
* Percentage Daily Intakes are based on an average adult diet of 8700 kJ. Your daily intakes may be higher or lower depending on your energy needs.",,https://www.coles.com.au/product/hunt-and-brew-creamy-milk-1l-4163925,,,2024-06-18T01:34:47.270901-04:00
"Ind54SColes_ADairy, Eggs & Fridge_SAMilk_IVitasoy Almond Iced Chocolate | 330mL",Vitasoy Almond Iced Chocolate | 330mL,Vitasoy,"Dairy, Eggs & Fridge",Milk,Milk flavoured,,$3.50,,,$10.61 per 1L,3624680,"Made with premium quality, whole Australian almonds and blended with single origin cocoa for a delicious drink to go. Vitasoy Whole Almond Chocolate is a natural source of vitamin E and provides the added benefit and goodness of calcium. It's naturally free from dairy, lactose, gluten and cholesterol. Plus you won't find any artificial colours or preservatives added in here. Put simply, it's like music to your mouth!
Made with Australian grown whole almonds

Naturally free from dairy, lactose, cholesterol and soy

Natural source of vitamin E

Benefit of 49% of your daily calcium needs

Suitable for vegans and vegetarians

No artificial colours or preservatives.",,,"Per 100g/ml
Per Serving
%DI
Energy
193
637
7%
Protein
1
3.3
7%
Total Fat
1.8
5.9
8%
Saturated Fat
0.2
0.7
3%
Carbohydrate
6.1
20.1
6%
Sugars
5.4
17.8
20%
Calcium
120
396
49%
Sodium
58
191
8%
Monounsaturated
1.1
3.6
Energy (Cal)
46
152
7%
Dietary Fibre (total)
0.7
2.3
8%
Polyunsaturated
0.5
1.7
* Percentage Daily Intakes are based on an average adult diet of 8700 kJ. Your daily intakes may be higher or lower depending on your energy needs.",,https://www.coles.com.au/product/vitasoy-almond-iced-chocolate-330ml-3624680,,,2024-06-18T01:34:59.614820-04:00
"Ind54SColes_ADairy, Eggs & Fridge_SAMilk_IA2 Full Cream Milk | 3L",A2 Full Cream Milk | 3L,A2,"Dairy, Eggs & Fridge",Milk,Specialty milk,,$9.90,,,$3.30 per 1L,3186175,"a2 Milk is no ordinary milk!

It is real milk that may be easier on digestion for some people*.

As the number 1 producer of A1 protein free milk in Australia, our purpose is to pioneer the future of dairy for good.


For more information on the a2 Milk difference visit www.a2milk.com.au

*a2 Milk comes from cows specially selected to naturally produce milk with only the A2-type beta-casein protein so may be easier on digestion than ordinary milk for some milk intolerant individuals when consumed as part of a healthy, varied diet.
All natural with no additives, this delicious and creamy fresh milk with less than 4g of fat per 100mL

Easier on digestion for some**a2 Milk comes from cows specially selected to naturally produce milk with only the A2-type beta-casein protein so may be easier on digestion than regular milk for some milk intolerant individuals when consumed as part of a healthy, varied diet.

Naturally all A2-type beta-casein protein type, and no A1Some people may be sensitive to a protein called A1 beta-casein commonly found in milk.

The perfect milk for all occasions! Use a2 Milk in tea and coffee, baking, cooking, with cereal, with cookies, or simply enjoy on its own.

a2 Milk has been proudly partnering with Landcare Australia since 2017 to support our farmers with initiatives to protect, enhance and restore the natural environment

Good source of calcium.

Contains Protein.",,,"Per 100g/ml
Per Serving
%DI
Energy
275kJ
688kJ
0
Protein
3.3g
8.3g
0
Total Fat
3.5g
8.8g
0
Saturated Fat
2.4g
6.0g
0
Carbohydrate
5.0g
12.5g
0
Sugars
4.7g
11.8g
0
Calcium
109mg
273mg
34.00%
Sodium
33mg
83mg
0
Monounsaturated
0
0
0
Energy (Cal)
65 Cal
163 Cal
0
Dietary Fibre (total)
0
0
0
Polyunsaturated
0
0
0
Potassium
147mg
368mg
0
Trans
0
0
0
* Percentage Daily Intakes are based on an average adult diet of 8700 kJ. Your daily intakes may be higher or lower depending on your energy needs.",,https://www.coles.com.au/product/a2-full-cream-milk-3l-3186175,,,2024-06-18T01:35:10.898144-04:00
"Ind54SColes_ADairy, Eggs & Fridge_SAMilk_IBig M Chocolate Flavoured Milk | 2L",Big M Chocolate Flavoured Milk | 2L,Big M,"Dairy, Eggs & Fridge",Milk,Milk flavoured,,$6.50,,,$3.25 per 1L,5018070,"Big M Choc Original Flavoured Milk is a pasteurised reduced fat (47% less fat vs regular fat flavoured milk with 3.4% fat) chocolate flavoured milk with 8 nutrients.
Delicious chocolate flavour

Provides the wholesome goodness of milk with 8 essential nutrients

Pasteurised reduced fat milk (47% less fat vs. regular fat flavoured milk with 3.4% fat)

No preservatives

Perfect as a morning or afternoon treat

Big M is available in 300ml, 500ml, 600ml, 750ml & 2 litre packs.",,,"Per 100g/ml
Per Serving
%DI
Energy
284kJ
710kJ
8%
Protein
3.2g
8.0g
16%
Total Fat
1.8g
4.5g
6%
Saturated Fat
1.2g
3.0g
13%
Carbohydrate
9.6g
24.0g
8%
Sugars
9.5g
23.8g
26%
Vitamin B2
0.13mg
0.33mg
19% RDI*
Calcium
112mg
280mg
35% RDI*
Vitamin B12
0.30ug
0.75ug
38% RDI*
Sodium
44mg
110mg
5%
Energy (Cal)
68Cal
170Cal
Potassium
153mg
383mg
Vitamin B5
0.29mg
0.73mg
15% RDI*
Iodine
19ug
48ug
32% RDI*
* Percentage Daily Intakes are based on an average adult diet of 8700 kJ. Your daily intakes may be higher or lower depending on your energy needs.",,https://www.coles.com.au/product/big-m-chocolate-flavoured-milk-2l-5018070,,,2024-06-18T01:35:22.301094-04:00
"Ind54SColes_ADairy, Eggs & Fridge_SAMilk_IColes Lite Milk Bottle | 1L",Coles Lite Milk Bottle | 1L,Coles,"Dairy, Eggs & Fridge",Milk,Full cream milk,,$1.60,,,$1.60 per 1L,1993256,"Coles Australian Dairy Lite Reduced Fat Milk 1L. Better Together with Australian Farmers The hard work and dedicated spirit of dairy farmers is embedded in the fabric of our country. That's why Coles is proud to directly partner with dairy farmers in New South Wales offering longer term agreements and helping farmers better plan for their future. We know each and every farmer we source our milk from and that's what makes us better together. The fresh, creamy goodness of milk is a source of protein and is rich in calcium for healthy teeth and bones. Enjoy the nourishment of Coles milk every day",,,"Per 100g/ml
Per Serving
%DI
Energy
184
460
5
Protein
3.4
8.5
17
Total Fat
1.2
3.0
4
Saturated Fat
LESS THAN 1g
2.3
10
Carbohydrate
4.8
12.0
4
Sugars
4.80
12.00
Calcium
122
305
Sodium
37
92
4
Energy (Cal)
44
110
Dietary Fibre (total)
0.00
0.00
* Percentage Daily Intakes are based on an average adult diet of 8700 kJ. Your daily intakes may be higher or lower depending on your energy needs.",,https://www.coles.com.au/product/coles-lite-milk-bottle-1l-1993256,,,2024-06-18T01:35:33.904217-04:00
"Ind54SColes_ADairy, Eggs & Fridge_SAFrozen desserts_IPeters Original Party Cake Frozen Dessert | 1.5L",Peters Original Party Cake Frozen Dessert | 1.5L,Peters,"Dairy, Eggs & Fridge",Frozen desserts,Cakes & cheesecakes,,$14.00,,,$0.93 per 100mL,5103340,"Layered with everybody's favourite ice cream combination of chocolate, strawberry and vanilla this delicious ice cream cake is topped with colourful sprinkles. You can get the party started by serving immediately, or by adding further toppings to customise your Party Cake for friends and family.",,,"Per 100g/ml
Per Serving
%DI
Energy
770kJ
380kJ
4%
Protein
1.9g
1g
2%
Total Fat
6.6g
3.3g
5%
Saturated Fat
6g
3g
12%
Carbohydrate
28.5g
14.2g
5%
Sugars
22.8g
11.4g
13%
Sodium
95mg
45mg
2%
* Percentage Daily Intakes are based on an average adult diet of 8700 kJ. Your daily intakes may be higher or lower depending on your energy needs.",,https://www.coles.com.au/product/peters-original-party-cake-frozen-dessert-1.5l-5103340,,,2024-06-18T01:35:44.925408-04:00
"Ind54SColes_ADairy, Eggs & Fridge_SAMilk_IPauls Zymil Lactose Free Skim Milk | 1L",Pauls Zymil Lactose Free Skim Milk | 1L,Pauls,"Dairy, Eggs & Fridge",Milk,Specialty milk,,$3.90,,,$3.90 per 1L,8972436,"At Pauls, we love dairy. We're pretty passionate about making great tasting products packed with real dairy goodness. We put that devotion into every Pauls milk, cream, custard and yoghurt we make. Milk is a natural source of protein, vitamins and minerals essential for good health. Rich in calcium, Pauls Zymil is simply milk which is easy to digest (As part of a healthy and varied diet, consuming Zymil instead of regular milk helps ease digestion in those who are sensitive to lactose). Plus Pauls Zymil is lactose free and made from real milk so it has all of the natural goodness of regular milk. Lactose free, easy to digest and rich in calcium.
Skim milk

Lactose free

Easy to digest",,,"Per 100g/ml
Per Serving
%DI
Energy
148kJ
370kJ
Protein
3.4g
8.5g
Total Fat
0.1g
0.3g
Saturated Fat
0.1g
0.3g
Carbohydrate
5.1g
12.8g
Sugars
5.1g
12.8g
Vitamin B2
0.2mg
0.4mg
25%RDI*
Calcium
121mg
303mg
38% RDI*
Lactose
Nil
Nil
Sodium
40mg
100mg
Energy (Cal)
35Cal
89Cal
Dietary Fibre (total)
0.0g
0.0g
Galactose
2.5g
6.3g
* Percentage Daily Intakes are based on an average adult diet of 8700 kJ. Your daily intakes may be higher or lower depending on your energy needs.",,https://www.coles.com.au/product/pauls-zymil-lactose-free-skim-milk-1l-8972436,,,2024-06-18T01:35:56.167716-04:00
"Ind54SColes_ADairy, Eggs & Fridge_SAMilk_IPura Full Cream Milk | 2L",Pura Full Cream Milk | 2L,Pura,"Dairy, Eggs & Fridge",Milk,Full cream milk,,$4.30,,,$2.15 per 1L,5477930,"Rich, creamy and nutritious, PURA Full Cream Milk naturally provides 8 essential nutrients to support a healthy mind and body: 

Protein - for muscle growth and repair 
Calcium and phosphorous - for strong bones and teeth 
Iodine and vitamin B5 - for healthy brain and cognitive function 
Potassium - for muscle function and hydration 
Vitamin B2 and B12 - for energy maintenance and immune support 

Consume as part of a varied diet.

4 health star rating. 

Proudly Australian owned and supporting local Australian dairy farming communities, choose high quality, nutritious and delicious milk from PURA.
Australian milk

Fresh milk

From Australian farmers

Rich in calcium

Natural source of protein

High quality.

Nutritious and delicious milk.",,,"Per 100g/ml
Per Serving
%DI
Energy
256kJ
640kJ
7%
Protein
3.2g
8.0g
16%
Total Fat
3.4g
8.5g
12%
Saturated Fat
2.2g
5.5g
23%
Carbohydrate
4.5g
11.3g
4%
Sugars
4.5g
11.3g
13%
Vitamin B2
0.15mg
0.38mg
22% RDI*
Calcium
111mg
278mg
35% RDI*
Vitamin B12
0.32ug
0.80ug
40% RDI*
Sodium
43mg
108mg
5%
Energy (Cal)
61Cal
153Cal
Potassium
143mg
358mg
Vitamin B5
0.28mg
0.70mg
14% RDI*
Iodine
17ug
43ug
28% RDI*
* Percentage Daily Intakes are based on an average adult diet of 8700 kJ. Your daily intakes may be higher or lower depending on your energy needs.",,https://www.coles.com.au/product/pura-full-cream-milk-2l-5477930,,,2024-06-18T01:36:08.432963-04:00
"Ind54SColes_ADairy, Eggs & Fridge_SAMilk_IA2 Lactose Free Light Milk | 2L",A2 Lactose Free Light Milk | 2L,A2,"Dairy, Eggs & Fridge",Milk,Specialty milk,,$6.90,,$7.30,$3.45 per 1L,5458243,"This reduced fat milk comes from 100% Australian cows and is lite on fat, but full on flavour. As the number 1 producer of A1 protein free milk in Australia, our purpose is to pioneer the future of dairy for good.
For more information on the a2 Milk difference visit www.a2milk.com.au
This delicious and creamy fresh milk contains just 1.3g of fat per 100mL

Lactose Free Milk is easy to digest for people with intolerance or sensitivity to lactose**a2 Milk Lactose Freemay be easy to digestcompared to ordinarymilk for some peoplewho are sensitive tolactose, when consumedas part of a healthy,varied diet.

Naturally all A2-type beta-casein protein type, and no A1Some people may be sensitive to a protein called A1 beta-casein commonly found in milk.

The perfect milk for all occasions! Use a2 Milk in tea and coffee, baking, cooking, with cereal, with cookies, or simply enjoy on its own.

a2 Milk has been proudly partnering with Landcare Australia since 2017 to support our farmers with initiatives to protect, enhance and restore the natural environment

Good source of calcium.

The only naturally A1 protein free milk that is also lactose free!.",,,"Per 100g/ml
Per Serving
%DI
Energy
193kJ
484kJ
0
Protein
3.3g
8.3g
0
Total Fat
1.3g
3.3g
0
Saturated Fat
0.9g
2.3g
0
Carbohydrate
5.2g
13.0g
0
Sugars
5.2g
13.0g
0
Calcium
117mg
293mg
36.00%
Lactose
Not Detected
Not Detected
0
Sodium
44mg
110mg
0
Monounsaturated
0
0
0
Energy (Cal)
46 Cal
116 Cal
0
Dietary Fibre (total)
0.0g
0.0g
0
Polyunsaturated
0
0
0
Galactose
2.6g
6.5g
0
Potassium
150mg
375mg
0
Trans
0
0
0
* Percentage Daily Intakes are based on an average adult diet of 8700 kJ. Your daily intakes may be higher or lower depending on your energy needs.",,https://www.coles.com.au/product/a2-lactose-free-light-milk-2l-5458243,,,2024-06-18T01:36:20.361998-04:00
