idx,name,brand,aisle,subaisle,subsubaisle,size,price,multi_price,old_price,pricePerUnit,itemNum,description,serving,img_urls,item_label,item_ingredients,url,SKU,UPC,timeStamp
"Ind55SColes_ADairy, Eggs & Fridge_SAReady to eat meals_IYoufoodz Mushroom & Cheese Tortellini With Creamy Sauce | 330g",Youfoodz Mushroom & Cheese Tortellini With Creamy Sauce | 330g,Youfoodz,"Dairy, Eggs & Fridge",Ready to eat meals,Other ready meals,,$11.00,Pick any 2 for $16,,$3.33 per 100g,7825039,"Youfoodz' Creamy Mushroom & Cheese Tortellini is perfectly plump cheese tortellini tossed in a creamy sauce made with butter, onion, mushrooms, thickened cream, parmesan cheese, thyme and just a touch of lemon juice.",,,"Per 100g/ml
Per Serving
%DI
Energy
625kJ
2060kJ
Protein
5.2g
17.3g
Total Fat
7.4g
24.4g
Saturated Fat
4.2g
13.9g
Carbohydrate
14.6g
48.2g
Sugars
2.0g
6.5g
Sodium
401mg
1320mg
Energy (Cal)
149Cal
493Cal
Dietary Fibre (total)
1.6g
5.4g
* Percentage Daily Intakes are based on an average adult diet of 8700 kJ. Your daily intakes may be higher or lower depending on your energy needs.",,https://www.coles.com.au/product/youfoodz-mushroom-and-cheese-tortellini-with-creamy-sauce-330g-7825039,,,2024-06-18T01:44:39.072388-04:00
"Ind55SColes_ADairy, Eggs & Fridge_SAReady to eat meals_IIpastai Bolognese Sauce | 300g",Ipastai Bolognese Sauce | 300g,Ipastai,"Dairy, Eggs & Fridge",Ready to eat meals,Italian meals & pasta,,$7.50,,,$2.50 per 100g,6474904,Bolognese Tomato and Meat Sauce. Slow cooked Italian sauce. ,,,,"Tomato pulp (49.5%), water, beef (14.5%), wagyu beef (3.3%), onion, carrot, tomato paste (2.0%), canola oil, celery, red wine (sulphites, milk, egg, fish) (grape juice, tartaric acid, sulphur dioxide, malic acid), citrus fibre, beef stock (salt, sugar, maltodextrin, yeast extract, natural flavour, beef fat (3.6%), burnt sugar, onion powder, pepper), rosemary, nutmeg, bay leaf.",https://www.coles.com.au/product/ipastai-bolognese-sauce-300g-6474904,,,2024-06-18T01:44:48.128641-04:00
"Ind55SColes_ADairy, Eggs & Fridge_SAReady to eat meals_IColes Perform Build Chicken Pesto Gnocchi | 430g",Coles Perform Build Chicken Pesto Gnocchi | 430g,Coles,"Dairy, Eggs & Fridge",Ready to eat meals,Other ready meals,,$10.00,Pick any 2 for $18,,$2.33 per 100g,5070921,"Coles PerForm Pesto Chicken & Gnocchi with tender chargrilled paprika chicken breast, parmesan cheese and pesto sauce drizzled over fluffy potato gnocchi. With up to 42g protein per meal, this is perfect as a fast, nourishing protein-rich meal to complement your exercise, diet or lifestyle goals.",,,"Per 100g/ml
Per Serving
%DI
Energy
520.00
2236.00
Protein
9.80
42.14
Total Fat
2.50
10.75
Saturated Fat
0.90
3.87
Carbohydrate
15.30
65.79
Sugars
3.40
14.62
Saturated
0.90
3.87
Sodium
220.00
946.00
Energy (Cal)
124.40
534.93
Fat
2.50
10.75
Dietary Fibre (total)
0.10
0.43
Trans
0.10
0.43
trans
LESS THAN 1g
LESS THAN 1g
* Percentage Daily Intakes are based on an average adult diet of 8700 kJ. Your daily intakes may be higher or lower depending on your energy needs.",,https://www.coles.com.au/product/coles-perform-build-chicken-pesto-gnocchi-430g-5070921,,,2024-06-18T01:44:59.722976-04:00
"Ind55SColes_ADairy, Eggs & Fridge_SAReady to eat meals_IColes Cottage Pie | 1.2kg",Coles Cottage Pie | 1.2kg,Coles,"Dairy, Eggs & Fridge",Ready to eat meals,Other ready meals,,$12.50,,,$1.04 per 100g,5071200,"A great value addition to a family favourite, the Coles Cottage Pie is topped with fluffy mashed potato, while underneath is tender No Added Hormone beef",,,"Per 100g/ml
Per Serving
%DI
Energy
499.90
1499.70
Protein
5.10
15.30
Total Fat
6.40
19.20
Carbohydrate
9.20
27.60
Sugars
0.60
1.80
Sodium
180.00
540.00
Saturated
3.80
11.40
Energy (Cal)
119.59
358.78
Dietary Fibre (total)
2.50
7.50
Trans
0.30
0.90
* Percentage Daily Intakes are based on an average adult diet of 8700 kJ. Your daily intakes may be higher or lower depending on your energy needs.",,https://www.coles.com.au/product/coles-cottage-pie-1.2kg-5071200,,,2024-06-18T01:45:11.027219-04:00
"Ind55SColes_ADairy, Eggs & Fridge_SAReady to eat meals_ILatina Fresh Lasagne Sheets 8 Pack | 375g",Latina Fresh Lasagne Sheets 8 Pack | 375g,Latina,"Dairy, Eggs & Fridge",Ready to eat meals,Italian meals & pasta,,$6.00,,,$1.60 per 100g,5165427,,,,,,https://www.coles.com.au/product/latina-fresh-lasagne-sheets-8-pack-375g-5165427,,,2024-06-18T01:45:20.007567-04:00
"Ind55SColes_ADairy, Eggs & Fridge_SAReady to eat meals_IColes Kitchen Pumpkin Gnocchi | 500g",Coles Kitchen Pumpkin Gnocchi | 500g,Coles,"Dairy, Eggs & Fridge",Ready to eat meals,Italian meals & pasta,,$5.00,,,$1.00 per 100g,3467516,"KITCHEN INSPIRED CREATIONS From our kitchen to yours...... Experience the taste of Italy at home. We have blended Australian potato and pumpkin with flour to create pillows of soft gnocchi, ready to serve with a sauce of your choice. A delicious meal, full of flavour and ready in minutes",,,"Per 100g/ml
Per Serving
%DI
Energy
770.7
963.375
Protein
4.9
6.125
Carbohydrate
37.5
46.875
Sugars
1.4
1.75
Sodium
257
321.25
Saturated
0.1
0.125
Energy (Cal)
184.3779904
230.472488
Fat
0.7
0.875
Dietary Fibre (total)
3
3.75
* Percentage Daily Intakes are based on an average adult diet of 8700 kJ. Your daily intakes may be higher or lower depending on your energy needs.","INGREDIENTS: Potato (48%) [Potato, Preservative (223 (Sulphites))], Plain Flour (Wheat) (36%), Pumpkin (14%), Pumpkin Powder, Salt.",https://www.coles.com.au/product/coles-kitchen-pumpkin-gnocchi-500g-3467516,,,2024-06-18T01:45:32.352244-04:00
"Ind55SColes_ADairy, Eggs & Fridge_SAReady to eat meals_IColes Kitchen Chicken & Vegetable Soup | 300g",Coles Kitchen Chicken & Vegetable Soup | 300g,Coles,"Dairy, Eggs & Fridge",Ready to eat meals,Soups & stews,,$4.00,,,$1.33 per 100g,4215847,"From our kitchen to yours, Coles Kitchen offers you great-tasting food that is ready when you are",,,"Per 100g/ml
Per Serving
%DI
Energy
155.80
467.40
Protein
3.60
10.80
Total Fat
0.40
1.20
Carbohydrate
3.80
11.40
Sugars
1.00
3.00
Sodium
140.00
420.00
Saturated
0.10
0.30
Energy (Cal)
37.27
111.82
Dietary Fibre (total)
1.90
5.70
Trans
0.10
0.30
* Percentage Daily Intakes are based on an average adult diet of 8700 kJ. Your daily intakes may be higher or lower depending on your energy needs.",,https://www.coles.com.au/product/coles-kitchen-chicken-and-vegetable-soup-300g-4215847,,,2024-06-18T01:45:43.828751-04:00
"Ind55SColes_ADairy, Eggs & Fridge_SAReady to eat meals_IColes Beef Lasagne | 1.8kg",Coles Beef Lasagne | 1.8kg,Coles,"Dairy, Eggs & Fridge",Ready to eat meals,Italian meals & pasta,,$12.00,,,$0.67 per 100g,3165991,"CHEF'S TIP Halfway through cooking, sprinkle with grated parmesan and mozzarella and serve with a fresh green salad.",,,"Per 100g/ml
Per Serving
%DI
Energy
537.40
1612.20
Protein
6.70
20.10
Carbohydrate
15.20
45.60
Sugars
2.30
6.90
Sodium
230.00
690.00
Saturated
2.10
6.30
Energy (Cal)
128.56
385.69
Fat
3.90
11.70
Dietary Fibre (total)
2.60
7.80
Trans
0.20
0.60
* Percentage Daily Intakes are based on an average adult diet of 8700 kJ. Your daily intakes may be higher or lower depending on your energy needs.",,https://www.coles.com.au/product/coles-beef-lasagne-1.8kg-3165991,,,2024-06-18T01:45:54.889704-04:00
"Ind55SColes_ADairy, Eggs & Fridge_SAReady to eat meals_IGarlos Chicken Breast Pie | 200g",Garlos Chicken Breast Pie | 200g,Garlos,"Dairy, Eggs & Fridge",Ready to eat meals,Pies & pastries,,$4.30,,$5.40,$2.15 per 100g,7155480,"Garlo's Pies is an Australian owned and operated family business which opened its first pie shop in Maroubra, Sydney 2001. The name Garlo comes from the nickname of father and sons, Terry, Sean and Nathan Garlick. Terry a retired mechanic/wharfie, Sean an ex footballer with the Rabbitohs and Roosters and Nathan a master Pastry Chef and lifetime pie lover.
Heating Instructions
Convection Oven (Preferred)
Preheat oven 175C. Remove from wrapping but leave in foil tray and place on baking tray. If frozen heat for 35-45 mins. If refrigerated heat for 20-25mins
Microwave Oven (800 watt)
A microwave may be used to speed up heating time. Remove from wrapping and foil tray and wrap pie in paper towel. If frozen heat on high for 5 minutes. If refrigerated heat on high for 1 min 30 seconds. To make pastry crispy after microwaving, remove paper towel, return to foil tray and place on baking tray in convention oven for 4 minutes at 200C.",,,,"Filling (65%): Chicken Breast 50%, Water, Thickener 1422, Chicken Booster (Sugar, Salt, Dextrose, Flavour (635), Corn Flour, Hydrolysed Vegetable Protein, Canola Oil, Spices, Spice Extract), Potato, White Pepper] Pastry (35%): Wheat Flour, Margarine (Vegetable Oil, Water, Salt, Emulsifier (471, 472c), Antioxidant (304), Natural Flavour)), Malted Wheat Flour, Whey Powder (Milk, Sugar, Acidity Regulator (262)), Pastry Conditioner, Glaze (Milk Solids, Acidity Regulators (500, 451), Dried Glucose Syrup, Colour (160b))",https://www.coles.com.au/product/garlos-chicken-breast-pie-200g-7155480,,,2024-06-18T01:46:04.032062-04:00
"Ind55SColes_ADairy, Eggs & Fridge_SAReady to eat meals_IDari's Chunky Minestrone Soup | 550g",Dari's Chunky Minestrone Soup | 550g,Daris,"Dairy, Eggs & Fridge",Ready to eat meals,Soups & stews,,$5.50,,$6.80,$1.00 per 100g,5063824,"There are many variations of Minestrone around Italy. This is ours! Faithful to its humble origins, this tangy tomato-based soup is all about the veggies, pasta, and chicken stock - the simple, fresh flavours that make Minestrone special. Rustic, wholesome, yet deliciously light, serve with crusty bread. Enjoy this dinner table staple all year-round.",,,"Per 100g/ml
Per Serving
%DI
Energy
141
388
Protein
1.2
3.3
Total Fat
0.5
1.4
Saturated Fat
0.2
0.6
Carbohydrate
6.0
16.5
Sugars
1.9
5.3
Sodium
428
1177
Energy (Cal)
33
93
Dietary Fibre (total)
0.6
2.5
Trans
0
0
* Percentage Daily Intakes are based on an average adult diet of 8700 kJ. Your daily intakes may be higher or lower depending on your energy needs.",,https://www.coles.com.au/product/dari's-chunky-minestrone-soup-550g-5063824,,,2024-06-18T01:46:15.213558-04:00
"Ind55SColes_ADairy, Eggs & Fridge_SAReady to eat meals_IStone Baked Pizza Bases Twin pack | 560g",Stone Baked Pizza Bases Twin pack | 560g,Stone Baked,"Dairy, Eggs & Fridge",Ready to eat meals,Pizzas,,$4.30,,,$0.77 per 100g,8714656,Made with fresh & quality ingredients. Enjoy convenient and ready to cook Stone Baked Pizza Base.,,,"Per 100g/ml
Per Serving
%DI
Energy
1044kJ
522kJ
Protein
9.5g
4.75g
Total Fat
1.1g
Less than 1g
Saturated Fat
0.3g
Less than 1g
Carbohydrate
49.5g
24.75g
Sugars
1.9g
Less than 1g
Sodium
480mg
240mg
* Percentage Daily Intakes are based on an average adult diet of 8700 kJ. Your daily intakes may be higher or lower depending on your energy needs.",,https://www.coles.com.au/product/stone-baked-pizza-bases-twin-pack-560g-8714656,,,2024-06-18T01:46:26.418614-04:00
"Ind55SColes_ADairy, Eggs & Fridge_SAReady to eat meals_IRana Filled Tortellini Basil And Pine Nuts | 325g",Rana Filled Tortellini Basil And Pine Nuts | 325g,Rana,"Dairy, Eggs & Fridge",Ready to eat meals,Italian meals & pasta,,$8.00,,,$2.46 per 100g,3752716,"Basil, Pecorino cheese and pine nuts, wrapped in paper thin pasta. Enjoy the taste of one of the most famous and traditional Italian recipes.",,,,"Filling 53%: Ricotta (Whey, Milk, Salt, Citric Acid), Basil Paste 15% (Basil 60%, Sunflower Oil, Salt, Ascorbic Acid) Mozzarella Cheese (Milk, Salt, Non-Animal Rennet), Sunflower Oil, Vegetable Fibres, Pecorino Romano Cheese (Sheep's Milk, Salt, Animal Rennet), Breadcrumbs (Soft Wheat Flour, Water, Salt, Yeast), Cashew Nuts 4%, Lactose (from Milk), Full Fat Hard Cheese (Milk, Salt, Non-Animal Rennet), Corn Starch, Pine Nuts 1%, Natural Flavouring (contains Barley), Pasta 47%: Soft Wheat Flour, Egg 30%, Durum Wheat Semolina",https://www.coles.com.au/product/rana-filled-tortellini-basil-and-pine-nuts-325g-3752716,,,2024-06-18T01:46:35.446743-04:00
"Ind55SColes_ADairy, Eggs & Fridge_SAReady to eat meals_ICucina Classica Rigatoni Bolognese | 320g",Cucina Classica Rigatoni Bolognese | 320g,Cucina Classica,"Dairy, Eggs & Fridge",Ready to eat meals,Italian meals & pasta,,$9.90,,,$3.09 per 100g,4682365,Cucina Classica 1serve Rigatoni Bolognese 320g,,,"Per 100g/ml
Per Serving
%DI
Energy
635kJ
2030kJ
Protein
5.8g
18.6g
Total Fat
4.8g
15.4g
Saturated Fat
1.2g
4g
Carbohydrate
20.4g
65.1g
Sugars
1.8g
5.9g
Sodium
246mg
787mg
Energy (Cal)
151.769Cal
485.18Cal
* Percentage Daily Intakes are based on an average adult diet of 8700 kJ. Your daily intakes may be higher or lower depending on your energy needs.",,https://www.coles.com.au/product/cucina-classica-rigatoni-bolognese-320g-4682365,,,2024-06-18T01:46:46.589965-04:00
"Ind55SColes_ADairy, Eggs & Fridge_SAReady to eat meals_IRana Panfry Filled Gnocchi Cheese | 280g",Rana Panfry Filled Gnocchi Cheese | 280g,Rana,"Dairy, Eggs & Fridge",Ready to eat meals,Italian meals & pasta,,$6.00,,,$2.14 per 100g,4688962,"Generous creamy filling wrapped in the goodness of a golden crispy potato gnocchi
Alone or on the side?
Made with delicious ingredients, our pan-fry filled gnocchi will surprise you with their crispy outside and creamy filling inside.
The crunchy potato cover encloses the generous, creamy filling.
Perfect as a starter dish for easy entertaining or enjoy them as irresistible side dish with family and friends!",,,"Per 100g/ml
Per Serving
%DI
Energy
960kJ
1344kJ
Protein
12g
16.8g
Total Fat
3.4g
4.8g
Saturated Fat
2.2g
3.1g
Carbohydrate
36g
50.4g
Sugars
2.4g
3.4g
Sodium
663mg
928mg
* Percentage Daily Intakes are based on an average adult diet of 8700 kJ. Your daily intakes may be higher or lower depending on your energy needs.",,https://www.coles.com.au/product/rana-panfry-filled-gnocchi-cheese-280g-4688962,,,2024-06-18T01:46:58.301967-04:00
"Ind55SColes_ADairy, Eggs & Fridge_SAReady to eat meals_ILatina Fresh Creamy Carbonara Pasta Sauce | 425g",Latina Fresh Creamy Carbonara Pasta Sauce | 425g,Latina,"Dairy, Eggs & Fridge",Ready to eat meals,Italian meals & pasta,,$7.50,,,$1.76 per 100g,5404109,"Latina Fresh Creamy Carbonara Pasta Sauce combines fresh Australian cream with bacon, Parmesan and various spices to instantly bring any pasta dish to life. Pair with Latina Fresh Classic Veal Tortellini Pasta for a fast and easy work lunch or dinner you'll love to enjoy again and again!
Creamy Italian-style carbonara sauce

Made with fresh Australian Milk & Cream

Cooks in 4 minutes

Perfect with any Latina Fresh pasta

Serves four",,,,,https://www.coles.com.au/product/latina-fresh-creamy-carbonara-pasta-sauce-425g-5404109,,,2024-06-18T01:47:08.715499-04:00
"Ind55SColes_ADairy, Eggs & Fridge_SAColes Finest_IColes Finest Angus Beef Ragu Ravioli | 350g",Coles Finest Angus Beef Ragu Ravioli | 350g,Coles,"Dairy, Eggs & Fridge",Coles Finest,meals,,$6.50,,,$1.86 per 100g,3920195,"Crafted by Giovanni Di Sebastiano, a traditional style pasta maker who creates authentic Italian pasta in Australia. These thin, delicate pasta sheets are filled with the finest ingredients for a delicious meal.",,,"Per 100g/ml
Per Serving
%DI
Energy
1176.8
2059.4
24
Protein
13.3
23.28
47
Total Fat
11.7
20.48
29
Saturated Fat
5.2
9.1
38
Carbohydrate
29
50.75
16
Sodium
310
542.5
24
Energy (Cal)
281.53
492.68
Potassium
240
420
Trans
0.4
0.7
Dietary Fibre
3.1
5.43
* Percentage Daily Intakes are based on an average adult diet of 8700 kJ. Your daily intakes may be higher or lower depending on your energy needs.",,https://www.coles.com.au/product/coles-finest-angus-beef-ragu-ravioli-350g-3920195,,,2024-06-18T01:47:20.405689-04:00
"Ind55SColes_ADairy, Eggs & Fridge_SA_ILatina Fresh Beef Ravioli Pasta | 625g",Latina Fresh Beef Ravioli Pasta | 625g,Latina,"Dairy, Eggs & Fridge",,,,$11.00,,,$1.76 per 100g,5404110,,,,,,https://www.coles.com.au/product/latina-fresh-beef-ravioli-pasta-625g-5404110,,,2024-06-18T01:47:30.110588-04:00
"Ind55SColes_ADairy, Eggs & Fridge_SAReady to eat meals_IRana Four Cheese Ravioli | 325g",Rana Four Cheese Ravioli | 325g,Rana,"Dairy, Eggs & Fridge",Ready to eat meals,Italian meals & pasta,,$8.00,,,$2.46 per 100g,3091159,"A delicious and generous filling made with selected varieties of cheeses, wrapped in paper thin pasta. Discover the perfect balance between aromatic and sweet flavours.",,,,"Filling 52%: Semiprocessed Low Fat Cheese 26% [Low Fat Cheese 43% (Milk, Salt, Non-Animal Rennet), Sunflower Oil, Potato Starch, Water, Salt], Ricotta Cheese 10% (Whey, Milk, Salt, Citric Acid), Cream, Vegetable Fibres, Edamer Cheese 7% (Milk, Salt, Non-Animal Rennet), Full Fat Hard Cheese 6% (Milk, Salt, Non-Animal Rennet), Breadcrumbs (Soft Wheat Flour, Salt, Yeast), Gorgonzola Cheese 5% (Milk, Salt, Animal Rennet, Culture), Whey Powder (from Milk), Starches, Emmental Cheese 3% (Milk, Salt, Non-Animal Rennet), Sunflower Oil, Natural Flavouring, Salt, Yeast Extract, Pasta 48%: Soft Wheat Flour, Egg 30%, Durum Wheat Semolina",https://www.coles.com.au/product/rana-four-cheese-ravioli-325g-3091159,,,2024-06-18T01:47:40.595536-04:00
"Ind55SColes_ADairy, Eggs & Fridge_SADairy, chilled & frozen_IColes Kitchen Onion Bhaji | 180g",Coles Kitchen Onion Bhaji | 180g,Coles,"Dairy, Eggs & Fridge","Dairy, chilled & frozen",Ready made meals,,$6.00,,,"$3.33 per 100g
Was $7.50 on Jun 2024",7750246,"Coles Kitchen REAL FOOD, FAST VEGETABLE SAMOSAS",,,"Per 100g/ml
Per Serving
%DI
Energy
916.40
549.84
Protein
6.90
4.14
Total Fat
7.60
4.56
Carbohydrate
23.50
14.10
Sugars
0.80
0.48
Sodium
544.00
326.40
Saturated
1.00
0.60
Energy (Cal)
219.23
131.54
Dietary Fibre (total)
14.80
8.88
Trans
0.01
0.01
* Percentage Daily Intakes are based on an average adult diet of 8700 kJ. Your daily intakes may be higher or lower depending on your energy needs.",,https://www.coles.com.au/product/coles-kitchen-onion-bhaji-180g-7750246,,,2024-06-18T01:47:53.814323-04:00
"Ind55SColes_ADairy, Eggs & Fridge_SAReady to eat meals_IReady Chef Pork & Beef Lasagne | 1.9kg",Ready Chef Pork & Beef Lasagne | 1.9kg,Ready Chef,"Dairy, Eggs & Fridge",Ready to eat meals,Italian meals & pasta,,$16.00,,,$0.84 per 100g,5071345,"Ready Chef Heat 'N' Eat Pork & Beef Lasagne Family Size Bake is an authentic homestyle pork & beef ragu, generously layered on delicious pasta and topped with bechamel sauce. Serves 6. Oven 55 mins.",,,"Per 100g/ml
Per Serving
%DI
Energy
577kJ
1830kJ
21%
Protein
5.1g
16.2g
32%
Total Fat
5.5g
17.3g
25%
Saturated Fat
2.8g
9.0g
38%
Carbohydrate
16.4g
52.0g
17%
Sugars
3.6g
11.6g
13%
Sodium
199mg
630mg
27%
Monounsaturated
>1
>1
>1
Energy (Cal)
>1
>1
>1
Dietary Fibre (total)
1.1g
3.6g
12%
Polyunsaturated
>1
>1
>1
Trans
>1
>1
>1
* Percentage Daily Intakes are based on an average adult diet of 8700 kJ. Your daily intakes may be higher or lower depending on your energy needs.",,https://www.coles.com.au/product/ready-chef-pork-and-beef-lasagne-1.9kg-5071345,,,2024-06-18T01:48:06.911186-04:00
"Ind55SColes_ADairy, Eggs & Fridge_SADairy, chilled & frozen_IColes Kitchen Chicken Tikka Bites | 200g",Coles Kitchen Chicken Tikka Bites | 200g,Coles,"Dairy, Eggs & Fridge","Dairy, chilled & frozen",Ready made meals,,$6.00,,,"$3.00 per 100g
Was $7.50 on Jun 2024",3240805,"KITCHEN INSPIRED CREATIONS From our kitchen to yours......Inspired by an authentic Indian recipe, our tikka bites take Australian chicken thigh and marinate it in a carefully selected blend of spices. Perfect for sharing or as a side to a main meal, ready in minutes.",,,"Per 100g/ml
Per Serving
%DI
Energy
756.5
378.25
Protein
17.3
8.65
Total Fat
11.5
5.75
Carbohydrate
1.7
0.85
Sugars
0.5
0.25
Sodium
485
242.5
Saturated
3.2
1.6
Energy (Cal)
180.98
90.49
Dietary Fibre (total)
1
0.5
Trans
0.1
0.05
* Percentage Daily Intakes are based on an average adult diet of 8700 kJ. Your daily intakes may be higher or lower depending on your energy needs.",,https://www.coles.com.au/product/coles-kitchen-chicken-tikka-bites-200g-3240805,,,2024-06-18T01:48:18.685515-04:00
"Ind55SColes_ADairy, Eggs & Fridge_SAReady to eat meals_IColes Kitchen Chicken & Mushroom Pie | 700g",Coles Kitchen Chicken & Mushroom Pie | 700g,Coles,"Dairy, Eggs & Fridge",Ready to eat meals,Pies & pastries,,$15.80,,,$2.26 per 100g,4219291,Kitchen Inspired Creations From our kitchen to yours...... Our Classic pies use carefully selected ingredients to give you homestyle comfort food full of flavour.,,,"Per 100g/ml
Per Serving
%DI
Energy
956.5
1673.88
Protein
9.1
15.93
Total Fat
11.6
20.3
Carbohydrate
21.4
37.45
Sugars
1.9
3.33
Sodium
315
551.25
Saturated
6.3
11.03
Energy (Cal)
228.83
400.45
Dietary Fibre (total)
1.1
1.93
Trans
0.2
0.35
* Percentage Daily Intakes are based on an average adult diet of 8700 kJ. Your daily intakes may be higher or lower depending on your energy needs.",,https://www.coles.com.au/product/coles-kitchen-chicken-and-mushroom-pie-700g-4219291,,,2024-06-18T01:48:29.962203-04:00
"Ind55SColes_ADairy, Eggs & Fridge_SAReady to eat meals_IRana Spinach & Ricotta Tortellini | 325g",Rana Spinach & Ricotta Tortellini | 325g,Rana,"Dairy, Eggs & Fridge",Ready to eat meals,Italian meals & pasta,,$8.00,,,$2.46 per 100g,3091046,"Roughly chopped spinach and fabulously creamy, fresh ricotta, wrapped in paper thin pasta. Try serving them with a drizzle of extra-virgin olive oil, chilli flakes and a squeeze of lemon.",,,,"Filling 53%: Ricotta 29% (Whey, Milk, Salt, Citric Acid), Spinach 17%, Mascarpone Cheese (Cream, Milk, Citric Acid), Breadcrumbs (Soft Wheat Flour, Water, Salt, Yeast), Sunflower Oil, Parmigiano Reggiano Cheese (Milk, Salt, Rennet), Whey Powder, Butter, Vegetable Fibre, Salt, Potato Starch, Sugar, Garlic, Nutmeg, Natural Flavorings, Pasta 47%: Soft Wheat Flour, Eggs 30%, Durum Wheat Semolina",https://www.coles.com.au/product/rana-spinach-and-ricotta-tortellini-325g-3091046,,,2024-06-18T01:48:40.297494-04:00
"Ind55SColes_ADairy, Eggs & Fridge_SADairy, chilled & frozen_IColes Kitchen Family Side Potato Wedges | 400g",Coles Kitchen Family Side Potato Wedges | 400g,Coles,"Dairy, Eggs & Fridge","Dairy, chilled & frozen",Ready made meals,,$7.00,,,"$1.75 per 100g
Was $7.50 on Jun 2024",7750009,,,,"Per 100g/ml
Per Serving
%DI
Energy
586.00
586.00
Protein
3.60
3.60
Total Fat
3.50
3.50
Carbohydrate
21.70
21.70
Sugars
0.80
0.80
Sodium
185.00
185.00
Saturated
0.20
0.20
Energy (Cal)
140.19
140.19
Dietary Fibre (total)
3.30
3.30
Trans
0.01
0.01
* Percentage Daily Intakes are based on an average adult diet of 8700 kJ. Your daily intakes may be higher or lower depending on your energy needs.",,https://www.coles.com.au/product/coles-kitchen-family-side-potato-wedges-400g-7750009,,,2024-06-18T01:48:52.834002-04:00
"Ind55SColes_ADairy, Eggs & Fridge_SAReady to eat meals_IColes Perform Build Chipotle Chicken Burrito Bowl | 400g",Coles Perform Build Chipotle Chicken Burrito Bowl | 400g,Coles,"Dairy, Eggs & Fridge",Ready to eat meals,Other ready meals,,$10.00,Pick any 2 for $18,,$2.50 per 100g,5070830,"Coles PerForm Chicken Burrito with tender chargrilled cajun chicken breast (RSPCA approved)., chipotle sauce, cooked rice and beans. With up to 43g protein per meal, this is perfect as a fast, nourishing protein-rich meal to complement your exercise, diet or lifestyle goals.",,,"Per 100g/ml
Per Serving
%DI
Energy
474.00
1896.00
Protein
12.90
51.60
Carbohydrate
8.90
35.60
Sugars
0.20
0.80
Sodium
210.00
840.00
Saturated
0.70
2.80
Energy (Cal)
113.40
453.59
Fat
2.60
10.40
Dietary Fibre (total)
0.90
3.60
Trans
0.09
0.36
* Percentage Daily Intakes are based on an average adult diet of 8700 kJ. Your daily intakes may be higher or lower depending on your energy needs.",,https://www.coles.com.au/product/coles-perform-build-chipotle-chicken-burrito-bowl-400g-5070830,,,2024-06-18T01:49:04.490387-04:00
"Ind55SColes_ADairy, Eggs & Fridge_SAReady to eat meals_IColes Kitchen Chicken Leek Pie | 350g",Coles Kitchen Chicken Leek Pie | 350g,Coles,"Dairy, Eggs & Fridge",Ready to eat meals,Other ready meals,,$8.00,Pick any 2 for $14,,$2.29 per 100g,5587111,"From our kitchen to yours...... Our Classic meals use carefully selected Australian meat, vegetables, herbs and spices to give you home-style comfort food full of flavour and ready for you in minutes.",,,"Per 100g/ml
Per Serving
%DI
Energy
483.40
1691.90
Protein
8.00
28.00
Total Fat
5.10
17.85
Carbohydrate
9.10
31.85
Sugars
0.50
1.75
Sodium
200.00
700.00
Saturated
3.20
11.20
Energy (Cal)
115.65
404.76
Dietary Fibre (total)
0.50
1.75
Trans
0.20
0.70
* Percentage Daily Intakes are based on an average adult diet of 8700 kJ. Your daily intakes may be higher or lower depending on your energy needs.",,https://www.coles.com.au/product/coles-kitchen-chicken-leek-pie-350g-5587111,,,2024-06-18T01:49:15.701593-04:00
"Ind55SColes_ADairy, Eggs & Fridge_SAReady to eat meals_IColes Nature'S Kitchen Vegetable Tikka Masala And Pilau Rice | 350g",Coles Nature'S Kitchen Vegetable Tikka Masala And Pilau Rice | 350g,Coles,"Dairy, Eggs & Fridge",Ready to eat meals,Indian food & meals,,,,,,3468042,Chickpeas and capsicum cooked in a medium spiced tomato and onion masala sauce served with fragrant pilau rice,,,"Per 100g/ml
Per Serving
%DI
Energy
552.80
1934.80
Protein
3.30
11.55
Total Fat
3.80
13.30
Carbohydrate
20.10
70.35
Sugars
2.10
7.35
Sodium
140.00
490.00
Saturated
1.00
3.50
Energy (Cal)
132.25
462.87
Dietary Fibre (total)
1.80
6.30
Trans
0.10
0.35
* Percentage Daily Intakes are based on an average adult diet of 8700 kJ. Your daily intakes may be higher or lower depending on your energy needs.",,https://www.coles.com.au/product/coles-nature's-kitchen-vegetable-tikka-masala-and-pilau-rice-350g-3468042,,,2024-06-18T01:49:27.624195-04:00
"Ind55SColes_ADairy, Eggs & Fridge_SAReady to eat meals_IHerbert Adams Quiche Pumpkin Parmesan Spinach | 200g",Herbert Adams Quiche Pumpkin Parmesan Spinach | 200g,Herbert Adams,"Dairy, Eggs & Fridge",Ready to eat meals,Pies & pastries,,$7.30,,,$3.65 per 100g,3775970,"Herbert Adams Gourmet Quiche Selection Pumpkin, Parmesan & Spinach Quiche 200g. Perfect addition to your meal.",,,"Per 100g/ml
Per Serving
%DI
Energy
927kJ
1850kJ
21%
Protein
6.2g
12.4g
25%
Total Fat
8.9g
17.8g
25%
Saturated Fat
4.8g
9.6g
40%
Carbohydrate
27.7g
55.4g
18%
Sugars
2.6g
5.2g
6%
Sodium
320mg
640mg
28%
Energy (Cal)
221Cal
442Cal
Dietary Fibre (total)
2.7g
5.5g
18%
* Percentage Daily Intakes are based on an average adult diet of 8700 kJ. Your daily intakes may be higher or lower depending on your energy needs.",,https://www.coles.com.au/product/herbert-adams-quiche-pumpkin-parmesan-spinach-200g-3775970,,,2024-06-18T01:49:39.743116-04:00
"Ind55SColes_ADairy, Eggs & Fridge_SAReady to eat meals_IColes Kitchen Broccoli Cauliflower & Parmesan Soup | 300g",Coles Kitchen Broccoli Cauliflower & Parmesan Soup | 300g,Coles,"Dairy, Eggs & Fridge",Ready to eat meals,Soups & stews,,$4.00,,,$1.33 per 100g,3766798,"From our kitchen to yours, Coles Kitchen offers you great-tasting food that is ready when you are",,,"Per 100g/ml
Per Serving
%DI
Energy
231.70
695.10
Protein
1.30
3.90
Total Fat
3.30
9.90
Carbohydrate
5.10
15.30
Sugars
1.20
3.60
Sodium
180.00
540.00
Saturated
1.30
3.90
Energy (Cal)
55.43
166.29
Dietary Fibre (total)
0.10
0.30
Trans
0.10
0.30
* Percentage Daily Intakes are based on an average adult diet of 8700 kJ. Your daily intakes may be higher or lower depending on your energy needs.",,https://www.coles.com.au/product/coles-kitchen-broccoli-cauliflower-and-parmesan-soup-300g-3766798,,,2024-06-18T01:49:52.568044-04:00
"Ind55SColes_ADairy, Eggs & Fridge_SAYoufoodz_IYoufoodz Fueld Steak Chips & Gravy | 403g",Youfoodz Fueld Steak Chips & Gravy | 403g,Youfoodz,"Dairy, Eggs & Fridge",Youfoodz,Ready to eat meal,,$12.00,,,$2.88 per 100g,4687391,"Tender, slow-cooked beef served with a side of paprika chips and a creamy mustard gravy. Our FUEL'D range is larger in portion size and packed with protein.",,,"Per 100g/ml
Per Serving
%DI
Energy
522 kJ
2110 kJ
Protein
8.0 g
32.4 g
Total Fat
4.9 g
19.6 g
Saturated Fat
3.2 g
12.8 g
Carbohydrate
11.1 g
44.7 g
Sugars
1.6 g
6.5 g
Sodium
526 mg
2120 mg
Energy (Cal)
125 Cal
503 Cal
Dietary Fibre (total)
2.5 g
10.2 g
* Percentage Daily Intakes are based on an average adult diet of 8700 kJ. Your daily intakes may be higher or lower depending on your energy needs.",,https://www.coles.com.au/product/youfoodz-fueld-steak-chips-and-gravy-403g-4687391,,,2024-06-18T01:50:04.789939-04:00
"Ind55SColes_ADairy, Eggs & Fridge_SAReady to eat meals_ILatina Protein Pasta Tomato & Mozzarella | 400g",Latina Protein Pasta Tomato & Mozzarella | 400g,Latina,"Dairy, Eggs & Fridge",Ready to eat meals,Italian meals & pasta,,$9.00,,,$2.25 per 100g,7730001,"Delicious Tomato & Mozzarella Ravioli with 30g of protein per serve. Serves two, cooked in 5 minutes.
30g of protein per serve.

Serves two, cooked in 5 minutes.",,,,,https://www.coles.com.au/product/latina-protein-pasta-tomato-and-mozzarella-400g-7730001,,,2024-06-18T01:50:13.848880-04:00
"Ind55SColes_ADairy, Eggs & Fridge_SAReady to eat meals_IColes Kitchen Margherita Pizza | 450g",Coles Kitchen Margherita Pizza | 450g,Coles,"Dairy, Eggs & Fridge",Ready to eat meals,Pizzas,,,,,,7748460,,,,,,https://www.coles.com.au/product/coles-kitchen-margherita-pizza-450g-7748460,,,2024-06-18T01:50:23.984019-04:00
"Ind55SColes_ADairy, Eggs & Fridge_SAReady to eat meals_IReady Chef Mac & Cheese | 800g",Ready Chef Mac & Cheese | 800g,Ready Chef,"Dairy, Eggs & Fridge",Ready to eat meals,Hot snacks & sides,,$10.00,,,$1.25 per 100g,6282550,"Ready Chef Mac & Cheese is classic macaroni mixed with cheddar, parmesan and cream. Family size side dish. Ready to eat in 7 mins.",,,"Per 100g/ml
Per Serving
%DI
Energy
684kJ
1370kJ
16%
Protein
6.4g
12.8g
26%
Total Fat
8.0g
16.0g
23%
Saturated Fat
3.7g
7.5g
31%
Carbohydrate
16.0g
32.0g
10%
Sugars
1.9g
3.7g
4%
Sodium
224mg
449mg
20%
Monounsaturated
>1
>1
>1
Energy (Cal)
164Cal
327Cal
>1
Dietary Fibre (total)
0.8g
1.7g
5%
Polyunsaturated
>1
>1
>1
Trans
>1
>1
>1
* Percentage Daily Intakes are based on an average adult diet of 8700 kJ. Your daily intakes may be higher or lower depending on your energy needs.","Cooked Pasta (40%) (Water, Durum Wheat Semolina, Canola Oil), Water, Cheddar Cheese (6%) (Milk, Salt, Starter Cultures, Non-Animal Rennet), Cream (4%) (Milk), Parmesan Cheese (4%) (Milk), Milk Powder, Tapioca Flour, Canola Oil, Garlic, Yeast Extract Vegetable Stock Powder, Salt, Acidity Regulator (575), Spices, Natural Preservatives (Nisin) (Soy).",https://www.coles.com.au/product/ready-chef-mac-and-cheese-800g-6282550,,,2024-06-18T01:50:35.569170-04:00
"Ind55SColes_ADairy, Eggs & Fridge_SAReady to eat meals_IColes Kitchen Butter Chicken | 350g",Coles Kitchen Butter Chicken | 350g,Coles,"Dairy, Eggs & Fridge",Ready to eat meals,Indian food & meals,,$8.00,Pick any 2 for $14,,$2.29 per 100g,7156915,"From our kitchen to yours, Coles Kitchen offers you great-tasting food that is ready when you are",,,"Per 100g/ml
Per Serving
%DI
Energy
593.10
2075.85
Protein
14.80
51.80
Carbohydrate
7.20
25.20
Sugars
4.20
14.70
Sodium
150.00
525.00
Saturated
3.50
12.25
Energy (Cal)
141.89
496.61
Fat
5.90
20.65
Dietary Fibre (total)
0.10
0.35
Trans
0.20
0.70
* Percentage Daily Intakes are based on an average adult diet of 8700 kJ. Your daily intakes may be higher or lower depending on your energy needs.",,https://www.coles.com.au/product/coles-kitchen-butter-chicken-350g-7156915,,,2024-06-18T01:50:46.777696-04:00
"Ind55SColes_ADairy, Eggs & Fridge_SADairy, chilled & frozen_IColes Kitchen Vegetable Samosas | 180g",Coles Kitchen Vegetable Samosas | 180g,Coles,"Dairy, Eggs & Fridge","Dairy, chilled & frozen",Ready made meals,,$6.00,,,"$3.33 per 100g
Was $7.50 on Jun 2024",7750268,"Coles Kitchen REAL FOOD, FAST ONION BHAJI",,,"Per 100g/ml
Per Serving
%DI
Energy
1152.70
691.62
Protein
6.40
3.84
Total Fat
19.80
11.88
Carbohydrate
15.30
9.18
Sugars
3.50
2.10
Sodium
295.00
177.00
Saturated
2.60
1.56
Energy (Cal)
275.77
165.46
Dietary Fibre (total)
6.40
3.84
Trans
0.08
0.05
* Percentage Daily Intakes are based on an average adult diet of 8700 kJ. Your daily intakes may be higher or lower depending on your energy needs.",,https://www.coles.com.au/product/coles-kitchen-vegetable-samosas-180g-7750268,,,2024-06-18T01:50:57.940215-04:00
"Ind55SColes_ADairy, Eggs & Fridge_SAReady to eat meals_IColes Kitchen Chicken Noodle Soup | 300g",Coles Kitchen Chicken Noodle Soup | 300g,Coles,"Dairy, Eggs & Fridge",Ready to eat meals,Soups & stews,,$4.00,,,$1.33 per 100g,3467414,"From our kitchen to yours, Coles Kitchen offers you great-tasting food that is ready when you are",,,"Per 100g/ml
Per Serving
%DI
Energy
202.50
607.50
Protein
3.30
9.90
Total Fat
2.20
6.60
Carbohydrate
3.40
10.20
Sugars
0.70
2.10
Sodium
170.00
510.00
Saturated
1.50
4.50
Energy (Cal)
48.44
145.33
Dietary Fibre (total)
0.90
2.70
Trans
0.10
0.30
* Percentage Daily Intakes are based on an average adult diet of 8700 kJ. Your daily intakes may be higher or lower depending on your energy needs.",,https://www.coles.com.au/product/coles-kitchen-chicken-noodle-soup-300g-3467414,,,2024-06-18T01:51:09.208558-04:00
"Ind55SColes_ADairy, Eggs & Fridge_SAReady to eat meals_IColes Kitchen Laksa Chicken & Noodles | 350g",Coles Kitchen Laksa Chicken & Noodles | 350g,Coles,"Dairy, Eggs & Fridge",Ready to eat meals,Thai meals,,$7.50,Pick any 2 for $14,,$2.14 per 100g,7748685,Hokkien noodles with vegetables and Australian chicken breast in a fragrant coconut sauce,,,"Per 100g/ml
Per Serving
%DI
Energy
397.70
1391.95
Protein
6.80
23.80
Total Fat
3.30
11.55
Carbohydrate
8.00
28.00
Sugars
0.10
0.35
Sodium
140.00
490.00
Saturated
1.80
6.30
Energy (Cal)
95.14
333.00
Dietary Fibre (total)
3.00
10.50
Trans
0.10
0.35
* Percentage Daily Intakes are based on an average adult diet of 8700 kJ. Your daily intakes may be higher or lower depending on your energy needs.",,https://www.coles.com.au/product/coles-kitchen-laksa-chicken-and-noodles-350g-7748685,,,2024-06-18T01:51:21.414086-04:00
"Ind55SColes_ADairy, Eggs & Fridge_SADairy, chilled & frozen_IColes Kitchen Roast Vegetables | 300g",Coles Kitchen Roast Vegetables | 300g,Coles,"Dairy, Eggs & Fridge","Dairy, chilled & frozen",Ready made meals,,$6.00,,,"$2.00 per 100g
Was $7.50 on Jun 2024",7750053,,,,"Per 100g/ml
Per Serving
%DI
Energy
421.60
632.40
Protein
1.80
2.70
Total Fat
3.10
4.65
Carbohydrate
14.70
22.05
Sugars
10.20
15.30
Sodium
189.00
283.50
Saturated
0.30
0.45
Energy (Cal)
100.86
151.29
Dietary Fibre (total)
3.30
4.95
Trans
0.01
0.02
* Percentage Daily Intakes are based on an average adult diet of 8700 kJ. Your daily intakes may be higher or lower depending on your energy needs.",,https://www.coles.com.au/product/coles-kitchen-roast-vegetables-300g-7750053,,,2024-06-18T01:51:33.700105-04:00
"Ind55SColes_ADairy, Eggs & Fridge_SAReady to eat meals_IGarlos Butter Chicken Pie | 200g",Garlos Butter Chicken Pie | 200g,Garlos,"Dairy, Eggs & Fridge",Ready to eat meals,Pies & pastries,,$4.30,,$5.40,$2.15 per 100g,6648685,"Golden flaky pastry, filled with chunks of Tender Chicken, balanced between authentic Indian spices and a creamy coconut sauce.",,,"Per 100g/ml
Per Serving
%DI
Energy
1050
2110
Protein
9.5
19
Total Fat
12.7
25.4
Saturated Fat
7.1
14.2
Carbohydrate
24.1
48.3
Sugars
2.2
4.5
* Percentage Daily Intakes are based on an average adult diet of 8700 kJ. Your daily intakes may be higher or lower depending on your energy needs.",,https://www.coles.com.au/product/garlos-butter-chicken-pie-200g-6648685,,,2024-06-18T01:51:44.901022-04:00
"Ind55SColes_ADairy, Eggs & Fridge_SAReady to eat meals_IColes Kitchen Pizza Dough Ball | 250g",Coles Kitchen Pizza Dough Ball | 250g,Coles,"Dairy, Eggs & Fridge",Ready to eat meals,Pizzas,,$2.00,,,$0.80 per 100g,3467935,"From our kitchen to yours, Coles Kitchen offers you great-tasting food that is ready when you are",,,"Per 100g/ml
Per Serving
%DI
Energy
885.60
553.50
Protein
7.80
4.88
Total Fat
1.10
0.69
Saturated Fat
0.20
0.13
Carbohydrate
39.50
24.69
Sugars
3.20
2.00
Sodium
734.00
458.75
Energy (Cal)
211.87
132.42
Dietary Fibre (total)
5.10
3.19
Trans
0.01
0.01
* Percentage Daily Intakes are based on an average adult diet of 8700 kJ. Your daily intakes may be higher or lower depending on your energy needs.",,https://www.coles.com.au/product/coles-kitchen-pizza-dough-ball-250g-3467935,,,2024-06-18T01:51:57.069838-04:00
"Ind55SColes_ADairy, Eggs & Fridge_SAReady to eat meals_IColes Kitchen Macaroni Cheese | 350g",Coles Kitchen Macaroni Cheese | 350g,Coles,"Dairy, Eggs & Fridge",Ready to eat meals,Italian meals & pasta,,$8.00,Pick any 2 for $14,,$2.29 per 100g,1728200,"From our kitchen to yours, Coles Kitchen offers you great-tasting food that is ready when you are",,,"Per 100g/ml
Per Serving
%DI
Energy
726.70
2543.45
Protein
5.30
18.55
Total Fat
9.30
32.55
Carbohydrate
16.50
57.75
Sugars
1.50
5.25
Sodium
200.00
700.00
Saturated
6.30
22.05
Energy (Cal)
173.85
608.48
Dietary Fibre (total)
1.50
5.25
Trans
0.30
1.05
* Percentage Daily Intakes are based on an average adult diet of 8700 kJ. Your daily intakes may be higher or lower depending on your energy needs.",,https://www.coles.com.au/product/coles-kitchen-macaroni-cheese-350g-1728200,,,2024-06-18T01:52:08.435918-04:00
"Ind55SColes_ADairy, Eggs & Fridge_SAReady to eat meals_IPitango Grass Fed Beef & Vegetable Soup | 600g",Pitango Grass Fed Beef & Vegetable Soup | 600g,Pitango,"Dairy, Eggs & Fridge",Ready to eat meals,Soups & stews,,$5.75,,$7.25,$0.96 per 100g,5067257,"True food for us means only using carefully selected natural ingredients with no preservatives, artificial colours, flavours or added sugar.


Grass fed beef stock packed with potatoes, carrots, tomato & lentils, grass fed beef, dash of red wine & thyme.

Made from scratch
Get your veggies in
Only the good stuff
No Added Preservative

No Added Sugar

Grass Fed",,,"Per 100g/ml
Per Serving
%DI
Energy
174kJ
521kJ
6%
Protein
3.0g
9.1g
17%
Total Fat
0.9g
2.6g
4%
Saturated Fat
0.1g
0.4g
2%
Carbohydrate
4.8g
14.6g
5%
Sugars
1.1g
3.5g
4%
Sodium
213mg
639mg
28%
Monounsaturated
>1
>1
>1
Energy (Cal)
41Cal
124Cal
>1
Dietary Fibre (total)
0.9g
2.9g
10%
Polyunsaturated
>1
>1
>1
Trans
>1
>1
>1
* Percentage Daily Intakes are based on an average adult diet of 8700 kJ. Your daily intakes may be higher or lower depending on your energy needs.",,https://www.coles.com.au/product/pitango-grass-fed-beef-and-vegetable-soup-600g-5067257,,,2024-06-18T01:52:20.434310-04:00
"Ind55SColes_ADairy, Eggs & Fridge_SAReady to eat meals_IColes Kitchen Satay Style Stir Fry Sauce | 200g",Coles Kitchen Satay Style Stir Fry Sauce | 200g,Coles,"Dairy, Eggs & Fridge",Ready to eat meals,Italian meals & pasta,,$4.50,,,$2.25 per 100g,7748459,Logo: Vegetarian (as per DHO)Logo: NAFNAC (as per DHO)4 serves,,,"Per 100g/ml
Per Serving
%DI
Energy
535
268
3
Protein
3.4
1.7
3
Total Fat
8.4
4.2
6
Saturated Fat
3.1
1.5
6
Carbohydrate
7.4
3.7
1
Sodium
253
127
6
Energy (Cal)
128
64
trans
LESS THAN 0.1g
LESS THAN 0.1g
* Percentage Daily Intakes are based on an average adult diet of 8700 kJ. Your daily intakes may be higher or lower depending on your energy needs.",,https://www.coles.com.au/product/coles-kitchen-satay-style-stir-fry-sauce-200g-7748459,,,2024-06-18T01:52:31.385918-04:00
"Ind55SColes_ADairy, Eggs & Fridge_SADairy, chilled & frozen_IColes Kitchen Scalloped Potato | 350g",Coles Kitchen Scalloped Potato | 350g,Coles,"Dairy, Eggs & Fridge","Dairy, chilled & frozen",Ready made meals,,$6.00,,,"$1.71 per 100g
Was $7.50 on Jun 2024",3771142,Sliced potatoes in a creamy garlic sauce,,,"Per 100g/ml
Per Serving
%DI
Energy
474.60
830.55
Protein
3.20
5.60
Total Fat
4.90
8.58
Saturated Fat
3.5
6.1
25
Carbohydrate
13.30
23.28
Sugars
4.10
7.18
Sodium
260.00
455.00
Energy (Cal)
113.54
198.70
Dietary Fibre (total)
1.60
2.80
Trans
0.20
0.35
* Percentage Daily Intakes are based on an average adult diet of 8700 kJ. Your daily intakes may be higher or lower depending on your energy needs.",,https://www.coles.com.au/product/coles-kitchen-scalloped-potato-350g-3771142,,,2024-06-18T01:52:43.335781-04:00
"Ind55SColes_ADairy, Eggs & Fridge_SAReady to eat meals_IColes Kitchen Loaded Hawaiian Pizza | 455g",Coles Kitchen Loaded Hawaiian Pizza | 455g,Coles,"Dairy, Eggs & Fridge",Ready to eat meals,Pizzas,,$6.50,Pick any 2 for $12,,$1.43 per 100g,6188042,From our kitchen to yours......A pizzeria experience at home. We take a stone baked base and top it with vibrant tomato sauce before finishing with ham and pineapple. Generously topped and ready for you in minutes.,,,"Per 100g/ml
Per Serving
%DI
Energy
824.60
940.04
Protein
9.10
10.37
Carbohydrate
24.10
27.47
Sugars
5.90
6.73
Sodium
491.00
559.74
Saturated
2.40
2.74
Energy (Cal)
197.27
224.89
Fat
5.80
6.61
Dietary Fibre (total)
5.70
6.50
Trans
0.03
0.03
* Percentage Daily Intakes are based on an average adult diet of 8700 kJ. Your daily intakes may be higher or lower depending on your energy needs.",,https://www.coles.com.au/product/coles-kitchen-loaded-hawaiian-pizza-455g-6188042,,,2024-06-18T01:52:55.767830-04:00
"Ind55SColes_ADairy, Eggs & Fridge_SAReady to eat meals_ILatina Dy Pasta Sauce Italian Tomato Garlic | 700g",Latina Dy Pasta Sauce Italian Tomato Garlic | 700g,Latina,"Dairy, Eggs & Fridge",Ready to eat meals,Italian meals & pasta,,$7.50,,,$1.07 per 100g,8999421,"So easy to pair with just about anything, Latina Fresh Italian Tomato & Garlic Pasta Sauce is sure to become a staple in your fridge. It's a rich blend of Australian tomatoes, onion and olive oil, perfectly balanced with a hint of garlic, oregano, basil and black pepper. No artificial colours or flavours.
Italian-style sauce made with Australian Tomatoes

Great for lasagne

No artificial colours or flavours

Perfect with any Latina Fresh pasta

Serves six",,,,,https://www.coles.com.au/product/latina-dy-pasta-sauce-italian-tomato-garlic-700g-8999421,,,2024-06-18T01:53:04.853150-04:00
"Ind55SColes_ADairy, Eggs & Fridge_SA_IColes Kitchen Plain Pizza Base | 260g",Coles Kitchen Plain Pizza Base | 260g,Coles,"Dairy, Eggs & Fridge",,,,$2.20,Buy 2 for $4,,$0.85 per 100g,4691581,"Kitchen Inspired Creations From our kitchen to yours......A pizzeria experience at home. We've used Australian flour to form a stone baked pizza base, ready for you to add your favourite toppings.",,,"Per 100g/ml
Per Serving
%DI
Energy
1009.00
655.85
Protein
8.70
5.66
Carbohydrate
40.90
26.59
Sugars
4.00
2.60
Sodium
410.00
266.50
Saturated
0.40
0.26
Energy (Cal)
241.39
156.90
Fat
2.60
1.69
Dietary Fibre (total)
8.70
5.66
Trans
0.01
0.01
* Percentage Daily Intakes are based on an average adult diet of 8700 kJ. Your daily intakes may be higher or lower depending on your energy needs.",,https://www.coles.com.au/product/coles-kitchen-plain-pizza-base-260g-4691581,,,2024-06-18T01:53:15.783264-04:00
"Ind55SColes_ADairy, Eggs & Fridge_SAReady to eat meals_IGarlos Junior Sausage Rolls 12 pack | 780g",Garlos Junior Sausage Rolls 12 pack | 780g,Garlos,"Dairy, Eggs & Fridge",Ready to eat meals,Pies & pastries,,$12.90,,,$1.65 per 100g,7974083,"Garlo's Pies is an Australian owned and operated family business which opened its first pie shop in Maroubra, Sydney 2001. The name Garlo comes from the nickname of father and sons, Terry, Sean and Nathan Garlick. Terry a retired mechanic/wharfie, Sean an ex footballer with the Rabbitohs and Roosters and Nathan a master Pastry Chef and lifetime pie lover.
Heating Instructions
Convection Oven (Preferred)
Preheat oven 175C. Remove from wrapping but leave in foil tray and place on baking tray. If frozen heat for 35-45 mins. If refrigerated heat for 20-25mins
Microwave Oven (800 watt)
A microwave may be used to speed up heating time. Remove from wrapping and foil tray and wrap pie in paper towel. If frozen heat on high for 5 minutes. If refrigerated heat on high for 1 min 30 seconds. To make pastry crispy after microwaving, remove paper towel, return to foil tray and place on baking tray in convention oven for 4 minutes at 200C.",,,,"Wheat Flour (Thiamine, Folic Acid), Beef Mince (20%), Water, Margarine (Vegetable Oil, Salt, Emulsifiers (471, 472c), Antioxidants (304), Natural Flavour), Breadcrumbs (Yeast, Iodised Salt), Onion (3%), Seasoning (Sugar, Dehydrated Vegetables (Onion, Garlic), Caramel Colour (150c), Herbs & Spices, Corn Flour, Flavour Enhancer (635), Hydrolised Vegetable Protein), Black Pepper, Thyme, Glaze (Milk Solids, Acidity Regulators (500, 451), Colour (160b)).",https://www.coles.com.au/product/garlos-junior-sausage-rolls-12-pack-780g-7974083,,,2024-06-18T01:53:24.924519-04:00
"Ind55SColes_ADairy, Eggs & Fridge_SAReady to eat meals_IColes Kitchen Garlic Naan 2 | 360g",Coles Kitchen Garlic Naan 2 | 360g,Coles,"Dairy, Eggs & Fridge",Ready to eat meals,Hot snacks & sides,,$3.90,,,$1.08 per 100g,3769990,KITCHEN INSPIRED CREATIONS From our kitchen to yours....To give our naan bread its distinctive pillowy texture we enrich the dough with yoghurt and leave to rest before baking until it bubbles up to create cripsy pockets and a soft centre,,,"Per 100g/ml
Per Serving
%DI
Energy
1351.2
1216.08
Protein
9.5
8.55
Carbohydrate
41.2
37.08
Sugars
4
3.6
Sodium
420
378
Saturated
3.3
2.97
Energy (Cal)
323.2535885
290.9282297
Fat
12.1
10.89
Dietary Fibre (total)
5.2
4.68
Trans
0.01
0.009
* Percentage Daily Intakes are based on an average adult diet of 8700 kJ. Your daily intakes may be higher or lower depending on your energy needs.",,https://www.coles.com.au/product/coles-kitchen-garlic-naan-2-360g-3769990,,,2024-06-18T01:53:37.030297-04:00
"Ind55SColes_ADairy, Eggs & Fridge_SAReady to eat meals_IColes Kitchen Sweet Chilli Chicken Noodles | 350g",Coles Kitchen Sweet Chilli Chicken Noodles | 350g,Coles,"Dairy, Eggs & Fridge",Ready to eat meals,Thai meals,,,,,,4688532,"From our kitchen to yours, Coles Kitchen offers you great-tasting food that is ready when you are",,,"Per 100g/ml
Per Serving
%DI
Energy
442.00
1547.00
Protein
5.90
20.65
Total Fat
2.00
7.00
Carbohydrate
15.70
54.95
Sugars
4.70
16.45
Sodium
210.00
735.00
Saturated
0.30
1.05
Energy (Cal)
105.74
370.10
Fat
2.00
7.00
Dietary Fibre (total)
0.10
0.35
Trans
0.10
0.35
* Percentage Daily Intakes are based on an average adult diet of 8700 kJ. Your daily intakes may be higher or lower depending on your energy needs.",,https://www.coles.com.au/product/coles-kitchen-sweet-chilli-chicken-noodles-350g-4688532,,,2024-06-18T01:53:49.273045-04:00
"Ind55SColes_ADairy, Eggs & Fridge_SAReady to eat meals_I25 Degrees South Prosciutto & Ricotta Ravioli | 325g",25 Degrees South Prosciutto & Ricotta Ravioli | 325g,25 Degrees,"Dairy, Eggs & Fridge",Ready to eat meals,Italian meals & pasta,,$6.50,,$9.00,$2.00 per 100g,6399591,,,,,,https://www.coles.com.au/product/25-degrees-south-prosciutto-and-ricotta-ravioli-325g-6399591,,,2024-06-18T01:53:58.290056-04:00
"Ind55SColes_ADairy, Eggs & Fridge_SAReady to eat meals_IColes Kitchen Butter Chicken With Rice | 350g",Coles Kitchen Butter Chicken With Rice | 350g,Coles,"Dairy, Eggs & Fridge",Ready to eat meals,Indian food & meals,,$7.50,Pick any 2 for $14,,$2.14 per 100g,7325091,"Australian marinated chicken breast in a mildly spiced cream and tomato sauce, served with basmati rice",,,"Per 100g/ml
Per Serving
%DI
Energy
652.80
2284.80
Protein
8.70
30.45
Carbohydrate
17.90
62.65
Sugars
2.80
9.80
Sodium
130.00
455.00
Saturated
2.80
9.80
Energy (Cal)
156.17
546.60
Fat
5.40
18.90
Dietary Fibre (total)
0.10
0.35
Trans
0.20
0.70
* Percentage Daily Intakes are based on an average adult diet of 8700 kJ. Your daily intakes may be higher or lower depending on your energy needs.",,https://www.coles.com.au/product/coles-kitchen-butter-chicken-with-rice-350g-7325091,,,2024-06-18T01:54:10.150837-04:00
"Ind55SColes_ADairy, Eggs & Fridge_SAYoufoodz_IYoufoodz Regular Chicken Penne With Sundried Tomato Sauce | 316g",Youfoodz Regular Chicken Penne With Sundried Tomato Sauce | 316g,Youfoodz,"Dairy, Eggs & Fridge",Youfoodz,Ready to eat meal,,$11.00,Pick any 2 for $16,,$3.48 per 100g,5061160,"Youfoodz Chicken Penne with Sundried Tomato Sauce is slices of chicken in a mushroom & sundried tomato sauce, served atop penne coated in salsa verde.",,,"Per 100g/ml
Per Serving
%DI
Energy
648 kJ
2050 kJ
Protein
9.2 g
29.0 g
Total Fat
6.7 g
21.2 g
Saturated Fat
1.8 g
5.6 g
Carbohydrate
13.6 g
43.0 g
Sugars
1.6 g
5.1 g
Sodium
414 mg
1310 mg
Energy (Cal)
155 Cal
490 Cal
Dietary Fibre (total)
1.6 g
5.0 g
* Percentage Daily Intakes are based on an average adult diet of 8700 kJ. Your daily intakes may be higher or lower depending on your energy needs.",,https://www.coles.com.au/product/youfoodz-regular-chicken-penne-with-sundried-tomato-sauce-316g-5061160,,,2024-06-18T01:54:21.496035-04:00
"Ind55SColes_ADairy, Eggs & Fridge_SA_IColes Kitchen Cauliflower Cheese | 350g",Coles Kitchen Cauliflower Cheese | 350g,Coles,"Dairy, Eggs & Fridge",,,,,,,,3771131,"Cauliflower florets in a mature Cheddar cheese sauce, topped with Cheddar cheese.",,,"Per 100g/ml
Per Serving
%DI
Energy
453.40
793.45
Protein
4.70
8.23
Carbohydrate
5.00
8.75
Sugars
3.20
5.60
Sodium
160.00
280.00
Saturated
5.20
9.10
Energy (Cal)
108.47
189.82
Fat
7.30
12.78
Dietary Fibre (total)
2.30
4.03
Trans
0.30
0.53
* Percentage Daily Intakes are based on an average adult diet of 8700 kJ. Your daily intakes may be higher or lower depending on your energy needs.",,https://www.coles.com.au/product/coles-kitchen-cauliflower-cheese-350g-3771131,,,2024-06-18T01:54:34.235052-04:00
"Ind55SColes_ADairy, Eggs & Fridge_SAReady to eat meals_ILatina Fresh Veal Tortellini Pasta | 625g",Latina Fresh Veal Tortellini Pasta | 625g,Latina,"Dairy, Eggs & Fridge",Ready to eat meals,Italian meals & pasta,,$11.00,,,$1.76 per 100g,5404131,,,,,,https://www.coles.com.au/product/latina-fresh-veal-tortellini-pasta-625g-5404131,,,2024-06-18T01:54:43.437233-04:00
"Ind55SColes_ADairy, Eggs & Fridge_SAReady to eat meals_IColes Perform Build Chicken Minestrone Soup | 450g",Coles Perform Build Chicken Minestrone Soup | 450g,Coles,"Dairy, Eggs & Fridge",Ready to eat meals,Soups & stews,,$5.00,Pick any 2 for $18,,$1.11 per 100g,6009904,,,,"Per 100g/ml
Per Serving
%DI
Energy
357.00
1606.50
Protein
5.90
26.55
Total Fat
2.20
9.90
Saturated Fat
0.30
1.35
Carbohydrate
8.90
40.05
Sugars
1.70
7.65
Sodium
180.00
810.00
Energy (Cal)
85.41
384.33
Dietary Fibre (total)
3.00
13.50
Trans
0.10
0.45
* Percentage Daily Intakes are based on an average adult diet of 8700 kJ. Your daily intakes may be higher or lower depending on your energy needs.",,https://www.coles.com.au/product/coles-perform-build-chicken-minestrone-soup-450g-6009904,,,2024-06-18T01:54:56.109659-04:00
"Ind55SColes_ADairy, Eggs & Fridge_SAReady to eat meals_IColes Kitchen Chicken & Vegetable Noodle Soup | 550g",Coles Kitchen Chicken & Vegetable Noodle Soup | 550g,Coles,"Dairy, Eggs & Fridge",Ready to eat meals,Soups & stews,,$5.50,,,$1.00 per 100g,7750304,Chunky & Hearty,,,"Per 100g/ml
Per Serving
%DI
Energy
174.10
478.78
Protein
3.40
9.35
Total Fat
0.70
1.93
Carbohydrate
4.80
13.20
Sugars
1.40
3.85
Sodium
200.00
550.00
Saturated
0.20
0.55
Energy (Cal)
41.65
114.54
Dietary Fibre (total)
1.10
3.03
Trans
0.10
0.28
* Percentage Daily Intakes are based on an average adult diet of 8700 kJ. Your daily intakes may be higher or lower depending on your energy needs.",,https://www.coles.com.au/product/coles-kitchen-chicken-and-vegetable-noodle-soup-550g-7750304,,,2024-06-18T01:55:07.898084-04:00
"Ind55SColes_ADairy, Eggs & Fridge_SAReady to eat meals_ILatina Filled Pasta Chicken Tomato & Mozzarella | 625g",Latina Filled Pasta Chicken Tomato & Mozzarella | 625g,Latina,"Dairy, Eggs & Fridge",Ready to eat meals,Italian meals & pasta,,$11.00,,,$1.76 per 100g,7730930,,,,,,https://www.coles.com.au/product/latina-filled-pasta-chicken-tomato-and-mozzarella-625g-7730930,,,2024-06-18T01:55:17.442907-04:00
"Ind55SColes_ADairy, Eggs & Fridge_SAReady to eat meals_IDari's Creamy Mushroom Soup | 550g",Dari's Creamy Mushroom Soup | 550g,Daris,"Dairy, Eggs & Fridge",Ready to eat meals,Soups & stews,,$5.50,,$6.80,$1.00 per 100g,5063176,"Our Mushroom Soup is one of the most filling soups that you can eat. We use meatier mushroom varieties to create a thick, creamy, and very satisfying soup that's full of savoury flavour in every mouthful. It's a favourite in our house, that guarantees clean bowls!",,,"Per 100g/ml
Per Serving
%DI
Energy
180
495
Protein
1.3
3.6
Total Fat
2.1
5.8
Saturated Fat
1.4
3.9
Carbohydrate
4.5
12.4
Sugars
0.7
1.9
Sodium
266
732
Energy (Cal)
43
118
Dietary Fibre (total)
0.5
1.4
Trans
0.1
0.3
* Percentage Daily Intakes are based on an average adult diet of 8700 kJ. Your daily intakes may be higher or lower depending on your energy needs.",,https://www.coles.com.au/product/dari's-creamy-mushroom-soup-550g-5063176,,,2024-06-18T01:55:28.871759-04:00
"Ind55SColes_ADairy, Eggs & Fridge_SAReady to eat meals_IColes Kitchen Sweet & Sour Chicken & Rice | 350g",Coles Kitchen Sweet & Sour Chicken & Rice | 350g,Coles,"Dairy, Eggs & Fridge",Ready to eat meals,Thai meals,,$7.50,Pick any 2 for $14,,$2.14 per 100g,7748732,"Australian chicken breast in a tangy sweet and sour sauce with red capsicum & pineapple, served with rice",,,"Per 100g/ml
Per Serving
%DI
Energy
451.80
1581.30
Protein
7.20
25.20
Total Fat
0.90
3.15
Carbohydrate
16.10
56.35
Sugars
3.40
11.90
Sodium
170.00
595.00
Saturated
0.20
0.70
Energy (Cal)
108.09
378.30
Dietary Fibre (total)
2.80
9.80
Trans
0.10
0.35
* Percentage Daily Intakes are based on an average adult diet of 8700 kJ. Your daily intakes may be higher or lower depending on your energy needs.",,https://www.coles.com.au/product/coles-kitchen-sweet-and-sour-chicken-and-rice-350g-7748732,,,2024-06-18T01:55:39.962577-04:00
"Ind55SColes_ADairy, Eggs & Fridge_SAReady to eat meals_IColes Kitchen Chicken & Bacon Pasta Bake | 350g",Coles Kitchen Chicken & Bacon Pasta Bake | 350g,Coles,"Dairy, Eggs & Fridge",Ready to eat meals,Italian meals & pasta,,$8.00,Pick any 2 for $14,,$2.29 per 100g,2680766,From our kitchen to yours So you can experience the food of Italy at home we take durum wheat pasta and match to delicious simmered sauces before finishing with cheese. Food that is full of flavour and ready for you in minutes,,,"Per 100g/ml
Per Serving
%DI
Energy
660.90
2313.15
Protein
8.30
29.05
Total Fat
6.40
22.40
Carbohydrate
16.60
58.10
Sugars
0.90
3.15
Sodium
160.00
560.00
Saturated
3.40
11.90
Energy (Cal)
158.11
553.39
Dietary Fibre (total)
0.10
0.35
Trans
0.20
0.70
* Percentage Daily Intakes are based on an average adult diet of 8700 kJ. Your daily intakes may be higher or lower depending on your energy needs.",,https://www.coles.com.au/product/coles-kitchen-chicken-and-bacon-pasta-bake-350g-2680766,,,2024-06-18T01:55:52.232275-04:00
"Ind55SColes_ADairy, Eggs & Fridge_SAReady to eat meals_IBun Boy Vegetarian Buns | 270g",Bun Boy Vegetarian Buns | 270g,Bun Boy,"Dairy, Eggs & Fridge",Ready to eat meals,Thai meals,,$11.95,,,$4.43 per 100g,7084891,Light fluffy buns filled with delicious mixed veggies marinated in our own sweet chilli sauce. Delicious with a crispy Asian slaw and drizzled with your favourite sauce!,,,"Per 100g/ml
Per Serving
%DI
Energy
904kJ
1220kJ
Protein
6g
8.1g
Total Fat
2.7g
3.6g
Saturated Fat
0.4g
0.6g
Carbohydrate
39.8g
53.7g
Sugars
8.9g
12g
Sodium
302mg
408mg
* Percentage Daily Intakes are based on an average adult diet of 8700 kJ. Your daily intakes may be higher or lower depending on your energy needs.",,https://www.coles.com.au/product/bun-boy-vegetarian-buns-270g-7084891,,,2024-06-18T01:56:03.304078-04:00
"Ind55SColes_ADairy, Eggs & Fridge_SAReady to eat meals_ILatina Tomato & Bacon Pasta Sauce | 425g",Latina Tomato & Bacon Pasta Sauce | 425g,Latina,"Dairy, Eggs & Fridge",Ready to eat meals,Italian meals & pasta,,$7.50,,,$1.76 per 100g,7730045,,,,,,https://www.coles.com.au/product/latina-tomato-and-bacon-pasta-sauce-425g-7730045,,,2024-06-18T01:56:12.787008-04:00
"Ind55SColes_ADairy, Eggs & Fridge_SAColes Finest_IColes Finest Filled Gnocchi Mozz Parmi Reggi & Ricotta | 350g",Coles Finest Filled Gnocchi Mozz Parmi Reggi & Ricotta | 350g,Coles,"Dairy, Eggs & Fridge",Coles Finest,meals,,$6.00,,,$1.71 per 100g,3920220,"Light, fluffy Italian gnocchi made with fresh potatoes filled with Italian ricotta, 24 month aged Parmigiano Reggiano and mozzarella cheeses",,,"Per 100g/ml
Per Serving
%DI
Energy
704
1230
14
Protein
5.9
10.3
21
Total Fat
3.45
6.03
9
Saturated Fat
2.30
4.03
17
Carbohydrate
27.1
47.4
15
Sugars
4.09
7.16
8
Sodium
394
690
30
Energy (Cal)
168
295
0
Dietary Fibre (total)
1.98
3.47
12
* Percentage Daily Intakes are based on an average adult diet of 8700 kJ. Your daily intakes may be higher or lower depending on your energy needs.",,https://www.coles.com.au/product/coles-finest-filled-gnocchi-mozz-parmi-reggi-and-ricotta-350g-3920220,,,2024-06-18T01:56:24.966504-04:00
"Ind55SColes_ADairy, Eggs & Fridge_SAReady to eat meals_IColes Kitchen Chilli Con Carne & Rice | 350g",Coles Kitchen Chilli Con Carne & Rice | 350g,Coles,"Dairy, Eggs & Fridge",Ready to eat meals,Other ready meals,,$7.50,Pick any 2 for $14,,$2.14 per 100g,7749203,"Australian beef in a rich chili sauce with red kidney beans, served with rice",,,"Per 100g/ml
Per Serving
%DI
Energy
452.00
1582.00
Protein
4.80
16.80
Total Fat
2.50
8.75
Carbohydrate
14.70
51.45
Sugars
1.30
4.55
Sodium
170.00
595.00
Saturated
1.20
4.20
Energy (Cal)
108.13
378.47
Dietary Fibre (total)
3.50
12.25
Trans
0.10
0.35
* Percentage Daily Intakes are based on an average adult diet of 8700 kJ. Your daily intakes may be higher or lower depending on your energy needs.",,https://www.coles.com.au/product/coles-kitchen-chilli-con-carne-and-rice-350g-7749203,,,2024-06-18T01:56:36.082130-04:00
"Ind55SColes_ADairy, Eggs & Fridge_SAReady to eat meals_ILatina Fresh Italian Style Tomato & Garlic Pasta Sauce | 425g",Latina Fresh Italian Style Tomato & Garlic Pasta Sauce | 425g,Latina,"Dairy, Eggs & Fridge",Ready to eat meals,Italian meals & pasta,,$7.50,,,$1.76 per 100g,5233232,"Packed with umami goodness, Latina Fresh Italian Style Tomato & Garlic Pasta Sauce contains no artificial colours or flavours. This delicious blend of tomatoes, onion and olive oil with various herbs and spices makes a perfect topping for all sorts of pasta dishes. Try it in lasagna for a vegetarian-friendly twist.
Pasta sauce made with Australian Tomatoes

Great for lasagne

No artificial colours or flavours

Perfect with any Latina Fresh pasta

Serves four",,,,,https://www.coles.com.au/product/latina-fresh-italian-style-tomato-and-garlic-pasta-sauce-425g-5233232,,,2024-06-18T01:56:46.021571-04:00
"Ind55SColes_ADairy, Eggs & Fridge_SAReady to eat meals_IReady Chef Savoury Rice | 800g",Ready Chef Savoury Rice | 800g,Ready Chef,"Dairy, Eggs & Fridge",Ready to eat meals,Hot snacks & sides,,$10.00,,,$1.25 per 100g,6282594,"Ready Chef Savoury Rice is fragrant and aromatic rice mixed with onion, peas, sweet corn and carrot. Family size side dish. Ready to eat in 7 mins.",,,"Per 100g/ml
Per Serving
%DI
Energy
584kJ
1170kJ
13%
Protein
2.5g
5.0g
10%
Total Fat
2.7g
5.3g
8%
Saturated Fat
0.9g
1.8g
7%
Carbohydrate
25.3g
50.6g
16%
Sugars
2.4g
4.8g
5%
Sodium
204mg
409mg
18%
Monounsaturated
>1
>1
>1
Energy (Cal)
138Cal
277Cal
>1
Dietary Fibre (total)
1.5g
3.0g
10%
Polyunsaturated
>1
>1
>1
Trans
>1
>1
>1
* Percentage Daily Intakes are based on an average adult diet of 8700 kJ. Your daily intakes may be higher or lower depending on your energy needs.",,https://www.coles.com.au/product/ready-chef-savoury-rice-800g-6282594,,,2024-06-18T01:56:57.108598-04:00
"Ind55SColes_ADairy, Eggs & Fridge_SAYoufoodz_IYoufoodz Chicken Katsu Curry | 330g",Youfoodz Chicken Katsu Curry | 330g,Youfoodz,"Dairy, Eggs & Fridge",Youfoodz,Ready to eat meal,,$11.00,Pick any 2 for $16,,$3.33 per 100g,4683380,Youfoodz Chicken Katsu Curry is a Japanese-style katsu chicken curry served with rice & carrots.,,,"Per 100g/ml
Per Serving
%DI
Energy
782 kJ
2580 kJ
Protein
7.7 g
25.4 g
Total Fat
7.5 g
24.8 g
Saturated Fat
3.2 g
10.6 g
Carbohydrate
21.1 g
69.5 g
Sugars
4.0 g
13.1 g
Sodium
460 mg
1520 mg
Energy (Cal)
187 Cal
617 Cal
Dietary Fibre (total)
1.9 g
6.1 g
* Percentage Daily Intakes are based on an average adult diet of 8700 kJ. Your daily intakes may be higher or lower depending on your energy needs.",,https://www.coles.com.au/product/youfoodz-chicken-katsu-curry-330g-4683380,,,2024-06-18T01:57:08.337094-04:00
"Ind55SColes_ADairy, Eggs & Fridge_SAReady to eat meals_IColes Natures Kitchen Vegetable Lasagne | 400g",Coles Natures Kitchen Vegetable Lasagne | 400g,Coles,"Dairy, Eggs & Fridge",Ready to eat meals,Italian meals & pasta,,$7.50,Pick any 2 for $14,,$2.14 per 100g,3467980,"Coles Natures Kitchen Vegetable Lasagne 400g. A Mediterranean style vegan pasta. At Natures Kitchen we believe plant based food does not have to be bland and boring, so were upping the taste in plant based eats. Salty, tangy, spicy, sweet, we offer mouth-watering food, packed with flavour for the modern plant-based eater.",,,"Per 100g/ml
Per Serving
%DI
Energy
298.10
1192.40
Protein
3.00
12.00
Total Fat
1.90
7.60
Carbohydrate
9.60
38.40
Sugars
2.60
10.40
Sodium
150.00
600.00
Saturated
0.30
1.20
Energy (Cal)
71.32
285.26
Dietary Fibre (total)
1.70
6.80
Trans
0.10
0.40
* Percentage Daily Intakes are based on an average adult diet of 8700 kJ. Your daily intakes may be higher or lower depending on your energy needs.",,https://www.coles.com.au/product/coles-natures-kitchen-vegetable-lasagne-400g-3467980,,,2024-06-18T01:57:20.448644-04:00
"Ind55SColes_ADairy, Eggs & Fridge_SA_ILatina Fresh Spinach & Ricotta Agnolotti Pasta | 375g",Latina Fresh Spinach & Ricotta Agnolotti Pasta | 375g,Latina,"Dairy, Eggs & Fridge",,,,$6.50,,$8.00,$1.73 per 100g,5280232,,,,,,https://www.coles.com.au/product/latina-fresh-spinach-and-ricotta-agnolotti-pasta-375g-5280232,,,2024-06-18T01:57:29.397344-04:00
"Ind55SColes_ADairy, Eggs & Fridge_SAReady to eat meals_IColes Kitchen Thai Green Chicken Curry & Rice | 350g",Coles Kitchen Thai Green Chicken Curry & Rice | 350g,Coles,"Dairy, Eggs & Fridge",Ready to eat meals,Thai meals,,$7.50,Pick any 2 for $14,,$2.14 per 100g,2875110,"Australian chicken breast in an aromatic green curry sauce with green capsicum and kaffir lime, served with jasmine rice",,,"Per 100g/ml
Per Serving
%DI
Energy
632.60
2214.10
Protein
10.20
35.70
Total Fat
4.90
17.15
Carbohydrate
16.30
57.05
Sugars
2.30
8.05
Sodium
180.00
630.00
Saturated
2.80
9.80
Energy (Cal)
151.34
529.69
Fat
4.90
17.15
Dietary Fibre (total)
0.10
0.35
Trans
0.10
0.35
* Percentage Daily Intakes are based on an average adult diet of 8700 kJ. Your daily intakes may be higher or lower depending on your energy needs.",,https://www.coles.com.au/product/coles-kitchen-thai-green-chicken-curry-and-rice-350g-2875110,,,2024-06-18T01:57:42.506793-04:00
"Ind55SColes_ADairy, Eggs & Fridge_SAReady to eat meals_ILatina Fresh Beef Bolognese Pasta Sauce | 425g",Latina Fresh Beef Bolognese Pasta Sauce | 425g,Latina,"Dairy, Eggs & Fridge",Ready to eat meals,Italian meals & pasta,,$7.50,,,$1.76 per 100g,5220241,"Perfect for topping pasta, Latina Fresh Beef Bolognese Pasta Sauce turns any last-minute dinner idea into something special. Fast to prepare, it's a delicious blend of ripe tomatoes and tender Australian beef with onion, olive oil, garlic and various spices. No artificial colours, flavours or preservatives.
Bolognese made with Australian Beef

No artificial colours or flavours

No preservatives

Perfect with any Latina Fresh pasta

Serves four",,,,,https://www.coles.com.au/product/latina-fresh-beef-bolognese-pasta-sauce-425g-5220241,,,2024-06-18T01:57:52.646579-04:00
"Ind55SColes_ADairy, Eggs & Fridge_SAReady to eat meals_IColes Meals Beef Lasagne | 350g",Coles Meals Beef Lasagne | 350g,Coles,"Dairy, Eggs & Fridge",Ready to eat meals,Italian meals & pasta,,$5.00,,,$1.43 per 100g,3166054,Coles Brand meals are made with quality ingredients. Enjoy delicious and convenient ready to cook Beef Lasagne.,,,"Per 100g/ml
Per Serving
%DI
Energy
487.20
1705.20
Protein
3.50
12.25
Carbohydrate
12.00
42.00
Sugars
2.20
7.70
Sodium
260.00
910.00
Saturated
3.40
11.90
Energy (Cal)
116.56
407.94
Fat
5.70
19.95
Dietary Fibre (total)
1.60
5.60
Trans
0.20
0.70
* Percentage Daily Intakes are based on an average adult diet of 8700 kJ. Your daily intakes may be higher or lower depending on your energy needs.",,https://www.coles.com.au/product/coles-meals-beef-lasagne-350g-3166054,,,2024-06-18T01:58:03.791158-04:00
"Ind55SColes_ADairy, Eggs & Fridge_SAReady to eat meals_IColes Perform Build Bolognese Sauce | 300g",Coles Perform Build Bolognese Sauce | 300g,Coles,"Dairy, Eggs & Fridge",Ready to eat meals,Italian meals & pasta,,$5.00,Pick any 2 for $18,,$1.67 per 100g,6012636,,,,"Per 100g/ml
Per Serving
%DI
Energy
351.60
527.40
Protein
5.60
8.40
Total Fat
3.20
4.80
Saturated Fat
1.10
1.65
Carbohydrate
7.60
11.40
Sugars
3.80
5.70
Sodium
220.00
330.00
Energy (Cal)
84.11
126.17
Dietary Fibre (total)
1.10
1.65
Trans
0.10
0.15
* Percentage Daily Intakes are based on an average adult diet of 8700 kJ. Your daily intakes may be higher or lower depending on your energy needs.",,https://www.coles.com.au/product/coles-perform-build-bolognese-sauce-300g-6012636,,,2024-06-18T01:58:16.166128-04:00
"Ind55SColes_ADairy, Eggs & Fridge_SAReady to eat meals_IColes Chicken Tortellini | 600g",Coles Chicken Tortellini | 600g,Coles,"Dairy, Eggs & Fridge",Ready to eat meals,Italian meals & pasta,,$5.50,,,$0.92 per 100g,3920118,Coles Pasta Chicken Tortellini,,,"Per 100g/ml
Per Serving
%DI
Energy
1055.30
1582.95
Protein
12.60
18.90
Total Fat
4.60
6.90
Carbohydrate
37.30
55.95
Sugars
0.30
0.45
Sodium
260.00
390.00
Saturated
1.90
2.85
Energy (Cal)
252.46
378.70
Dietary Fibre (total)
4.60
6.90
* Percentage Daily Intakes are based on an average adult diet of 8700 kJ. Your daily intakes may be higher or lower depending on your energy needs.",,https://www.coles.com.au/product/coles-chicken-tortellini-600g-3920118,,,2024-06-18T01:58:27.499157-04:00
"Ind55SColes_ADairy, Eggs & Fridge_SAReady to eat meals_IColes Kitchen Butternut Pumpkin Soup | 300g",Coles Kitchen Butternut Pumpkin Soup | 300g,Coles,"Dairy, Eggs & Fridge",Ready to eat meals,Soups & stews,,$4.00,,,$1.33 per 100g,3467447,"From our kitchen to yours, Coles Kitchen offers you great-tasting food that is ready when you are",,,"Per 100g/ml
Per Serving
%DI
Energy
279.20
837.60
Protein
0.60
1.80
Total Fat
4.30
12.90
Carbohydrate
5.10
15.30
Sugars
3.80
11.40
Sodium
130.00
390.00
Saturated
2.20
6.60
Energy (Cal)
66.79
200.38
Dietary Fibre (total)
2.90
8.70
Trans
0.10
0.30
* Percentage Daily Intakes are based on an average adult diet of 8700 kJ. Your daily intakes may be higher or lower depending on your energy needs.",,https://www.coles.com.au/product/coles-kitchen-butternut-pumpkin-soup-300g-3467447,,,2024-06-18T01:58:38.674672-04:00
"Ind55SColes_ADairy, Eggs & Fridge_SAReady to eat meals_IColes Kitchen Quiche Lorraine 2 Pack | 400g",Coles Kitchen Quiche Lorraine 2 Pack | 400g,Coles,"Dairy, Eggs & Fridge",Ready to eat meals,Pies & pastries,,$10.90,,,$2.73 per 100g,4219270,From our kitchen to yours......Our Classic quiche range uses carefully selected ingredients to give you homestyle comfort food full of flavour.,,,"Per 100g/ml
Per Serving
%DI
Energy
1117.20
2234.40
Protein
8.50
17.00
Carbohydrate
23.40
46.80
Sugars
3.10
6.20
Sodium
458.00
916.00
Saturated
8.40
16.80
Energy (Cal)
267.27
534.55
Fat
15.30
30.60
Dietary Fibre (total)
1.10
2.20
Trans
0.30
0.60
* Percentage Daily Intakes are based on an average adult diet of 8700 kJ. Your daily intakes may be higher or lower depending on your energy needs.",,https://www.coles.com.au/product/coles-kitchen-quiche-lorraine-2-pack-400g-4219270,,,2024-06-18T01:58:50.136010-04:00
"Ind55SColes_ADairy, Eggs & Fridge_SAReady to eat meals_IColes Kitchen Tomato Pizza Base | 300g",Coles Kitchen Tomato Pizza Base | 300g,Coles,"Dairy, Eggs & Fridge",Ready to eat meals,Pizzas,,$3.00,,,$1.00 per 100g,6187447,"Kitchen Inspired Creations From our kitchen to yours......A pizzeria experience at home. We've used Australian flour to form a stone baked pizza base with tomato passata, ready for you to add your favourite toppings.",,,"Per 100g/ml
Per Serving
%DI
Energy
980.90
735.68
Protein
7.30
5.48
Total Fat
4.90
3.68
Saturated Fat
0.50
0.38
Carbohydrate
37.10
27.83
Sugars
5.80
4.35
Sodium
410.00
307.50
Energy (Cal)
234.67
176.00
Dietary Fibre (total)
5.60
4.20
Trans
0.01
0.01
* Percentage Daily Intakes are based on an average adult diet of 8700 kJ. Your daily intakes may be higher or lower depending on your energy needs.",,https://www.coles.com.au/product/coles-kitchen-tomato-pizza-base-300g-6187447,,,2024-06-18T01:59:02.700456-04:00
"Ind55SColes_ADairy, Eggs & Fridge_SAReady to eat meals_IGarlos Apple Pie | 200g",Garlos Apple Pie | 200g,Garlos,"Dairy, Eggs & Fridge",Ready to eat meals,Pies & pastries,,$4.70,,,$2.35 per 100g,5763699,"Golden flaky pastry, filled with cinnamon spiced, freshly diced, Australian Apples.",,,,,https://www.coles.com.au/product/garlos-apple-pie-200g-5763699,,,2024-06-18T01:59:11.757235-04:00
"Ind55SColes_ADairy, Eggs & Fridge_SAReady to eat meals_ILatina Dy Pasta Sauce Creamy Carbonara | 700g",Latina Dy Pasta Sauce Creamy Carbonara | 700g,Latina,"Dairy, Eggs & Fridge",Ready to eat meals,Italian meals & pasta,,,,,,8999400,"Latina Fresh Creamy Carbonara Pasta Sauce is perfect for family night and a great sauce to keep in the fridge for busy nights. Simply delicious over pasta or gnocchi, it's made with fresh Australian cream, bacon, Parmesan, parsley and more.
Carbonara carbonara pasta sauce

Made with fresh Australian Cream & Milk

Cooks in 6 mins

Perfect with any Latina Fresh pasta

Serves six",,,,,https://www.coles.com.au/product/latina-dy-pasta-sauce-creamy-carbonara-700g-8999400,,,2024-06-18T01:59:21.278044-04:00
"Ind55SColes_ADairy, Eggs & Fridge_SAReady to eat meals_IHome Chef Quiche Spinach & Feta | 200g",Home Chef Quiche Spinach & Feta | 200g,Home Chef,"Dairy, Eggs & Fridge",Ready to eat meals,Pies & pastries,,$6.50,,,$3.25 per 100g,7829379,Home Chef Spinach and Feta Quiche 200g,,,"Per 100g/ml
Per Serving
%DI
Energy
976
Protein
8.6
Total Fat
14.5
Saturated Fat
8.2
Carbohydrate
16.0
Sugars
2.5g
Sodium
520
Energy (Cal)
233
* Percentage Daily Intakes are based on an average adult diet of 8700 kJ. Your daily intakes may be higher or lower depending on your energy needs.",,https://www.coles.com.au/product/home-chef-quiche-spinach-and-feta-200g-7829379,,,2024-06-18T01:59:32.569356-04:00
"Ind55SColes_ADairy, Eggs & Fridge_SAYoufoodz_IYoufoodz Clean Chicken With Sweet Potato & Broccoli | 300g",Youfoodz Clean Chicken With Sweet Potato & Broccoli | 300g,Youfoodz,"Dairy, Eggs & Fridge",Youfoodz,Ready to eat meal,,$11.00,Pick any 2 for $16,,$3.67 per 100g,3583936,"Youfoodz Clean Chicken & Sweet Potato with Broccoli & Peas is a seasoned chicken breast served with roast sweet potato, broccoli, peas & a sachet of vibrant pesto sauce.",,,"Per 100g/ml
Per Serving
%DI
Energy
453 kJ
1360 kJ
Protein
7.8 g
23.4 g
Total Fat
2.8 g
8.4 g
Saturated Fat
Less than 1 g
1.4 g
Carbohydrate
11.3 g
33.9 g
Sugars
5.2 g
15.5 g
Sodium
188 mg
564 mg
Energy (Cal)
108 Cal
325 Cal
Dietary Fibre (total)
1.8 g
5.5 g
* Percentage Daily Intakes are based on an average adult diet of 8700 kJ. Your daily intakes may be higher or lower depending on your energy needs.",,https://www.coles.com.au/product/youfoodz-clean-chicken-with-sweet-potato-and-broccoli-300g-3583936,,,2024-06-18T01:59:46.398768-04:00
"Ind55SColes_ADairy, Eggs & Fridge_SAReady to eat meals_IColes Kitchen Beef Ragu Lasagne | 350g",Coles Kitchen Beef Ragu Lasagne | 350g,Coles,"Dairy, Eggs & Fridge",Ready to eat meals,Italian meals & pasta,,$8.00,Pick any 2 for $14,,$2.29 per 100g,5587100,,,,,,https://www.coles.com.au/product/coles-kitchen-beef-ragu-lasagne-350g-5587100,,,2024-06-18T01:59:56.551534-04:00
"Ind55SColes_ADairy, Eggs & Fridge_SAPackaged Bread Rolls and Buns_IColes White Dinner Rolls 6 pack | 220g",Coles White Dinner Rolls 6 pack | 220g,Coles,"Dairy, Eggs & Fridge",Packaged Bread Rolls and Buns,Burger Buns and Hot Dog Rolls,,$2.90,,,$1.32 per 100g,1597180,"Breakfast, lunch, dinner or a snack in between - a good home-made roll can fill the gap",,,"Per 100g/ml
Per Serving
%DI
Energy
1049.30
382.99
Protein
9.30
3.39
Total Fat
1.90
0.69
Carbohydrate
46.50
16.97
Sugars
3.10
1.13
Sodium
383.00
139.80
Saturated
0.30
0.11
Energy (Cal)
251.03
91.63
Dietary Fibre (total)
3.80
1.39
* Percentage Daily Intakes are based on an average adult diet of 8700 kJ. Your daily intakes may be higher or lower depending on your energy needs.",,https://www.coles.com.au/product/coles-white-dinner-rolls-6-pack-220g-1597180,,,2024-06-18T02:00:07.874113-04:00
"Ind55SColes_ADairy, Eggs & Fridge_SAReady to eat meals_IColes Kitchen Beef Massaman Curry & Rice | 350g",Coles Kitchen Beef Massaman Curry & Rice | 350g,Coles,"Dairy, Eggs & Fridge",Ready to eat meals,Thai meals,,$7.50,Pick any 2 for $14,,$2.14 per 100g,2875120,"Australian beef and potato braised in a medium spiced massaman curry sauce, served with jasmine rice",,,"Per 100g/ml
Per Serving
%DI
Energy
663.80
2323.30
Protein
9.20
32.20
Carbohydrate
18.70
65.45
Sugars
1.40
4.90
Sodium
160.00
560.00
Saturated
2.70
9.45
Energy (Cal)
158.80
555.81
Fat
5.10
17.85
Dietary Fibre (total)
0.10
0.35
Trans
0.10
0.35
* Percentage Daily Intakes are based on an average adult diet of 8700 kJ. Your daily intakes may be higher or lower depending on your energy needs.",,https://www.coles.com.au/product/coles-kitchen-beef-massaman-curry-and-rice-350g-2875120,,,2024-06-18T02:00:20.571135-04:00
"Ind55SColes_ADairy, Eggs & Fridge_SAReady to eat meals_IColes Kitchen Pumpkin Risotto | 350g",Coles Kitchen Pumpkin Risotto | 350g,Coles,"Dairy, Eggs & Fridge",Ready to eat meals,Italian meals & pasta,,$8.00,Pick any 2 for $14,,$2.29 per 100g,3467990,"From our kitchen to yours, Coles Kitchen offers you great-tasting food that is ready when you are",,,"Per 100g/ml
Per Serving
%DI
Energy
419.90
1469.65
Protein
2.50
8.75
Total Fat
3.90
13.65
Carbohydrate
13.10
45.85
Sugars
2.50
8.75
Sodium
140.00
490.00
Saturated
1.60
5.60
Energy (Cal)
100.45
351.59
Dietary Fibre (total)
1.30
4.55
Trans
0.10
0.35
* Percentage Daily Intakes are based on an average adult diet of 8700 kJ. Your daily intakes may be higher or lower depending on your energy needs.",,https://www.coles.com.au/product/coles-kitchen-pumpkin-risotto-350g-3467990,,,2024-06-18T02:00:32.047858-04:00
"Ind55SColes_ADairy, Eggs & Fridge_SA_ILatina Lasagne with Angus Beef & Vegetables | 1.6kg",Latina Lasagne with Angus Beef & Vegetables | 1.6kg,Latina,"Dairy, Eggs & Fridge",,,,$19.95,,,$1.25 per 100g,9992814,Layers of delicious pasta in an Australian beef and tomato sauce with vegetables.,,,"Per 100g/ml
Per Serving
%DI
Energy
536kJ
2140kJ
25.0%
Protein
5.4g
21.6g
43.0%
Total Fat
6.0g
24.0g
34.0%
Saturated Fat
3.0g
12.0g
50.0%
Carbohydrate
12.1g
48.4g
16.0%
Sugars
3.0g
12.0g
13.0%
Sodium
220mg
880mg
38.0%
Dietary Fibre (total)
2.1g
8.4g
28.000000000000004%
* Percentage Daily Intakes are based on an average adult diet of 8700 kJ. Your daily intakes may be higher or lower depending on your energy needs.",,https://www.coles.com.au/product/latina-lasagne-with-angus-beef-and-vegetables-1.6kg-9992814,,,2024-06-18T02:00:44.255778-04:00
"Ind55SColes_ADairy, Eggs & Fridge_SAReady to eat meals_IYoufoodz Fueld Fueld Chicken Carbonara | 426g",Youfoodz Fueld Fueld Chicken Carbonara | 426g,Youfoodz Fueld,"Dairy, Eggs & Fridge",Ready to eat meals,Other ready meals,,$12.00,,,$2.82 per 100g,7825367,"Youfoodz' FUEL'D Chicken Carbonara features al dente fettuccine, tender slices of chicken, ham and mushrooms in a creamy parmesan cheese and garlic sauce. Big in size, big on taste & packed with protein!",,,"Per 100g/ml
Per Serving
%DI
Energy
503 kJ
2140 kJ
Protein
8.8 g
37.3 g
Total Fat
3.5 g
15.1 g
Saturated Fat
2.0 g
8.5 g
Carbohydrate
12.5 g
53.2 g
Sugars
1.2 g
5.2 g
Sodium
432 mg
1840 mg
Energy (Cal)
120 Cal
512 Cal
Dietary Fibre (total)
1.3 g
5.5 g
* Percentage Daily Intakes are based on an average adult diet of 8700 kJ. Your daily intakes may be higher or lower depending on your energy needs.",,https://www.coles.com.au/product/youfoodz-fueld-fueld-chicken-carbonara-426g-7825367,,,2024-06-18T02:00:55.386922-04:00
"Ind55SColes_ADairy, Eggs & Fridge_SADairy, chilled & frozen_IColes Kitchen Green Veg Mix Medley With Butter | 220g",Coles Kitchen Green Veg Mix Medley With Butter | 220g,Coles,"Dairy, Eggs & Fridge","Dairy, chilled & frozen",Ready made meals,,$6.00,,,"$2.73 per 100g
Was $7.50 on Jun 2024",7749972,With garlic & parsley butter,,,"Per 100g/ml
Per Serving
%DI
Energy
281.20
309.32
Protein
0.90
0.99
Total Fat
3.70
4.07
Carbohydrate
5.80
6.38
Sugars
2.10
2.31
Sodium
40.00
44.00
Saturated
2.30
2.53
Energy (Cal)
67.27
74.00
Dietary Fibre (total)
3.80
4.18
Trans
0.05
0.06
* Percentage Daily Intakes are based on an average adult diet of 8700 kJ. Your daily intakes may be higher or lower depending on your energy needs.",,https://www.coles.com.au/product/coles-kitchen-green-veg-mix-medley-with-butter-220g-7749972,,,2024-06-18T02:01:06.517150-04:00
"Ind55SColes_ADairy, Eggs & Fridge_SAYoufoodz_IYoufoodz Creamy Chicken Carbonara | 310g",Youfoodz Creamy Chicken Carbonara | 310g,Youfoodz,"Dairy, Eggs & Fridge",Youfoodz,Ready to eat meal,,$11.00,Pick any 2 for $16,,$3.55 per 100g,3584112,"You really can't go wrong with carbonara, so we created our very own version.

Our Creamy Chicken Carbonara features al dente fettuccine made using Australian ingredients, tender slices of chicken, pieces of ham, mushrooms and of course, a creamy cheese and garlic sauce. Sure, it's a little indulgent, but it's packed with 38 grams of protein which is absolutely good for you.",,,"Per 100g/ml
Per Serving
%DI
Energy
499 kJ
1550 kJ
Protein
9.1 g
28.1 g
Total Fat
3.7 g
11.4 g
Saturated Fat
2.1 g
6.5 g
Carbohydrate
11.7 g
36.2 g
Sugars
1.3 g
3.9 g
Sodium
462 mg
1430 mg
Energy (Cal)
119 Cal
370 Cal
Dietary Fibre (total)
1.3 g
3.9 g
* Percentage Daily Intakes are based on an average adult diet of 8700 kJ. Your daily intakes may be higher or lower depending on your energy needs.",,https://www.coles.com.au/product/youfoodz-creamy-chicken-carbonara-310g-3584112,,,2024-06-18T02:01:17.838572-04:00
"Ind55SColes_ADairy, Eggs & Fridge_SADairy, chilled & frozen_IColes Kitchen Family Side Mashed Potato | 600g",Coles Kitchen Family Side Mashed Potato | 600g,Coles,"Dairy, Eggs & Fridge","Dairy, chilled & frozen",Ready made meals,,$7.00,,,"$1.17 per 100g
Was $7.50 on Jun 2024",7748925,,,,"Per 100g/ml
Per Serving
%DI
Energy
414.40
621.60
Protein
1.40
2.10
Total Fat
4.50
6.75
Carbohydrate
12.10
18.15
Sugars
0.80
1.20
Sodium
190.00
285.00
Saturated
3.20
4.80
Energy (Cal)
99.14
148.71
Dietary Fibre (total)
2.30
3.45
Trans
0.20
0.30
* Percentage Daily Intakes are based on an average adult diet of 8700 kJ. Your daily intakes may be higher or lower depending on your energy needs.",,https://www.coles.com.au/product/coles-kitchen-family-side-mashed-potato-600g-7748925,,,2024-06-18T02:01:29.490876-04:00
"Ind55SColes_ADairy, Eggs & Fridge_SAReady to eat meals_IColes Kitchen Family Butter Chicken | 800g",Coles Kitchen Family Butter Chicken | 800g,Coles,"Dairy, Eggs & Fridge",Ready to eat meals,Indian food & meals,,$12.00,,,$1.50 per 100g,7372058,Australian marinated chicken breast in a mildly spiced cream and tomato curry sauce,,,"Per 100g/ml
Per Serving
%DI
Energy
593.10
1186.20
Protein
14.80
29.60
Carbohydrate
7.20
14.40
Sugars
4.20
8.40
Sodium
150.00
300.00
Saturated
3.50
7.00
Energy (Cal)
141.89
283.78
Fat
5.90
11.80
Dietary Fibre (total)
0.10
0.20
Trans
0.20
0.40
* Percentage Daily Intakes are based on an average adult diet of 8700 kJ. Your daily intakes may be higher or lower depending on your energy needs.",,https://www.coles.com.au/product/coles-kitchen-family-butter-chicken-800g-7372058,,,2024-06-18T02:01:40.712822-04:00
"Ind55SColes_ADairy, Eggs & Fridge_SAReady to eat meals_IColes Meals Thai Chicken Curry With Rice | 350g",Coles Meals Thai Chicken Curry With Rice | 350g,Coles,"Dairy, Eggs & Fridge",Ready to eat meals,Indian food & meals,,$5.00,,,$1.43 per 100g,3360556,Coles Brand meals are made with quality ingredients. Enjoy delicious Thai Chicken Curry With Rice.,,,"Per 100g/ml
Per Serving
%DI
Energy
569.70
1993.95
Protein
6.30
22.05
Total Fat
3.20
11.20
Carbohydrate
20.20
70.70
Sugars
2.30
8.05
Sodium
260.00
910.00
Saturated
1.40
4.90
Energy (Cal)
136.29
477.02
Fat
3.20
11.20
Dietary Fibre (total)
0.10
0.35
Trans
0.10
0.35
* Percentage Daily Intakes are based on an average adult diet of 8700 kJ. Your daily intakes may be higher or lower depending on your energy needs.",,https://www.coles.com.au/product/coles-meals-thai-chicken-curry-with-rice-350g-3360556,,,2024-06-18T02:01:53.216386-04:00
"Ind55SColes_ADairy, Eggs & Fridge_SAReady to eat meals_IColes Kitchen Sweet & Sour Stir Fry Sauce | 200g",Coles Kitchen Sweet & Sour Stir Fry Sauce | 200g,Coles,"Dairy, Eggs & Fridge",Ready to eat meals,Italian meals & pasta,,$4.50,,,$2.25 per 100g,7748324,"Coles Kitchen Sweet and Sour Stir Fry Sauce 200g.

Vegetarian
Traditional sweet and sour sauce
No artificial colours and flavours

Coles Sweet Sour Stir Fry Sauce is a quick and a convenient way to get delicious mid-week meals on the table with no fuss.

This tangy blend of spices is perfectly balanced with sweet pineapple and aromatic herbs providing a refreshing contrast to a variety of ingredients. For protein, chicken or pork strips are classic choices, especially when paired with pineapple chunks and crunchy vegetables like broccoli and carrots. For a tasty meat-free option, try Coles Sweet and Sour Stir Fry Sauce with fried tofu and vegetables to add colour and texture to the dish. Feel free to get creative and customise your stir-fries with whatever ingredients you have on hand.

Serve over noodles or rice and garnish with fresh spring onion and a sprinkling of sesame seeds for a vibrant family-friendly meal that's sure to be a hit.

Chefs Tip: For a spicy twist, add some sliced red chilli or chilli flakes.",,,"Per 100g/ml
Per Serving
%DI
Energy
257
128
1
Protein
LESS THAN 1g
LESS THAN 1g
0
Total Fat
1.4
LESS THAN 1g
1
Saturated Fat
LESS THAN 1g
LESS THAN 1g
0
Carbohydrate
9.5
4.8
2
Sodium
262
131
6
Energy (Cal)
61
31
* Percentage Daily Intakes are based on an average adult diet of 8700 kJ. Your daily intakes may be higher or lower depending on your energy needs.",,https://www.coles.com.au/product/coles-kitchen-sweet-and-sour-stir-fry-sauce-200g-7748324,,,2024-06-18T02:02:05.270906-04:00
"Ind55SColes_ADairy, Eggs & Fridge_SAReady to eat meals_IColes Kitchen Chicken Korma And Rice | 350g",Coles Kitchen Chicken Korma And Rice | 350g,Coles,"Dairy, Eggs & Fridge",Ready to eat meals,Indian food & meals,,$8.00,Pick any 2 for $14,,$2.29 per 100g,3771368,"Australian marinated chicken breast in a mildly spiced coconut, cream and yoghurt sauce, served with basmati rice",,,"Per 100g/ml
Per Serving
%DI
Energy
708.10
2478.35
Protein
9.40
32.90
Carbohydrate
18.10
63.35
Sugars
0.30
1.05
Sodium
150.00
525.00
Saturated
3.00
10.50
Energy (Cal)
169.40
592.91
Fat
6.20
21.70
Dietary Fibre (total)
1.40
4.90
Trans
0.10
0.35
* Percentage Daily Intakes are based on an average adult diet of 8700 kJ. Your daily intakes may be higher or lower depending on your energy needs.",,https://www.coles.com.au/product/coles-kitchen-chicken-korma-and-rice-350g-3771368,,,2024-06-18T02:02:16.784243-04:00
"Ind55SColes_ADairy, Eggs & Fridge_SAReady to eat meals_IColes Kitchen Choc Peanut Butter Bite | 40g",Coles Kitchen Choc Peanut Butter Bite | 40g,Coles,"Dairy, Eggs & Fridge",Ready to eat meals,Grab & go snacks,,$2.70,,,$6.75 per 100g,7829288,Dark Choc Peanut Butter Bite with a smooth and salty peanut butter core,,,"Per 100g/ml
Per Serving
%DI
Energy
1970.70
788.28
Protein
11.20
4.48
Total Fat
29.10
11.64
Carbohydrate
35.60
14.24
Sugars
18.50
7.40
Sodium
52.00
20.80
Saturated
15.10
6.04
Energy (Cal)
471.46
188.58
Dietary Fibre (total)
12.30
4.92
Trans
0.10
0.04
* Percentage Daily Intakes are based on an average adult diet of 8700 kJ. Your daily intakes may be higher or lower depending on your energy needs.",,https://www.coles.com.au/product/coles-kitchen-choc-peanut-butter-bite-40g-7829288,,,2024-06-18T02:02:28.413076-04:00
"Ind55SColes_ADairy, Eggs & Fridge_SAReady to eat meals_IDari's FOTW Chicken Laksa Soup | 550g",Dari's FOTW Chicken Laksa Soup | 550g,Daris,"Dairy, Eggs & Fridge",Ready to eat meals,Soups & stews,,$8.20,,,$1.49 per 100g,7830866,"Experience the delicious taste of Malaysia! Fragrant spices, shreds of chicken breast and silky noodles in a coconut-infused broth. Enjoy the quality of a restaurant-style dish in the comfort of your own home.",,,"Per 100g/ml
Per Serving
%DI
Energy
807
2220
Protein
5.9
16.3
Total Fat
15.3
42.0
Saturated Fat
11.3
31.0
Carbohydrate
7.9
21.8
Sugars
1.5
4.1
Sodium
454
1250
Energy (Cal)
193
530
Dietary Fibre (total)
0.9
2.6
* Percentage Daily Intakes are based on an average adult diet of 8700 kJ. Your daily intakes may be higher or lower depending on your energy needs.",,https://www.coles.com.au/product/dari's-fotw-chicken-laksa-soup-550g-7830866,,,2024-06-18T02:02:40.021136-04:00
"Ind55SColes_ADairy, Eggs & Fridge_SAReady to eat meals_IRana Porcini Mushroom Ravioli | 325g",Rana Porcini Mushroom Ravioli | 325g,Rana,"Dairy, Eggs & Fridge",Ready to eat meals,Italian meals & pasta,,$8.00,,,$2.46 per 100g,3296071,"Enjoy the richness of our filling. Made to perfection with flavoursome diced mushrooms and delicate creamy ricotta cheese, wrapped in paper thin pasta parcels.",,,,"Filling 53%: Porcini Mushroom 15% (Boletus Edulis and Related Group), Vegetable Fibres, Ricotta (Whey, Milk, Salt, Citric Acid), Champignon Mushroom 9.2% (Agaricus Bisporus), Breadcrumbs (Soft Wheat Flour, Salt, Yeast), Mozzarella Cheese (Milk, Salt, Non-Animal Rennet), Mascarpone Cheese (Cream, Milk, Citric Acid), Starches, Sunflower Oil, Onion, Whey Powder, White Wine, Natural Flavouring (contains Barley), Salt, Parsley, Lactose (from Milk), Acidity Regulator: Lactic Acid, Garlic, Skimmed Milk Powder, Black Pepper, Pasta 47%: Soft Wheat Flour, Egg 30%, Durum Wheat Semolina",https://www.coles.com.au/product/rana-porcini-mushroom-ravioli-325g-3296071,,,2024-06-18T02:02:49.529280-04:00
"Ind55SColes_ADairy, Eggs & Fridge_SAReady to eat meals_IColes Kitchen Chicken Tikka Masala & Rice | 350g",Coles Kitchen Chicken Tikka Masala & Rice | 350g,Coles,"Dairy, Eggs & Fridge",Ready to eat meals,Indian food & meals,,$7.50,Pick any 2 for $14,,$2.14 per 100g,2877523,"Marinated Australian chicken breast in a rich tandoori spiced masala sauce finished with cream, served with basmati rice",,,"Per 100g/ml
Per Serving
%DI
Energy
524.90
1837.15
Protein
7.90
27.65
Total Fat
3.20
11.20
Carbohydrate
15.40
53.90
Sugars
2.70
9.45
Sodium
170.00
595.00
Saturated
1.20
4.20
Energy (Cal)
125.57
439.51
Fat
3.20
11.20
Dietary Fibre (total)
1.30
4.55
Trans
0.10
0.35
* Percentage Daily Intakes are based on an average adult diet of 8700 kJ. Your daily intakes may be higher or lower depending on your energy needs.",,https://www.coles.com.au/product/coles-kitchen-chicken-tikka-masala-and-rice-350g-2877523,,,2024-06-18T02:03:00.875592-04:00
"Ind55SColes_ADairy, Eggs & Fridge_SAReady to eat meals_IReady Chef Cheesy Mash | 800g",Ready Chef Cheesy Mash | 800g,Ready Chef,"Dairy, Eggs & Fridge",Ready to eat meals,Hot snacks & sides,,$10.00,,,$1.25 per 100g,6282619,"Ready Chef Cheesy Potato Mash is creamy mashed potato combined with butter, cream and cheese. Family size side dish. Ready to eat in 7 mins.",,,"Per 100g/ml
Per Serving
%DI
Energy
606kJ
1210kJ
14%
Protein
2.9g
5.8g
12%
Total Fat
10.4g
20.7g
30%
Saturated Fat
6.7g
13.4g
56%
Carbohydrate
9.7g
19.5g
6%
Sugars
1.1g
2.2g
2%
Sodium
126mg
252mg
11%
Monounsaturated
>1
>1
>1
Energy (Cal)
146Cal
292Cal
>1
Dietary Fibre (total)
0.9g
1.8g
6%
Polyunsaturated
>1
>1
>1
Trans
>1
>1
>1
* Percentage Daily Intakes are based on an average adult diet of 8700 kJ. Your daily intakes may be higher or lower depending on your energy needs.",,https://www.coles.com.au/product/ready-chef-cheesy-mash-800g-6282619,,,2024-06-18T02:03:12.999851-04:00
"Ind55SColes_ADairy, Eggs & Fridge_SAReady to eat meals_IColes Ricotta Spinach Agnolotti Pasta | 600g",Coles Ricotta Spinach Agnolotti Pasta | 600g,Coles,"Dairy, Eggs & Fridge",Ready to eat meals,Italian meals & pasta,,$5.50,,,$0.92 per 100g,2714303,Coles Spinach & Ricotta Agnolotti,,,"Per 100g/ml
Per Serving
%DI
Energy
1040
1570
18
Protein
10.7
16.1
32
Total Fat
5.1
7.7
11
Saturated Fat
3.4
5.1
21
Carbohydrate
37.6
56.4
18
Sugars
1.50
2.25
Sodium
324
486
21
Saturated
2.30
3.45
Energy (Cal)
250
374
Dietary Fibre (total)
3.20
4.80
* Percentage Daily Intakes are based on an average adult diet of 8700 kJ. Your daily intakes may be higher or lower depending on your energy needs.",,https://www.coles.com.au/product/coles-ricotta-spinach-agnolotti-pasta-600g-2714303,,,2024-06-18T02:03:24.518473-04:00
"Ind55SColes_ADairy, Eggs & Fridge_SAReady to eat meals_IPitango Organic Soup Pumpkin & Ginger | 600g",Pitango Organic Soup Pumpkin & Ginger | 600g,Pitango,"Dairy, Eggs & Fridge",Ready to eat meals,Soups & stews,,$5.75,,$7.25,$0.96 per 100g,4207190,"True food for us means only using carefully selected natural ingredients with no preservatives, artificial colours, flavours or added sugar. 

Organic pumpkin crammed with potatoes, carrots & onion. 
A splash of cream. With a zing of ginger & a hint of spice. 

Grown in NZ
Peeled by hand. ",,,"Per 100g/ml
Per Serving
%DI
Energy
310kJ
931kJ
11%
Protein
1.7g
5.1g
10%
Total Fat
4.7g
14.2g
20%
Saturated Fat
2.8g
8.5g
35%
Carbohydrate
5.7g
17.1g
6%
Sugars
2.9g
9.0g
10%
Sodium
220mg
660mg
29%
Monounsaturated
>1
>1
>1
Energy (Cal)
74Cal
224Cal
>1
Dietary Fibre (total)
1.1g
3.3g
11%
Polyunsaturated
>1
>1
>1
Gluten
0.0g
0.0g
>1
Trans
>1
>1
>1
* Percentage Daily Intakes are based on an average adult diet of 8700 kJ. Your daily intakes may be higher or lower depending on your energy needs.",,https://www.coles.com.au/product/pitango-organic-soup-pumpkin-and-ginger-600g-4207190,,,2024-06-18T02:03:36.385239-04:00
"Ind55SColes_ADairy, Eggs & Fridge_SAYoufoodz_IYoufoodz Beef Massaman Curry With Brown Rice & Potatoes | 320g",Youfoodz Beef Massaman Curry With Brown Rice & Potatoes | 320g,Youfoodz,"Dairy, Eggs & Fridge",Youfoodz,Ready to eat meal,,$11.00,Pick any 2 for $16,,$3.44 per 100g,4204829,Youfoodz Beef Massaman' is a classic beef and potato massaman curry served with brown rice.,,,"Per 100g/ml
Per Serving
%DI
Energy
705 kJ
2260 kJ
Protein
6.7 g
21.6 g
Total Fat
6.3 g
20.1 g
Saturated Fat
3.8 g
12.3 g
Carbohydrate
20.4 g
65.4 g
Sugars
4.5 g
14.5 g
Sodium
572 mg
1830 mg
Energy (Cal)
169 Cal
539 Cal
Dietary Fibre (total)
1.0 g
3.2 g
* Percentage Daily Intakes are based on an average adult diet of 8700 kJ. Your daily intakes may be higher or lower depending on your energy needs.",,https://www.coles.com.au/product/youfoodz-beef-massaman-curry-with-brown-rice-and-potatoes-320g-4204829,,,2024-06-18T02:03:49.554015-04:00
"Ind55SColes_ADairy, Eggs & Fridge_SAReady to eat meals_IJC's Quality Foods Delicious Energy Mix | 100g",JC's Quality Foods Delicious Energy Mix | 100g,JCs Quality Foods,"Dairy, Eggs & Fridge",Ready to eat meals,Grab & go snacks,,$3.60,,,$3.60 per 100g,7829051,"Here at JC's, we've been bringing fun to snack time since 1994. We know that good food is a source of good health, happiness and vitality; we simply mix this with deliciousness to create snacks you'll love.",,,"Per 100g/ml
Per Serving
%DI
Energy
2030kJ
610kJ
Protein
8.5g
2.5g
Total Fat
28.7g
8.6g
Saturated Fat
10.5g
3.1g
Carbohydrate
46.9g
14.1g
Sugars
44.2g
13.3g
Sodium
32mg
10mg
* Percentage Daily Intakes are based on an average adult diet of 8700 kJ. Your daily intakes may be higher or lower depending on your energy needs.",,https://www.coles.com.au/product/jc's-quality-foods-delicious-energy-mix-100g-7829051,,,2024-06-18T02:04:00.718090-04:00
"Ind55SColes_ADairy, Eggs & Fridge_SAReady to eat meals_IMushiki Vegetarian Gyoza | 275g",Mushiki Vegetarian Gyoza | 275g,Mushiki,"Dairy, Eggs & Fridge",Ready to eat meals,Thai meals,,$13.95,,,$5.07 per 100g,7084869,Fresh locally sourced veggies mildly spiced with chilli all wrapped up in a light pastry ready to simply pan fry and enjoy with your favourite sauce!,,,"Per 100g/ml
Per Serving
%DI
Energy
735kJ
1010kJ
Protein
5.5g
7.6g
Total Fat
1.4g
1.9g
Saturated Fat
0.2g
0.2g
Carbohydrate
33.2g
45.8g
Sugars
3.1g
4.3g
Sodium
378mg
521mg
* Percentage Daily Intakes are based on an average adult diet of 8700 kJ. Your daily intakes may be higher or lower depending on your energy needs.",,https://www.coles.com.au/product/mushiki-vegetarian-gyoza-275g-7084869,,,2024-06-18T02:04:11.805924-04:00
"Ind55SColes_ADairy, Eggs & Fridge_SAReady to eat meals_IGarlos Chunky Steak Pie | 200g",Garlos Chunky Steak Pie | 200g,Garlos,"Dairy, Eggs & Fridge",Ready to eat meals,Pies & pastries,,$4.30,,$5.40,$2.15 per 100g,7155129,"Garlo's Pies is an Australian owned and operated family business which opened its first pie shop in Maroubra, Sydney 2001. The name Garlo comes from the nickname of father and sons, Terry, Sean and Nathan Garlick. Terry a retired mechanic/wharfie, Sean an ex footballer with the Rabbitohs and Roosters and Nathan a master Pastry Chef and lifetime pie lover.
Heating Instructions
Convection Oven (Preferred)
Preheat oven 175C. Remove from wrapping but leave in foil tray and place on baking tray. If frozen heat for 35-45 mins. If refrigerated heat for 20-25mins
Microwave Oven (800 watt)
A microwave may be used to speed up heating time. Remove from wrapping and foil tray and wrap pie in paper towel. If frozen heat on high for 5 minutes. If refrigerated heat on high for 1 min 30 seconds. To make pastry crispy after microwaving, remove paper towel, return to foil tray and place on baking tray in convention oven for 4 minutes at 200C.",,,,"Filling (65%): Beef 51%, Water, Thickener 1422, Soy Protein, Seasoning (Salt, Sugar, Caramel Colour (e150c), Dehydrated Vegetables (Onion, Garlic), Flavour (635), Hydrolysed Vegetable Protein, Corn Flour, Rice Flour, Spices, Spice Extract), Spices Pastry (35%): Wheat Flour, Margarine (Vegetable Oil, Water, Salt, Emulsifier (471, 472c), Antioxidant (304), Natural Flavour)), Malted Wheat Flour, Whey Powder (Milk, Sugar, Acidity Regulator (262)), Pastry Conditioner, Glaze (Milk Solids, Acidity Regulators (500, 451), Dried Glucose Syrup, Colour (160b)) Beef is 32% of filling and pastry combined.",https://www.coles.com.au/product/garlos-chunky-steak-pie-200g-7155129,,,2024-06-18T02:04:20.957306-04:00
"Ind55SColes_ADairy, Eggs & Fridge_SAReady to eat meals_IColes Kitchen Mongolian Beef And Rice | 350g",Coles Kitchen Mongolian Beef And Rice | 350g,Coles,"Dairy, Eggs & Fridge",Ready to eat meals,Thai meals,,,,,,4217999,"Made with Australian beef strips in a sweet & savoury sauce, served with jasmine rice.",,,"Per 100g/ml
Per Serving
%DI
Energy
552.60
1934.10
Protein
9.60
33.60
Total Fat
2.60
9.10
Carbohydrate
17.20
60.20
Sugars
1.50
5.25
Sodium
210.00
735.00
Saturated
0.60
2.10
Energy (Cal)
132.20
462.70
Fat
2.60
9.10
Dietary Fibre (total)
0.10
0.35
Trans
0.10
0.35
* Percentage Daily Intakes are based on an average adult diet of 8700 kJ. Your daily intakes may be higher or lower depending on your energy needs.",,https://www.coles.com.au/product/coles-kitchen-mongolian-beef-and-rice-350g-4217999,,,2024-06-18T02:04:32.227976-04:00
"Ind55SColes_ADairy, Eggs & Fridge_SAReady to eat meals_IColes Kitchen Honey Soy & Garlic Stir Fry Sauce | 200g",Coles Kitchen Honey Soy & Garlic Stir Fry Sauce | 200g,Coles,"Dairy, Eggs & Fridge",Ready to eat meals,Italian meals & pasta,,$4.50,,,$2.25 per 100g,7748448,"Coles Kitchen Real Food Fast Honey, Soy and Garlic Stir Fry Sauce 200g.

Ready in minutes
No artificial colours and flavours
Delicious blend of sweet honey, savoury soy and garlic

Cook up a family favourite with Coles Kitchen Honey, Soy Garlic Stir Fry Sauce.
This classic combination of garlic, sweet honey and savoury soy packs a flavour punch and is great paired with chicken, beef or pork strips. For a tasty vegetarian option try swapping out the meat for firm fried tofu. You can use any vegetables you have on hand, but broccoli, cauliflower and snow peas are all popular choices.

Coles Kitchen Honey, Soy and Garlic Stir Fry Sauce helps you cut down on meal prep so dinner comes together fast. Just make sure you have all your ingredients ready to go before you fire up the stove because the actual cooking happens quickly. Part of what makes stir fries great is their versatility so feel free to get creative with Coles Kitchen Honey, Soy and Garlic Stir Fry Sauce and different veggies and toppings. Serve with Hokkien noodles or fluffy rice.

Coles Kitchen tip: Build even more flavour into your dish with a sprinkling of chopped spring onions and chilli flakes.",,,"Per 100g/ml
Per Serving
%DI
Energy
414
207
2
Protein
1.2
LESS THAN 1g
1
Total Fat
LESS THAN 1g
LESS THAN 1g
1
Saturated Fat
LESS THAN 1g
LESS THAN 1g
0
Carbohydrate
19.7
9.9
3
Sodium
549
275
12
Energy (Cal)
99
50
* Percentage Daily Intakes are based on an average adult diet of 8700 kJ. Your daily intakes may be higher or lower depending on your energy needs.",,https://www.coles.com.au/product/coles-kitchen-honey-soy-and-garlic-stir-fry-sauce-200g-7748448,,,2024-06-18T02:04:44.025607-04:00
"Ind55SColes_ADairy, Eggs & Fridge_SAReady to eat meals_IColes Kitchen Spaghetti Carbonara | 350g",Coles Kitchen Spaghetti Carbonara | 350g,Coles,"Dairy, Eggs & Fridge",Ready to eat meals,Italian meals & pasta,,$7.50,Pick any 2 for $14,,$2.14 per 100g,2680802,"From our kitchen to yours, Coles Kitchen offers you great-tasting food that is ready when you are",,,"Per 100g/ml
Per Serving
%DI
Energy
598.70
2095.45
Protein
5.50
19.25
Saturated Fat
3.9
13.7
57
Carbohydrate
14.00
49.00
Sugars
0.70
2.45
Sodium
190.00
665.00
Saturated
3.90
13.65
Energy (Cal)
143.23
501.30
Fat
7.20
25.20
Dietary Fibre (total)
0.10
0.35
Trans
0.20
0.70
* Percentage Daily Intakes are based on an average adult diet of 8700 kJ. Your daily intakes may be higher or lower depending on your energy needs.",,https://www.coles.com.au/product/coles-kitchen-spaghetti-carbonara-350g-2680802,,,2024-06-18T02:04:55.393077-04:00
"Ind55SColes_ADairy, Eggs & Fridge_SAReady to eat meals_IJC's Quality Foods Quality Outback Mix | 100g",JC's Quality Foods Quality Outback Mix | 100g,JCs Quality Foods,"Dairy, Eggs & Fridge",Ready to eat meals,Grab & go snacks,,$3.60,,,$3.60 per 100g,7829120,"Here at JC's, we've been bringing fun to snack time since 1994. We know that good food is a source of good health, happiness and vitality; we simply mix this with deliciousness to create snacks you'll love.",,,"Per 100g/ml
Per Serving
%DI
Energy
2480kJ
744kJ
Protein
18.1g
5.4g
Total Fat
46.8g
14g
Saturated Fat
5.4g
1.6g
Carbohydrate
24.7g
7.4g
Sugars
5g
1.5g
Sodium
525mg
157mg
* Percentage Daily Intakes are based on an average adult diet of 8700 kJ. Your daily intakes may be higher or lower depending on your energy needs.",,https://www.coles.com.au/product/jc's-quality-foods-quality-outback-mix-100g-7829120,,,2024-06-18T02:05:06.490649-04:00
"Ind55SColes_ADairy, Eggs & Fridge_SAReady to eat meals_IColes Kitchen Fajita Chicken & Rice | 350g",Coles Kitchen Fajita Chicken & Rice | 350g,Coles,"Dairy, Eggs & Fridge",Ready to eat meals,Other ready meals,,$7.50,Pick any 2 for $14,,$2.14 per 100g,7749021,"Australian chicken breast in a smokey tex mex sauce with red & green capsicum, served with rice",,,"Per 100g/ml
Per Serving
%DI
Energy
409.90
1434.65
Protein
6.10
21.35
Total Fat
1.40
4.90
Carbohydrate
13.60
47.60
Sugars
1.00
3.50
Sodium
160.00
560.00
Saturated
0.20
0.70
Energy (Cal)
98.06
343.22
Dietary Fibre (total)
2.90
10.15
Trans
0.10
0.35
* Percentage Daily Intakes are based on an average adult diet of 8700 kJ. Your daily intakes may be higher or lower depending on your energy needs.",,https://www.coles.com.au/product/coles-kitchen-fajita-chicken-and-rice-350g-7749021,,,2024-06-18T02:05:18.495017-04:00
"Ind55SColes_ADairy, Eggs & Fridge_SAReady to eat meals_ICucina Classica Gnocchi Al Ragu | 300g",Cucina Classica Gnocchi Al Ragu | 300g,Cucina,"Dairy, Eggs & Fridge",Ready to eat meals,Italian meals & pasta,,$9.90,,,$3.30 per 100g,7833682,,,,,,https://www.coles.com.au/product/cucina-classica-gnocchi-al-ragu-300g-7833682,,,2024-06-18T02:05:28.738500-04:00
"Ind55SColes_ADairy, Eggs & Fridge_SAReady to eat meals_IColes Pappardelle | 300g",Coles Pappardelle | 300g,Coles,"Dairy, Eggs & Fridge",Ready to eat meals,Italian meals & pasta,,$4.50,,,$1.50 per 100g,3360024,Coles Brand meals are made with quality ingredients. Enjoy delicious and convenient ready to heat Pappardelle.,,,"Per 100g/ml
Per Serving
%DI
Energy
1205.60
1808.40
Protein
12.90
19.35
Total Fat
1.50
2.25
Carbohydrate
53.20
79.80
Sugars
0.90
1.35
Sodium
7.00
10.50
Saturated
0.40
0.60
Energy (Cal)
288.42
432.63
Dietary Fibre (total)
3.30
4.95
* Percentage Daily Intakes are based on an average adult diet of 8700 kJ. Your daily intakes may be higher or lower depending on your energy needs.",,https://www.coles.com.au/product/coles-pappardelle-300g-3360024,,,2024-06-18T02:05:42.189096-04:00
"Ind55SColes_ADairy, Eggs & Fridge_SAReady to eat meals_IHerbert Adams Quiche Bacon Chedder Zucchini | 700g",Herbert Adams Quiche Bacon Chedder Zucchini | 700g,Herbert Adams,"Dairy, Eggs & Fridge",Ready to eat meals,Pies & pastries,,$18.00,,,$2.57 per 100g,3775926,"Succulent bacon, shredded cheddar and zucchini blended with fresh Australian cream and cage free eggs, baked in our delicious shortcrust pastry.",,,"Per 100g/ml
Per Serving
%DI
Energy
790kJ
1110kJ
13%
Protein
6.3g
8.8g
18%
Total Fat
9.0g
12.6g
18%
Saturated Fat
5.3g
7.4g
31%
Carbohydrate
19.9g
27.9g
9%
Sugars
2.8g
3.9g
4%
Sodium
310mg
434mg
19%
Energy (Cal)
188Cal
263Cal
Dietary Fibre (total)
1.5g
2.1g
7%
* Percentage Daily Intakes are based on an average adult diet of 8700 kJ. Your daily intakes may be higher or lower depending on your energy needs.","Egg Filling (73%) Water, Australian Cage Free Egg (17%), Bacon (11%) (Pork, Water, Salt, Sugar, Dextrose, Mineral Salts (450, 451, 452), Antioxidant (316) Preservative (250)), Cheddar Cheese (8%) (Milk, Salt Starter Culture, Non-Animal Rennet), Thickened Cream (7%) (Cream (Milk), Thickener (412, 407)), Roasted Zucchini (6%) (Zucchini, Canola Oil), Roasted Onion (Onion, Canola Oil, Salt) Dried Full Cream Milk (Milk), Roasted Leek (Leek, Canola Oil, Salt), Thickener (1442), Oat Fibre, Salt, Pepper, Shortcrust Pastry (27%) Wheat Flour (Wheat), Water, Vegetable Shortening (Palm Oil,** Antioxidant (307b)), Butter (Milk), Dried Full Cream Milk (Milk), Salt, Baking Powder (Raising Agents (500, 450), Wheaten Corn Flour (Wheat)), Milk Solids (Milk). **Contributes to the production of sustainable palm oil.",https://www.coles.com.au/product/herbert-adams-quiche-bacon-chedder-zucchini-700g-3775926,,,2024-06-18T02:05:54.522783-04:00
"Ind55SColes_ADairy, Eggs & Fridge_SAYoufoodz_IYoufoodz Chargrill Chicken Chipotle Mayo | 326g",Youfoodz Chargrill Chicken Chipotle Mayo | 326g,Youfoodz,"Dairy, Eggs & Fridge",Youfoodz,Ready to eat meal,,$11.00,Pick any 2 for $16,,$3.37 per 100g,3769560,"Want a meal big on flavour? Look no further than our Chargrilled Chicken, packed with 32 grams of protein.

The meal features chicken rubbed with cajun seasoning before being cooked to perfection and sliced. On the side, we serve up a Napoli sauce and our special 'dirty' rice which is packed with red capsicum, onion, garlic and paprika. For an extra kick, we've thrown in a sachet of chipotle mayo.",,,"Per 100g/ml
Per Serving
%DI
Energy
729 kJ
2380 kJ
Protein
10.2 g
33.3 g
Total Fat
7.3 g
23.7 g
Saturated Fat
1.3 g
4.3 g
Carbohydrate
16.3 g
53.2 g
Sugars
4.4 g
14.3 g
Sodium
366 mg
1190 mg
Energy (Cal)
174 Cal
568 Cal
Dietary Fibre (total)
1.0 g
3.3 g
* Percentage Daily Intakes are based on an average adult diet of 8700 kJ. Your daily intakes may be higher or lower depending on your energy needs.","White Rice (32%), Chicken (29%), Capsicum (11%), Chipotle Mayonnaise (9%) (Canola Oil, Water, White Sugar, Whole Egg, White Vinegar, Buttermilk Powder (Milk), Salt, Red Cayenne Pepper (Red Chilli, Acidity Regulator (260)), Lemon Juice Concentrate, Dijon Mustard (Water, Mustard Seeds, Salt, Sugar, Acidity Regulator (260), Turmeric), Smoked Paprika, Stabiliser (415), Garlic Powder, Chipotle Powder (Chipotle Chilli, Anticaking Agent (551)), Milk Solids), Crushed Tomato (Tomato, Acid (330)), Onion, Red Pepper Strips, Tomato Sauce (Acid (260)), Sweet Chilli Sauce (Stabiliser (415)), Brown Sugar, Cajun Seasoning (Acidity Regulator (330)), Sweet Paprika, Chicken Booster (Colour (Carotene)), Garlic, Natural Flavour, Tuscan Seasoning, Italian Herbs, Thyme, Black Pepper, Salt.",https://www.coles.com.au/product/youfoodz-chargrill-chicken-chipotle-mayo-326g-3769560,,,2024-06-18T02:06:06.523216-04:00
"Ind55SColes_ADairy, Eggs & Fridge_SAReady to eat meals_IColes Kitchen Garlic & Herb Pizza Base | 290g",Coles Kitchen Garlic & Herb Pizza Base | 290g,Coles,"Dairy, Eggs & Fridge",Ready to eat meals,Pizzas,,$3.00,,,$1.03 per 100g,6187378,"Kitchen Inspired Creations From our kitchen to yours......A pizzeria experience at home. We've used Australian flour to form a stone baked pizza base with garlic and herbs, ready for you to add your favourite toppings.",,,"Per 100g/ml
Per Serving
%DI
Energy
1294.70
938.66
Protein
7.70
5.58
Carbohydrate
39.30
28.49
Sugars
3.60
2.61
Sodium
468.00
339.30
Saturated
1.10
0.80
Energy (Cal)
309.74
224.56
Fat
12.10
8.77
Dietary Fibre (total)
6.00
4.35
Trans
0.01
0.01
* Percentage Daily Intakes are based on an average adult diet of 8700 kJ. Your daily intakes may be higher or lower depending on your energy needs.","INGREDIENTS: Stone Baked Pizza Base (86%) [Australian Wheat Flour (Thiamin, Folic Acid), Water, Canola Oil, Salt, Sugar, Yeast], Garlic & Herb Topping (14%) [Canola Oil, Garlic (31.5%), Olive Oil, Herbs (2.5%) (Oregano, Rosemary, Parsley), Salt].",https://www.coles.com.au/product/coles-kitchen-garlic-and-herb-pizza-base-290g-6187378,,,2024-06-18T02:06:17.795697-04:00
"Ind55SColes_ADairy, Eggs & Fridge_SAYoufoodz_IYoufoodz Slow Cooked Lamb With Loaded Mash | 350g",Youfoodz Slow Cooked Lamb With Loaded Mash | 350g,Youfoodz,"Dairy, Eggs & Fridge",Youfoodz,Ready to eat meal,,$11.00,Pick any 2 for $16,,$3.14 per 100g,3891665,"Sunday roast done in 2mins? You bet!

Our Slow-Cooked Lamb with Loaded Mash is a winner for dinner or hearty lunch. We're talking melt-in-your-mouth lamb in a rich, French-style braise with a side of creamy potato mash ad mushrooms packed with bacon and cabbage.",,,"Per 100g/ml
Per Serving
%DI
Energy
397 kJ
1390 kJ
Protein
5.4 g
18.9 g
Total Fat
5.1 g
18.0 g
Saturated Fat
3.0 g
10.4 g
Carbohydrate
6.3 g
22.2 g
Sugars
2.6 g
9.1 g
Sodium
560 mg
1960 mg
Energy (Cal)
95 Cal
332 Cal
Dietary Fibre (total)
1.9 g
6.6 g
* Percentage Daily Intakes are based on an average adult diet of 8700 kJ. Your daily intakes may be higher or lower depending on your energy needs.",,https://www.coles.com.au/product/youfoodz-slow-cooked-lamb-with-loaded-mash-350g-3891665,,,2024-06-18T02:06:29.113130-04:00
"Ind55SColes_ADairy, Eggs & Fridge_SAReady to eat meals_IGrand Italian Potato Gnocchi | 500g",Grand Italian Potato Gnocchi | 500g,Grand Italian,"Dairy, Eggs & Fridge",Ready to eat meals,Italian meals & pasta,,$6.00,,,$1.20 per 100g,3776882,"Our Grand Italian range of gnocchi are specially made with steamed fresh potato to create fluffy pillows of delicious goodness! The range offers a variety of natural and traditional Italian flavours.  No preservatives or artificials, made with natural or fresh ingredients locally sourced, give the Grand Italian Gnocchi range its hand-made taste experience.
Made with steamed fresh potato!",,,"Per 100g/ml
Per Serving
%DI
Energy
552kJ
690kJ
8%
Protein
4.7g
5.9g
12%
Total Fat
0.6g
0.8g
1%
Saturated Fat
0.1g
0.1g
<1%
Carbohydrate
25.4g
31.8g
10%
Sugars
3.0g
3.8g
4%
Sodium
165mg
206mg
9%
Energy (Cal)
132Cal
165Cal
8%
Dietary Fibre (total)
2.3g
2.9g
10%
* Percentage Daily Intakes are based on an average adult diet of 8700 kJ. Your daily intakes may be higher or lower depending on your energy needs.",,https://www.coles.com.au/product/grand-italian-potato-gnocchi-500g-3776882,,,2024-06-18T02:06:40.487400-04:00
"Ind55SColes_ADairy, Eggs & Fridge_SAReady to eat meals_IColes Kitchen Family Beef Massaman Curry | 800g",Coles Kitchen Family Beef Massaman Curry | 800g,Coles,"Dairy, Eggs & Fridge",Ready to eat meals,Thai meals,,$14.00,,,$1.75 per 100g,7372513,Australian beef and potatoes braised in a medium spiced massaman curry sauce,,,"Per 100g/ml
Per Serving
%DI
Energy
514.50
1029.00
Protein
8.80
17.60
Carbohydrate
5.40
10.80
Sugars
3.90
7.80
Sodium
299.00
598.00
Saturated
4.70
9.40
Energy (Cal)
123.09
246.17
Fat
7.10
14.20
Dietary Fibre (total)
1.30
2.60
Trans
0.10
0.20
* Percentage Daily Intakes are based on an average adult diet of 8700 kJ. Your daily intakes may be higher or lower depending on your energy needs.",,https://www.coles.com.au/product/coles-kitchen-family-beef-massaman-curry-800g-7372513,,,2024-06-18T02:06:51.516510-04:00
"Ind55SColes_ADairy, Eggs & Fridge_SAReady to eat meals_IColes Spinach And Ricotta Cannelloni | 1.2kg",Coles Spinach And Ricotta Cannelloni | 1.2kg,Coles,"Dairy, Eggs & Fridge",Ready to eat meals,Italian meals & pasta,,,,,,3992549,"From our kitchen to yours, Coles Kitchen offers you great-tasting food that is ready when you are",,,"Per 100g/ml
Per Serving
%DI
Energy
593.30
1779.90
Protein
5.70
17.10
Total Fat
5.10
15.30
Carbohydrate
17.30
51.90
Sugars
4.00
12.00
Sodium
180.00
540.00
Saturated
3.40
10.20
Energy (Cal)
141.94
425.81
Dietary Fibre (total)
1.70
5.10
Trans
0.20
0.60
* Percentage Daily Intakes are based on an average adult diet of 8700 kJ. Your daily intakes may be higher or lower depending on your energy needs.",,https://www.coles.com.au/product/coles-spinach-and-ricotta-cannelloni-1.2kg-3992549,,,2024-06-18T02:07:03.672722-04:00
"Ind55SColes_ADairy, Eggs & Fridge_SAReady to eat meals_IColes Kitchen Family Vegetable Lasagne | 1.2kg",Coles Kitchen Family Vegetable Lasagne | 1.2kg,Coles,"Dairy, Eggs & Fridge",Ready to eat meals,Italian meals & pasta,,,,,,3992550,From our kitchen to yours...... So you can experience the food of Italy at home we take durum wheat pasta and match to delicious simmered sauces before finishing with cheese.,,,"Per 100g/ml
Per Serving
%DI
Energy
557.90
1673.70
Protein
5.30
15.90
Total Fat
5.50
16.50
Saturated Fat
3.7
11.1
46
Carbohydrate
14.70
44.10
Sugars
3.60
10.80
Saturated
3.70
11.10
Sodium
160.00
480.00
Energy (Cal)
133.47
400.41
Fat
5.50
16.50
Dietary Fibre (total)
1.80
5.40
Trans
0.20
0.60
trans
LESS THAN 1g
LESS THAN 1g
Dietary Fibre
0.1
0.3
* Percentage Daily Intakes are based on an average adult diet of 8700 kJ. Your daily intakes may be higher or lower depending on your energy needs.",,https://www.coles.com.au/product/coles-kitchen-family-vegetable-lasagne-1.2kg-3992550,,,2024-06-18T02:07:14.815485-04:00
"Ind55SColes_ADairy, Eggs & Fridge_SAReady to eat meals_IColes Kitchen Chocolate Brownie Bite | 40g",Coles Kitchen Chocolate Brownie Bite | 40g,Coles,"Dairy, Eggs & Fridge",Ready to eat meals,Grab & go snacks,,$2.70,,,$6.75 per 100g,7829302,Choc Brownie Bite with a rich mousse core,,,"Per 100g/ml
Per Serving
%DI
Energy
1815.60
726.24
Protein
8.60
3.44
Total Fat
21.80
8.72
Carbohydrate
45.20
18.08
Sugars
15.40
6.16
Sodium
7.00
2.80
Saturated
13.60
5.44
Energy (Cal)
434.35
173.74
Dietary Fibre (total)
11.80
4.72
Trans
0.10
0.04
* Percentage Daily Intakes are based on an average adult diet of 8700 kJ. Your daily intakes may be higher or lower depending on your energy needs.",,https://www.coles.com.au/product/coles-kitchen-chocolate-brownie-bite-40g-7829302,,,2024-06-18T02:07:27.120994-04:00
"Ind55SColes_ADairy, Eggs & Fridge_SAReady to eat meals_IDari's Hearty Chicken Soup | 550g",Dari's Hearty Chicken Soup | 550g,Daris,"Dairy, Eggs & Fridge",Ready to eat meals,Soups & stews,,$5.50,,$6.80,$1.00 per 100g,1196600,"Our Hearty Chicken soup is good, honest, old-school soup, like grandmother used to make'. Succulent chicken, flavoursome stock, and classic vegetables combine to create a soup that takes you back to childhood. Mild in flavour yet so nutritious, delicious, and easy to eat, this soup gives you all the taste and comfort of home.",,,"Per 100g/ml
Per Serving
%DI
Energy
106
292
Protein
2.6
7.2
Total Fat
0.4
1.1
Saturated Fat
0.1
0.3
Carbohydrate
2.7
7.4
Sugars
0.8
2.2
Sodium
315
866
Energy (Cal)
25
69
Dietary Fibre (total)
0.5
1.4
Trans
0
0
* Percentage Daily Intakes are based on an average adult diet of 8700 kJ. Your daily intakes may be higher or lower depending on your energy needs.",,https://www.coles.com.au/product/dari's-hearty-chicken-soup-550g-1196600,,,2024-06-18T02:07:38.460382-04:00
"Ind55SColes_ADairy, Eggs & Fridge_SAReady to eat meals_IColes Kitchen Zucchini Slice | 700g",Coles Kitchen Zucchini Slice | 700g,Coles,"Dairy, Eggs & Fridge",Ready to eat meals,Pies & pastries,,$14.80,,,$2.11 per 100g,4218743,"Zucchini, bacon and cheddar cheese blended with Australian egg.Kitchen Inspired Creations From our kitchen to yours...... Our Classic slice uses carefully selected ingredients to give you homestyle comfort food full of flavour.",,,"Per 100g/ml
Per Serving
%DI
Energy
646.7
1131.73
Protein
9.4
16.45
Total Fat
8.1
14.18
Carbohydrate
10.4
18.2
Sugars
3.6
6.3
Sodium
349
610.75
Saturated
3.4
5.95
Energy (Cal)
154.71
270.75
Dietary Fibre (total)
1.3
2.28
* Percentage Daily Intakes are based on an average adult diet of 8700 kJ. Your daily intakes may be higher or lower depending on your energy needs.",,https://www.coles.com.au/product/coles-kitchen-zucchini-slice-700g-4218743,,,2024-06-18T02:07:51.596495-04:00
"Ind55SColes_ADairy, Eggs & Fridge_SAReady to eat meals_IColes Kitchen Bolognese Bake | 350g",Coles Kitchen Bolognese Bake | 350g,Coles,"Dairy, Eggs & Fridge",Ready to eat meals,Italian meals & pasta,,$8.00,Pick any 2 for $14,,$2.29 per 100g,2680755,From our kitchen to yours. So you can experience the food of Italy at home we take durum wheat pasta and match to delicious simmered sauces before finishing with cheese. Food that is full of flavour and ready for you in minutes,,,"Per 100g/ml
Per Serving
%DI
Energy
635.60
2224.60
Protein
8.00
28.00
Total Fat
8.60
30.10
Saturated Fat
4.30
15.05
Carbohydrate
8.60
30.10
Sugars
1.90
6.65
Sodium
170.00
595.00
Saturated
5.10
17.85
Energy (Cal)
152.06
532.20
Dietary Fibre (total)
4.40
15.40
Trans
0.30
1.05
* Percentage Daily Intakes are based on an average adult diet of 8700 kJ. Your daily intakes may be higher or lower depending on your energy needs.",,https://www.coles.com.au/product/coles-kitchen-bolognese-bake-350g-2680755,,,2024-06-18T02:08:02.983336-04:00
"Ind55SColes_ADairy, Eggs & Fridge_SAReady to eat meals_IColes Kitchen Tomato & Basil Soup | 300g",Coles Kitchen Tomato & Basil Soup | 300g,Coles,"Dairy, Eggs & Fridge",Ready to eat meals,Soups & stews,,$4.00,,,$1.33 per 100g,3467469,"From our kitchen to yours, Coles Kitchen offers you great-tasting food that is ready when you are",,,"Per 100g/ml
Per Serving
%DI
Energy
171.90
515.70
Protein
1.40
4.20
Carbohydrate
6.50
19.50
Sugars
3.90
11.70
Sodium
200.00
600.00
Saturated
0.30
0.90
Energy (Cal)
41.12
123.37
Fat
0.80
2.40
Dietary Fibre (total)
1.00
3.00
Trans
0.01
0.03
* Percentage Daily Intakes are based on an average adult diet of 8700 kJ. Your daily intakes may be higher or lower depending on your energy needs.",,https://www.coles.com.au/product/coles-kitchen-tomato-and-basil-soup-300g-3467469,,,2024-06-18T02:08:14.793607-04:00
"Ind55SColes_ADairy, Eggs & Fridge_SA_ISupreme Quality Foods Fresh Spring Onion Pancake 2Pack | 200g",Supreme Quality Foods Fresh Spring Onion Pancake 2Pack | 200g,Supreme Quality Foods,"Dairy, Eggs & Fridge",,,,$3.50,,,$1.75 per 100g,6282685,,,,,,https://www.coles.com.au/product/supreme-quality-foods-fresh-spring-onion-pancake-2pack-200g-6282685,,,2024-06-18T02:08:23.716531-04:00
"Ind55SColes_ADairy, Eggs & Fridge_SAReady to eat meals_IColes Kitchen Chipotle Chicken With Rice & Beans | 350g",Coles Kitchen Chipotle Chicken With Rice & Beans | 350g,Coles,"Dairy, Eggs & Fridge",Ready to eat meals,Other ready meals,,$7.50,Pick any 2 for $14,,$2.14 per 100g,7749189,"Australian chicken breast in a smokey tex mex sauce, served with rice & black beans",,,"Per 100g/ml
Per Serving
%DI
Energy
458.70
1605.45
Protein
5.40
18.90
Total Fat
1.80
6.30
Carbohydrate
17.10
59.85
Sugars
1.70
5.95
Sodium
140.00
490.00
Saturated
0.80
2.80
Energy (Cal)
109.74
384.08
Dietary Fibre (total)
1.20
4.20
Trans
0.10
0.35
* Percentage Daily Intakes are based on an average adult diet of 8700 kJ. Your daily intakes may be higher or lower depending on your energy needs.",,https://www.coles.com.au/product/coles-kitchen-chipotle-chicken-with-rice-and-beans-350g-7749189,,,2024-06-18T02:08:36.612321-04:00
"Ind55SColes_ADairy, Eggs & Fridge_SAReady to eat meals_IColes Nature's Kitchen Veggie Sauce | 425g",Coles Nature's Kitchen Veggie Sauce | 425g,Coles,"Dairy, Eggs & Fridge",Ready to eat meals,Italian meals & pasta,,,,,,3649433,"Chunky veggie pasta sauce containing a blend of tomato, onion, carrot, zucchini, capsicum and celery",,,"Per 100g/ml
Per Serving
%DI
Energy
170.90
181.15
Protein
1.10
1.17
Carbohydrate
4.40
4.66
Sugars
2.60
2.76
Sodium
250.00
265.00
Saturated
0.20
0.21
Energy (Cal)
40.89
43.34
Fat
1.40
1.48
Dietary Fibre (total)
3.20
3.39
Trans
0.10
0.11
* Percentage Daily Intakes are based on an average adult diet of 8700 kJ. Your daily intakes may be higher or lower depending on your energy needs.",,https://www.coles.com.au/product/coles-nature's-kitchen-veggie-sauce-425g-3649433,,,2024-06-18T02:08:49.388137-04:00
"Ind55SColes_ADairy, Eggs & Fridge_SAColes Finest_IColes Finest Chicken And Pancetta Carbonara Linguine | 400g",Coles Finest Chicken And Pancetta Carbonara Linguine | 400g,Coles,"Dairy, Eggs & Fridge",Coles Finest,meals,,$9.50,,,$2.38 per 100g,3771550,We've paired durum wheat linguine with a creamy parmesan and white wine sauce full of chunks of Australian chicken breast and smokey pancetta lardons. Topped with a sprinkling of tangy parmesan cheese to finish. Let us do the hard work for you.,,,"Per 100g/ml
Per Serving
%DI
Energy
703.10
2812.40
Protein
11.60
46.40
Total Fat
8.00
32.00
Carbohydrate
12.30
49.20
Sugars
1.40
5.60
Sodium
120.00
480.00
Saturated
4.10
16.40
Energy (Cal)
168.21
672.82
Dietary Fibre (total)
0.10
0.40
Trans
0.20
0.80
* Percentage Daily Intakes are based on an average adult diet of 8700 kJ. Your daily intakes may be higher or lower depending on your energy needs.",,https://www.coles.com.au/product/coles-finest-chicken-and-pancetta-carbonara-linguine-400g-3771550,,,2024-06-18T02:09:00.985620-04:00
"Ind55SColes_ADairy, Eggs & Fridge_SAReady to eat meals_IColes Pasta Tortellini Veal | 600g",Coles Pasta Tortellini Veal | 600g,Coles,"Dairy, Eggs & Fridge",Ready to eat meals,Italian meals & pasta,,$5.50,,,$0.92 per 100g,2714289,Coles Veal Tortellini,,,"Per 100g/ml
Per Serving
%DI
Energy
1170
1760
20
Protein
12.4
18.6
37
Total Fat
7.3
11.0
16
Saturated Fat
1.2
1.8
8
Carbohydrate
39.5
59.3
19
Sugars
1.30
1.95
Sodium
258
387
17
Saturated
2.60
3.90
Energy (Cal)
281
421
Dietary Fibre (total)
3.20
4.80
Trans
0.20
0.30
* Percentage Daily Intakes are based on an average adult diet of 8700 kJ. Your daily intakes may be higher or lower depending on your energy needs.",,https://www.coles.com.au/product/coles-pasta-tortellini-veal-600g-2714289,,,2024-06-18T02:09:12.204011-04:00
"Ind55SColes_ADairy, Eggs & Fridge_SADairy, chilled & frozen_IColes Kitchen Cheese Arancini | 200g",Coles Kitchen Cheese Arancini | 200g,Coles,"Dairy, Eggs & Fridge","Dairy, chilled & frozen",Ready made meals,,$6.00,,,"$3.00 per 100g
Was $7.50 on Jun 2024",7829197,,,,"Per 100g/ml
Per Serving
%DI
Energy
1074.30
537.15
Protein
7.30
3.65
Total Fat
12.20
6.10
Carbohydrate
28.40
14.20
Sugars
0.40
0.20
Sodium
414.00
207.00
Saturated
4.20
2.10
Energy (Cal)
257.01
128.50
Dietary Fibre (total)
2.00
1.00
Trans
0.10
0.05
* Percentage Daily Intakes are based on an average adult diet of 8700 kJ. Your daily intakes may be higher or lower depending on your energy needs.",,https://www.coles.com.au/product/coles-kitchen-cheese-arancini-200g-7829197,,,2024-06-18T02:09:23.429422-04:00
"Ind55SColes_ADairy, Eggs & Fridge_SAReady to eat meals_IHerbert Adams Chicken And Spinach Alfredo Pasta Bake | 1kg",Herbert Adams Chicken And Spinach Alfredo Pasta Bake | 1kg,Herbert Adams,"Dairy, Eggs & Fridge",Ready to eat meals,Italian meals & pasta,,$18.50,,,$1.85 per 100g,7829335,Herbert Adams Chicken Alfredo Pasta Bake With Pancetta and Spinach,,,"Per 100g/ml
Per Serving
%DI
Energy
1010
Protein
241
Total Fat
5.9
Saturated Fat
9.1
Carbohydrate
14.7
Sugars
2.0
Sodium
444
* Percentage Daily Intakes are based on an average adult diet of 8700 kJ. Your daily intakes may be higher or lower depending on your energy needs.",,https://www.coles.com.au/product/herbert-adams-chicken-and-spinach-alfredo-pasta-bake-1kg-7829335,,,2024-06-18T02:09:34.789172-04:00
"Ind55SColes_ADairy, Eggs & Fridge_SAColes Finest_IColes Finest Beef Ragu Fettucine | 400g",Coles Finest Beef Ragu Fettucine | 400g,Coles,"Dairy, Eggs & Fridge",Coles Finest,meals,,$9.50,,,$2.38 per 100g,3771540,"Our meat ragu starts the Italian way with an aromatic soffrito. We add fresh Australian Angus beef, tomatoes, red wine and herbs & spices to create a rich ragu before pairing with durum wheat fettucine and a sprinkling of tangy parmesan to finish. Let us do the hard work for you.",,,"Per 100g/ml
Per Serving
%DI
Energy
675.30
2701.20
Protein
9.60
38.40
Total Fat
6.90
27.60
Carbohydrate
14.40
57.60
Sugars
2.50
10.00
Sodium
240.00
960.00
Saturated
2.80
11.20
Energy (Cal)
161.56
646.22
Dietary Fibre (total)
1.50
6.00
* Percentage Daily Intakes are based on an average adult diet of 8700 kJ. Your daily intakes may be higher or lower depending on your energy needs.",,https://www.coles.com.au/product/coles-finest-beef-ragu-fettucine-400g-3771540,,,2024-06-18T02:09:46.081348-04:00
"Ind55SColes_ADairy, Eggs & Fridge_SA_IColes Kitchen Family Braised Beef | 800g",Coles Kitchen Family Braised Beef | 800g,Coles,"Dairy, Eggs & Fridge",,,,$14.00,,,$1.75 per 100g,7372524,Tender braised Australian beef with vegetables in a rich gravy,,,"Per 100g/ml
Per Serving
%DI
Sugars
2.60
5.20
Saturated
1.00
2.00
Energy (Cal)
89.33
178.66
Fat
2.80
5.60
Dietary Fibre (total)
1.00
2.00
Trans
0.10
0.20
* Percentage Daily Intakes are based on an average adult diet of 8700 kJ. Your daily intakes may be higher or lower depending on your energy needs.",,https://www.coles.com.au/product/coles-kitchen-family-braised-beef-800g-7372524,,,2024-06-18T02:09:57.249384-04:00
"Ind55SColes_ADairy, Eggs & Fridge_SAReady to eat meals_ICucina Classica Beef Lasagna | 350g",Cucina Classica Beef Lasagna | 350g,Cucina Classica,"Dairy, Eggs & Fridge",Ready to eat meals,Italian meals & pasta,,$9.90,,,$2.83 per 100g,2272726,Cucina Classica 1serve Lasagne Tradizionali 350g,,,"Per 100g/ml
Per Serving
%DI
Energy
561kJ
1960kJ
Protein
6g
21.2g
Total Fat
6.4g
22.2g
Saturated Fat
2.8g
9.7g
Carbohydrate
12.4g
43.4g
Sugars
2g
6.8g
Sodium
440mg
1540mg
Energy (Cal)
134.082Cal
468.451Cal
* Percentage Daily Intakes are based on an average adult diet of 8700 kJ. Your daily intakes may be higher or lower depending on your energy needs.",,https://www.coles.com.au/product/cucina-classica-beef-lasagna-350g-2272726,,,2024-06-18T02:10:08.579279-04:00
"Ind55SColes_ADairy, Eggs & Fridge_SAReady to eat meals_IGarlos Sausage Roll | 200g",Garlos Sausage Roll | 200g,Garlos,"Dairy, Eggs & Fridge",Ready to eat meals,Pies & pastries,,$4.80,,,$2.40 per 100g,7155559,"Garlo's Pies is an Australian owned and operated family business which opened its first pie shop in Maroubra, Sydney 2001. The name Garlo comes from the nickname of father and sons, Terry, Sean and Nathan Garlick. Terry a retired mechanic/wharfie, Sean an ex footballer with the Rabbitohs and Roosters and Nathan a master Pastry Chef and lifetime pie lover.
Heating Instructions
Convection Oven (Preferred)
Preheat oven 175C. Remove from wrapping but leave in foil tray and place on baking tray. If frozen heat for 35-45 mins. If refrigerated heat for 20-25mins
Microwave Oven (800 watt)
A microwave may be used to speed up heating time. Remove from wrapping and foil tray and wrap pie in paper towel. If frozen heat on high for 5 minutes. If refrigerated heat on high for 1 min 30 seconds. To make pastry crispy after microwaving, remove paper towel, return to foil tray and place on baking tray in convention oven for 4 minutes at 200C.",,,,"Filling (63%): Beef 33%, Water, Breadcrumb, Onion, Seasoning (Salt, Sugar, Dehydrated Vegetables (Onion, Garlic), Caramel Colour (150c), Herbs, Spices, Corn Flour, Flavour (635), Hydrolysed Vegetable Protein), Herbs, Spices Pastry (37%): Wheat Flour, Margarine (Vegetable Oil, Water, Salt, Emulsifier (471, 472c), Antioxidant (304), Natural Flavour)), Malted Wheat Flour, Whey Powder (Milk, Sugar, Acidity Regulator (262)), Pastry Conditioner, Glaze (Milk Solids, Acidity Regulators (500, 451), Dried Glucose Syrup, Colour (160b))",https://www.coles.com.au/product/garlos-sausage-roll-200g-7155559,,,2024-06-18T02:10:18.271619-04:00
"Ind55SColes_ADairy, Eggs & Fridge_SAReady to eat meals_IDari's FOTW Crab Chowder Soup | 550g",Dari's FOTW Crab Chowder Soup | 550g,Daris,"Dairy, Eggs & Fridge",Ready to eat meals,Soups & stews,,$8.20,,,$1.49 per 100g,7831337,"Enjoy the flavours of New-England with this celebration of coastal cuisine. Based on cream with generous amounts of crab, each bite will have you indulging in the taste of the ocean. There is a burst of freshness and richness with each and every bite!",,,"Per 100g/ml
Per Serving
%DI
Energy
410
1130
Protein
3.5
9.6
Total Fat
7.5
20.6
Saturated Fat
3.6
9.9
Carbohydrate
4.0
11.0
Sugars
1.5
4.1
Sodium
466
1280
Energy (Cal)
98
269
Dietary Fibre (total)
0.6
1.6
Trans
0.1
0.3
* Percentage Daily Intakes are based on an average adult diet of 8700 kJ. Your daily intakes may be higher or lower depending on your energy needs.",,https://www.coles.com.au/product/dari's-fotw-crab-chowder-soup-550g-7831337,,,2024-06-18T02:10:30.002102-04:00
"Ind55SColes_ADairy, Eggs & Fridge_SAReady to eat meals_ILatina Fresh Gluten Free Beef Ravioli Pasta | 280g",Latina Fresh Gluten Free Beef Ravioli Pasta | 280g,Latina,"Dairy, Eggs & Fridge",Ready to eat meals,Italian meals & pasta,,$8.75,Pick any 2 for $13,,$3.13 per 100g,2271450,,,,,,https://www.coles.com.au/product/latina-fresh-gluten-free-beef-ravioli-pasta-280g-2271450,,,2024-06-18T02:10:39.814638-04:00
"Ind55SColes_ADairy, Eggs & Fridge_SAReady to eat meals_IColes Ham & Cheese Tortellini | 600g",Coles Ham & Cheese Tortellini | 600g,Coles,"Dairy, Eggs & Fridge",Ready to eat meals,Italian meals & pasta,,$5.50,,,$0.92 per 100g,4690319,Coles Ham and Cheese Tortellini,,,"Per 100g/ml
Per Serving
%DI
Energy
1160
1740
20
Protein
11.8
17.7
35
Total Fat
6.2
9.3
13
Saturated Fat
3.3
5.0
21
Carbohydrate
42.0
63.0
20
Sugars
2.2
3.3
4
Sodium
324
486
21
Energy (Cal)
277
415
0
Dietary Fibre (total)
2.8
4.2
14
Trans
0.1
0.15
0
trans
LESS THAN 1g
LESS THAN 1g
* Percentage Daily Intakes are based on an average adult diet of 8700 kJ. Your daily intakes may be higher or lower depending on your energy needs.",,https://www.coles.com.au/product/coles-ham-and-cheese-tortellini-600g-4690319,,,2024-06-18T02:10:52.503344-04:00
"Ind55SColes_ADairy, Eggs & Fridge_SAReady to eat meals_IColes Kitchen Pesto And Sundried Tomato Gnocchi | 350g",Coles Kitchen Pesto And Sundried Tomato Gnocchi | 350g,Coles,"Dairy, Eggs & Fridge",Ready to eat meals,Italian meals & pasta,,$8.00,Pick any 2 for $14,,$2.29 per 100g,3903458,KITCHEN CREATIONS From our kitchen to yours......Experience the taste of Italy at home.We take pillows of soft gnocchi and match to delicious simmered sauces before finishing with cheese. Food that is full of flavour and ready for you in minutes,,,"Per 100g/ml
Per Serving
%DI
Energy
734.50
2570.75
Protein
5.10
17.85
Total Fat
6.30
22.05
Carbohydrate
23.50
82.25
Sugars
5.50
19.25
Sodium
300.00
1050.00
Saturated
3.90
13.65
Energy (Cal)
175.72
615.01
Dietary Fibre (total)
1.90
6.65
Trans
0.20
0.70
* Percentage Daily Intakes are based on an average adult diet of 8700 kJ. Your daily intakes may be higher or lower depending on your energy needs.","INGREDIENTS LIST:

Pesto & Sundried Tomato Sauce (Wheat, Milk) (56%), Potato Gnocchi (Wheat, Egg) (43%), Vegetarian Parmesan Cheese (Milk) (1%). Pesto & Sundried Tomato Sauce contains: Water, Milk Powder (Milk, Lactose (Milk)), Butter (Milk), Basil Pesto (5.5%) [Canola Oil, Parsley, Vegetarian Parmesan Cheese (Milk), White Wine Vinegar, Basil (12%), Garlic, Salt], Spinach (3.5%), Vegetarian Parmesan Cheese (Milk) (3%), Wheat Flour, Tomato Paste, Sundried Tomato (2%), Thickener (Starch), Basil (1%), Natural Preservative (234), Nutmeg, Modified Starch (1422, 1442). Potato Gnocchi contains: Potato Flake (24%) [Potato, Emulsifier (471), Acidity Regulator (330)], WheatFlour, Water, Free Range Egg, Salt.",https://www.coles.com.au/product/coles-kitchen-pesto-and-sundried-tomato-gnocchi-350g-3903458,,,2024-06-18T02:11:04.347086-04:00
"Ind55SColes_ADairy, Eggs & Fridge_SAReady to eat meals_IColes Kitchen Chicken Singapore Noodle | 350g",Coles Kitchen Chicken Singapore Noodle | 350g,Coles,"Dairy, Eggs & Fridge",Ready to eat meals,Thai meals,,,,,,2875109,"Rice noodles, marinated chicken breast, vegetables and free range egg in a mildly spiced sauce",,,"Per 100g/ml
Per Serving
%DI
Energy
584.60
2046.10
Protein
8.00
28.00
Total Fat
5.90
20.65
Carbohydrate
12.70
44.45
Sugars
0.90
3.15
Sodium
170.00
595.00
Saturated
1.80
6.30
Energy (Cal)
139.86
489.50
Dietary Fibre (total)
1.80
6.30
Trans
0.10
0.35
* Percentage Daily Intakes are based on an average adult diet of 8700 kJ. Your daily intakes may be higher or lower depending on your energy needs.",,https://www.coles.com.au/product/coles-kitchen-chicken-singapore-noodle-350g-2875109,,,2024-06-18T09:56:57.276171-04:00
"Ind55SColes_ADairy, Eggs & Fridge_SADairy, chilled & frozen_IColes Kitchen Onion Bhaji | 180g",Coles Kitchen Onion Bhaji | 180g,Coles,"Dairy, Eggs & Fridge","Dairy, chilled & frozen",Ready made meals,,$6.00,,,"$3.33 per 100g
Was $7.50 on Jun 2024",7750246,"Coles Kitchen REAL FOOD, FAST VEGETABLE SAMOSAS",,,"Per 100g/ml
Per Serving
%DI
Energy
916.40
549.84
Protein
6.90
4.14
Total Fat
7.60
4.56
Carbohydrate
23.50
14.10
Sugars
0.80
0.48
Sodium
544.00
326.40
Saturated
1.00
0.60
Energy (Cal)
219.23
131.54
Dietary Fibre (total)
14.80
8.88
Trans
0.01
0.01
* Percentage Daily Intakes are based on an average adult diet of 8700 kJ. Your daily intakes may be higher or lower depending on your energy needs.",,https://www.coles.com.au/product/coles-kitchen-onion-bhaji-180g-7750246,,,2024-06-18T09:57:08.274346-04:00
"Ind55SColes_ADairy, Eggs & Fridge_SAReady to eat meals_IDari's FOTW Asian Chicken Soup | 550g",Dari's FOTW Asian Chicken Soup | 550g,Daris,"Dairy, Eggs & Fridge",Ready to eat meals,Soups & stews,,$8.20,,,$1.49 per 100g,7830913,"Free-range shredded chicken in a thick, velvety, coconut broth, loaded with fresh vegetables - is there anything more satisfying? We've added a little chilli, lime juice, ginger, fresh herbs, and spices to cut through the creaminess, and delicious noodles to make it extra filling.
 ",,,"Per 100g/ml
Per Serving
%DI
Energy
171
470
Protein
3.5
9.6
Total Fat
1.0
2.8
Saturated Fat
0.8
2.2
Carbohydrate
4.4
12.1
Sugars
0.9
2.5
Sodium
422
1160
Energy (Cal)
41
112
Dietary Fibre (total)
0.4
1.1
Trans
0.0
0.0
* Percentage Daily Intakes are based on an average adult diet of 8700 kJ. Your daily intakes may be higher or lower depending on your energy needs.",,https://www.coles.com.au/product/dari's-fotw-asian-chicken-soup-550g-7830913,,,2024-06-18T09:57:19.339663-04:00
"Ind55SColes_ADairy, Eggs & Fridge_SAReady to eat meals_IGarlos Curry Beef Pie | 200g",Garlos Curry Beef Pie | 200g,Garlos,"Dairy, Eggs & Fridge",Ready to eat meals,Pies & pastries,,$4.80,,,$2.40 per 100g,7155060,"Garlo's Pies is an Australian owned and operated family business which opened its first pie shop in Maroubra, Sydney 2001. The name Garlo comes from the nickname of father and sons, Terry, Sean and Nathan Garlick. Terry a retired mechanic/wharfie, Sean an ex footballer with the Rabbitohs and Roosters and Nathan a master Pastry Chef and lifetime pie lover.
Heating Instructions
Convection Oven (Preferred)
Preheat oven 175C. Remove from wrapping but leave in foil tray and place on baking tray. If frozen heat for 35-45 mins. If refrigerated heat for 20-25mins
Microwave Oven (800 watt)
A microwave may be used to speed up heating time. Remove from wrapping and foil tray and wrap pie in paper towel. If frozen heat on high for 5 minutes. If refrigerated heat on high for 1 min 30 seconds. To make pastry crispy after microwaving, remove paper towel, return to foil tray and place on baking tray in convention oven for 4 minutes at 200C.",,,,"Filling (65%): Beef 27%, Water, Thickener 1422, Soy Protein, Seasoning (Salt, Sugar, Caramel Colour (e150c), Dehydrated Vegetables (Onion, Garlic), Flavour (635), Hydrolysed Vegetable Protein, Corn Flour, Rice Flour, Spices, Spice Extract), Spices Pastry (35%): Wheat Flour, Margarine (Vegetable Oil, Water, Salt, Emulsifier (471, 472c), Antioxidant (304), Natural Flavour)), Malted Wheat Flour, Whey Powder (Milk, Sugar, Acidity Regulator (262)), Pastry Conditioner, Glaze (Milk Solids, Acidity Regulators (500, 451), Dried Glucose Syrup, Colour (160b))",https://www.coles.com.au/product/garlos-curry-beef-pie-200g-7155060,,,2024-06-18T09:57:28.366955-04:00
"Ind55SColes_ADairy, Eggs & Fridge_SA_IYoufoodz Creamy Coconut Chicken With Fried Shallots | 338g",Youfoodz Creamy Coconut Chicken With Fried Shallots | 338g,Youfoodz,"Dairy, Eggs & Fridge",,,,$11.00,Pick any 2 for $16,,$3.25 per 100g,7078582,"Inspired by flavours of South East Asia, Youfoodz' Creamy Coconut Chicken is a mildly spiced curry of succulent sliced chicken bathed in a fragrant coconut sauce of ginger, lemongrass and turmeric. Served with a generous side of fluffy rice and sachet of fried shallots for added crunch.",,,"Per 100g/ml
Per Serving
%DI
Energy
548 kJ
1850 kJ
Protein
8.0 g
27.1 g
Total Fat
3.4 g
11.4 g
Saturated Fat
2.1 g
7.2 g
Carbohydrate
16.4 g
55.4 g
Sugars
1.8 g
6.0 g
Sodium
317 mg
1070 mg
Energy (Cal)
131 Cal
443 Cal
Dietary Fibre (total)
1.0 g
3.4 g
* Percentage Daily Intakes are based on an average adult diet of 8700 kJ. Your daily intakes may be higher or lower depending on your energy needs.",,https://www.coles.com.au/product/youfoodz-creamy-coconut-chicken-with-fried-shallots-338g-7078582,,,2024-06-18T09:57:39.452237-04:00
"Ind55SColes_ADairy, Eggs & Fridge_SAYoufoodz_IYoufoodz Chargrill Chicken Chipotle Mayo | 326g",Youfoodz Chargrill Chicken Chipotle Mayo | 326g,Youfoodz,"Dairy, Eggs & Fridge",Youfoodz,Ready to eat meal,,$11.00,Pick any 2 for $16,,$3.37 per 100g,3769560,"Want a meal big on flavour? Look no further than our Chargrilled Chicken, packed with 32 grams of protein.

The meal features chicken rubbed with cajun seasoning before being cooked to perfection and sliced. On the side, we serve up a Napoli sauce and our special 'dirty' rice which is packed with red capsicum, onion, garlic and paprika. For an extra kick, we've thrown in a sachet of chipotle mayo.",,,"Per 100g/ml
Per Serving
%DI
Energy
729 kJ
2380 kJ
Protein
10.2 g
33.3 g
Total Fat
7.3 g
23.7 g
Saturated Fat
1.3 g
4.3 g
Carbohydrate
16.3 g
53.2 g
Sugars
4.4 g
14.3 g
Sodium
366 mg
1190 mg
Energy (Cal)
174 Cal
568 Cal
Dietary Fibre (total)
1.0 g
3.3 g
* Percentage Daily Intakes are based on an average adult diet of 8700 kJ. Your daily intakes may be higher or lower depending on your energy needs.",,https://www.coles.com.au/product/youfoodz-chargrill-chicken-chipotle-mayo-326g-3769560,,,2024-06-18T09:57:50.331384-04:00
"Ind55SColes_ADairy, Eggs & Fridge_SAReady to eat meals_ILatina Fresh Roast Chicken & Garlic Ravioli Pasta | 625g",Latina Fresh Roast Chicken & Garlic Ravioli Pasta | 625g,Latina,"Dairy, Eggs & Fridge",Ready to eat meals,Italian meals & pasta,,$11.00,,,$1.76 per 100g,7294409,"This 5-minute Latina Fresh Classic Roast Chicken & Garlic Ravioli Pasta makes the perfect easy family dinner, combined with your favourite Latina Carbonara pasta sauce. A good source of protein and fibre, it also contains no artificial colours or flavours. Combine with shredded red cabbage and carrots for a tasty twist on traditional coleslaw.
Ravioli made with Australian Chicken

Good source of protein

Good source of fibre

No artificial colours or flavours

Serves four",,,,"Durum Wheat Semolina, Water, Breadcrumbs (Wheat Flour, Yeast, Sugar, Salt, Wheat Gluten), Roast Chicken (10%), Onion (5%), Butter (Milk), Egg, Salt, Canola Oil, Garlic (1%), Flavour, Wheat Fibre, Black Pepper (0.05%). Pasta wrapped around a Roast Chicken and Garlic filling.",https://www.coles.com.au/product/latina-fresh-roast-chicken-and-garlic-ravioli-pasta-625g-7294409,,,2024-06-18T09:57:59.061627-04:00
"Ind55SColes_ADairy, Eggs & Fridge_SA_IColes Kitchen Braised Beef & Mash | 350g",Coles Kitchen Braised Beef & Mash | 350g,Coles,"Dairy, Eggs & Fridge",,,,$8.00,Pick any 2 for $14,,$2.29 per 100g,3467968,"From our kitchen to yours, Coles Kitchen offers you great-tasting food that is ready when you are",,,"Per 100g/ml
Per Serving
%DI
Energy
551.70
1930.95
Protein
6.30
22.05
Total Fat
7.80
27.30
Carbohydrate
8.00
28.00
Sugars
0.90
3.15
Sodium
190.00
665.00
Saturated
4.30
15.05
Energy (Cal)
131.99
461.95
Dietary Fibre (total)
2.50
8.75
Trans
0.40
1.40
* Percentage Daily Intakes are based on an average adult diet of 8700 kJ. Your daily intakes may be higher or lower depending on your energy needs.",,https://www.coles.com.au/product/coles-kitchen-braised-beef-and-mash-350g-3467968,,,2024-06-18T09:58:10.572810-04:00
"Ind55SColes_ADairy, Eggs & Fridge_SAColes Finest_IColes Finest Filled Gnocchi Genovese Pesto | 350g",Coles Finest Filled Gnocchi Genovese Pesto | 350g,Coles,"Dairy, Eggs & Fridge",Coles Finest,meals,,$6.00,,,$1.71 per 100g,4689295,"Light, fluffy Italian gnocchi made with fresh potatoes and filled with Genovese pesto, Italian ricotta and pecorino cheese.",,,"Per 100g/ml
Per Serving
%DI
Energy
726.48
1271.34
15
Protein
5.14
9
18
Total Fat
5.33
9.33
13
Saturated Fat
1.75
3.06
13
Carbohydrate
24.9
43.5
14
Sugars
4.11
7.18
8
Sodium
343
600.25
26
Energy (Cal)
173.8
304.15
0
Dietary Fibre (total)
2.43
4.25
14
Trans
0.06
0.1
0
* Percentage Daily Intakes are based on an average adult diet of 8700 kJ. Your daily intakes may be higher or lower depending on your energy needs.",,https://www.coles.com.au/product/coles-finest-filled-gnocchi-genovese-pesto-350g-4689295,,,2024-06-18T09:58:22.418950-04:00
"Ind55SColes_ADairy, Eggs & Fridge_SAReady to eat meals_IColes Kitchen Chilli Con Carne | 800g",Coles Kitchen Chilli Con Carne | 800g,Coles,"Dairy, Eggs & Fridge",Ready to eat meals,The kitchen meals,,$14.00,,,$1.75 per 100g,7749010,"From our kitchen to yours...... Our Mexican Inspired meals use carefully selected Australian meat, vegetables and herbs and spices to give you home-style comfort food full of flavour and ready for you in minutes.",,,"Per 100g/ml
Per Serving
%DI
Energy
373.30
746.60
Protein
6.70
13.40
Total Fat
3.50
7.00
Carbohydrate
5.10
10.20
Sugars
2.00
4.00
Sodium
270.00
540.00
Saturated
1.60
3.20
Energy (Cal)
89.31
178.61
Dietary Fibre (total)
5.40
10.80
Trans
0.20
0.40
* Percentage Daily Intakes are based on an average adult diet of 8700 kJ. Your daily intakes may be higher or lower depending on your energy needs.",,https://www.coles.com.au/product/coles-kitchen-chilli-con-carne-800g-7749010,,,2024-06-18T09:58:33.439718-04:00
"Ind55SColes_ADairy, Eggs & Fridge_SAReady to eat meals_IColes Perform Build Chicken Pesto Gnocchi | 430g",Coles Perform Build Chicken Pesto Gnocchi | 430g,Coles,"Dairy, Eggs & Fridge",Ready to eat meals,Other ready meals,,$10.00,Pick any 2 for $18,,$2.33 per 100g,5070921,"Coles PerForm Pesto Chicken & Gnocchi with tender chargrilled paprika chicken breast, parmesan cheese and pesto sauce drizzled over fluffy potato gnocchi. With up to 42g protein per meal, this is perfect as a fast, nourishing protein-rich meal to complement your exercise, diet or lifestyle goals.",,,"Per 100g/ml
Per Serving
%DI
Energy
520.00
2236.00
Protein
9.80
42.14
Total Fat
2.50
10.75
Saturated Fat
0.90
3.87
Carbohydrate
15.30
65.79
Sugars
3.40
14.62
Saturated
0.90
3.87
Sodium
220.00
946.00
Energy (Cal)
124.40
534.93
Fat
2.50
10.75
Dietary Fibre (total)
0.10
0.43
Trans
0.10
0.43
trans
LESS THAN 1g
LESS THAN 1g
* Percentage Daily Intakes are based on an average adult diet of 8700 kJ. Your daily intakes may be higher or lower depending on your energy needs.",,https://www.coles.com.au/product/coles-perform-build-chicken-pesto-gnocchi-430g-5070921,,,2024-06-18T09:58:44.383949-04:00
"Ind55SColes_ADairy, Eggs & Fridge_SAReady to eat meals_IColes Perform Lean Satay Style Chicken | 340g",Coles Perform Lean Satay Style Chicken | 340g,Coles,"Dairy, Eggs & Fridge",Ready to eat meals,Other ready meals,,$10.00,Pick any 2 for $18,,$2.94 per 100g,7081146,"with Thai inspired sauce, veggies, jasmine & black rice",,,"Per 100g/ml
Per Serving
%DI
Energy
383.20
1302.88
Protein
9.70
32.98
Total Fat
2.50
8.50
Carbohydrate
6.60
22.44
Sugars
0.60
2.04
Sodium
160.00
544.00
Saturated
1.50
5.10
Energy (Cal)
91.67
311.69
Dietary Fibre (total)
1.70
5.78
Trans
0.10
0.34
* Percentage Daily Intakes are based on an average adult diet of 8700 kJ. Your daily intakes may be higher or lower depending on your energy needs.",,https://www.coles.com.au/product/coles-perform-lean-satay-style-chicken-340g-7081146,,,2024-06-18T09:58:55.476134-04:00
"Ind55SColes_ADairy, Eggs & Fridge_SAReady to eat meals_IRana Four Cheese Ravioli | 325g",Rana Four Cheese Ravioli | 325g,Rana,"Dairy, Eggs & Fridge",Ready to eat meals,Italian meals & pasta,,$8.00,,,$2.46 per 100g,3091159,"A delicious and generous filling made with selected varieties of cheeses, wrapped in paper thin pasta. Discover the perfect balance between aromatic and sweet flavours.",,,,,https://www.coles.com.au/product/rana-four-cheese-ravioli-325g-3091159,,,2024-06-18T09:59:04.271556-04:00
"Ind55SColes_ADairy, Eggs & Fridge_SAReady to eat meals_IColes Kitchen Chipotle Chicken With Rice & Beans | 350g",Coles Kitchen Chipotle Chicken With Rice & Beans | 350g,Coles,"Dairy, Eggs & Fridge",Ready to eat meals,Other ready meals,,$7.50,Pick any 2 for $14,,$2.14 per 100g,7749189,"Australian chicken breast in a smokey tex mex sauce, served with rice & black beans",,,"Per 100g/ml
Per Serving
%DI
Energy
458.70
1605.45
Protein
5.40
18.90
Total Fat
1.80
6.30
Carbohydrate
17.10
59.85
Sugars
1.70
5.95
Sodium
140.00
490.00
Saturated
0.80
2.80
Energy (Cal)
109.74
384.08
Dietary Fibre (total)
1.20
4.20
Trans
0.10
0.35
* Percentage Daily Intakes are based on an average adult diet of 8700 kJ. Your daily intakes may be higher or lower depending on your energy needs.",,https://www.coles.com.au/product/coles-kitchen-chipotle-chicken-with-rice-and-beans-350g-7749189,,,2024-06-18T09:59:15.206990-04:00
"Ind55SColes_ADairy, Eggs & Fridge_SAYoufoodz_IYoufoodz Fueld Portuguese Chicken & Rice | 430g",Youfoodz Fueld Portuguese Chicken & Rice | 430g,Youfoodz,"Dairy, Eggs & Fridge",Youfoodz,Ready to eat meal,,$12.00,,,$2.79 per 100g,4687325,"Full of flavour and packed with protein, our Portugese Chicken & Rice is one meal you're going to want to add to your cart.

The meal features tender slices of chicken rubbed with Portuguese-inspired spices and a generous side of fluffy rice made flavourful with sweet corn kernels and spices like smoked paprika and turmeric. Then, there's the creamy smoked paprika sauce that's to die for.

It takes our chefs approximately two hours to make all the elements of this meal, but for you, it's done in a few minutes.",,,"Per 100g/ml
Per Serving
%DI
Energy
667 kJ
2870 kJ
Protein
10.3 g
44.5 g
Total Fat
4.9 g
21.2 g
Saturated Fat
1.9 g
8.3 g
Carbohydrate
17.7 g
76.0 g
Sugars
3.9 g
16.8 g
Sodium
330 mg
1420 mg
Energy (Cal)
159 Cal
686 Cal
Dietary Fibre (total)
1.1 g
4.7 g
* Percentage Daily Intakes are based on an average adult diet of 8700 kJ. Your daily intakes may be higher or lower depending on your energy needs.",,https://www.coles.com.au/product/youfoodz-fueld-portuguese-chicken-and-rice-430g-4687325,,,2024-06-18T09:59:26.091275-04:00
"Ind55SColes_ADairy, Eggs & Fridge_SAReady to eat meals_IDari's Beef & Barley Soup | 550g",Dari's Beef & Barley Soup | 550g,Daris,"Dairy, Eggs & Fridge",Ready to eat meals,Soups & stews,,$5.50,,$6.80,$1.00 per 100g,5062774,"Nothing says hearty more than Beef and Barley soup, and our version of this classic really satisfies. Made with selected cuts of aged beef brisket for full flavour, we've added vegetables and healthy carbs to create a complete, wholesome dish that's sure to become a year-round favourite.",,,"Per 100g/ml
Per Serving
%DI
Energy
210
578
Protein
5.8
16.0
Total Fat
0.7
1.9
Saturated Fat
0.3
0.8
Carbohydrate
5.0
13.8
Sugars
1.1
3.0
Sodium
265
729
Energy (Cal)
50
138
Dietary Fibre (total)
0.5
1.4
Trans
0
0
* Percentage Daily Intakes are based on an average adult diet of 8700 kJ. Your daily intakes may be higher or lower depending on your energy needs.",,https://www.coles.com.au/product/dari's-beef-and-barley-soup-550g-5062774,,,2024-06-18T09:59:37.194487-04:00
"Ind55SColes_ADairy, Eggs & Fridge_SAReady to eat meals_IPitango Organic Soup Minestrone | 600g",Pitango Organic Soup Minestrone | 600g,Pitango,"Dairy, Eggs & Fridge",Ready to eat meals,Soups & stews,,$5.75,,$7.25,$0.96 per 100g,4207419,"True food for us means only using carefully selected natural ingredients with no preservatives, artificial colours, flavours or added sugar. 

Vine tomatoes with loads of potatoes, carrots & onions, a handful of spinach, creamy cannellini beans & pasta. 

Italian classic.",,,"Per 100g/ml
Per Serving
%DI
Energy
199kJ
597kJ
7%
Protein
1.4g
4.2g
8%
Total Fat
0.4g
1.2g
2%
Saturated Fat
0.1g
0.3g
1%
Carbohydrate
8.4g
25.2g
8%
Sugars
3.4g
10.2g
11%
Sodium
251mg
753mg
33%
Monounsaturated
>1
>1
>1
Energy (Cal)
48Cal
144Cal
>1
Dietary Fibre (total)
1.5g
4.5g
15%
Polyunsaturated
>1
>1
>1
Trans
>1
>1
>1
* Percentage Daily Intakes are based on an average adult diet of 8700 kJ. Your daily intakes may be higher or lower depending on your energy needs.",,https://www.coles.com.au/product/pitango-organic-soup-minestrone-600g-4207419,,,2024-06-18T09:59:47.949739-04:00
"Ind55SColes_ADairy, Eggs & Fridge_SAReady to eat meals_IColes Kitchen Quiche Lorraine | 700g",Coles Kitchen Quiche Lorraine | 700g,Coles,"Dairy, Eggs & Fridge",Ready to eat meals,Pies & pastries,,$14.80,,,$2.11 per 100g,4218437,From our kitchen to yours...... Our Classic quiche range uses carefully selected ingredients to give you homestyle comfort food full of flavour.,,,"Per 100g/ml
Per Serving
%DI
Energy
919.4
1608.95
Protein
8.3
14.53
Total Fat
12.9
22.58
Carbohydrate
17
29.75
Sugars
2.6
4.55
Sodium
408
714
Saturated
6.9
12.08
Energy (Cal)
219.95
384.92
Dietary Fibre (total)
1.5
2.63
* Percentage Daily Intakes are based on an average adult diet of 8700 kJ. Your daily intakes may be higher or lower depending on your energy needs.",,https://www.coles.com.au/product/coles-kitchen-quiche-lorraine-700g-4218437,,,2024-06-18T09:59:58.857177-04:00
"Ind55SColes_ADairy, Eggs & Fridge_SAReady to eat meals_IColes Ham & Cheese Tortellini | 600g",Coles Ham & Cheese Tortellini | 600g,Coles,"Dairy, Eggs & Fridge",Ready to eat meals,Italian meals & pasta,,$5.50,,,$0.92 per 100g,4690319,Coles Ham and Cheese Tortellini,,,"Per 100g/ml
Per Serving
%DI
Energy
1160
1740
20
Protein
11.8
17.7
35
Total Fat
6.2
9.3
13
Saturated Fat
3.3
5.0
21
Carbohydrate
42.0
63.0
20
Sugars
2.2
3.3
4
Sodium
324
486
21
Energy (Cal)
277
415
0
Dietary Fibre (total)
2.8
4.2
14
Trans
0.1
0.15
0
trans
LESS THAN 1g
LESS THAN 1g
* Percentage Daily Intakes are based on an average adult diet of 8700 kJ. Your daily intakes may be higher or lower depending on your energy needs.",,https://www.coles.com.au/product/coles-ham-and-cheese-tortellini-600g-4690319,,,2024-06-18T10:00:10.067821-04:00
"Ind55SColes_ADairy, Eggs & Fridge_SAReady to eat meals_IDari's Chunky Minestrone Soup | 550g",Dari's Chunky Minestrone Soup | 550g,Daris,"Dairy, Eggs & Fridge",Ready to eat meals,Soups & stews,,$5.50,,$6.80,$1.00 per 100g,5063824,"There are many variations of Minestrone around Italy. This is ours! Faithful to its humble origins, this tangy tomato-based soup is all about the veggies, pasta, and chicken stock - the simple, fresh flavours that make Minestrone special. Rustic, wholesome, yet deliciously light, serve with crusty bread. Enjoy this dinner table staple all year-round.",,,"Per 100g/ml
Per Serving
%DI
Energy
141
388
Protein
1.2
3.3
Total Fat
0.5
1.4
Saturated Fat
0.2
0.6
Carbohydrate
6.0
16.5
Sugars
1.9
5.3
Sodium
428
1177
Energy (Cal)
33
93
Dietary Fibre (total)
0.6
2.5
Trans
0
0
* Percentage Daily Intakes are based on an average adult diet of 8700 kJ. Your daily intakes may be higher or lower depending on your energy needs.",,https://www.coles.com.au/product/dari's-chunky-minestrone-soup-550g-5063824,,,2024-06-18T10:00:21.226376-04:00
"Ind55SColes_ADairy, Eggs & Fridge_SAReady to eat meals_IColes Kitchen BBQ Chicken & Rice | 350g",Coles Kitchen BBQ Chicken & Rice | 350g,Coles,"Dairy, Eggs & Fridge",Ready to eat meals,Other ready meals,,$8.00,Pick any 2 for $14,,$2.29 per 100g,4688441,"Coles Kitchen Bbq Chicken & Rice ismade from australiant chicken breast in a sticky BBQ sauce, served with rice & beans",,,"Per 100g/ml
Per Serving
%DI
Energy
554.00
1939.00
Protein
6.10
21.35
Total Fat
3.40
11.90
Carbohydrate
18.10
63.35
Sugars
2.10
7.35
Sodium
220.00
770.00
Saturated
0.40
1.40
Energy (Cal)
132.54
463.88
Dietary Fibre (total)
2.10
7.35
Trans
0.10
0.35
* Percentage Daily Intakes are based on an average adult diet of 8700 kJ. Your daily intakes may be higher or lower depending on your energy needs.",,https://www.coles.com.au/product/coles-kitchen-bbq-chicken-and-rice-350g-4688441,,,2024-06-18T10:00:33.176416-04:00
"Ind55SColes_ADairy, Eggs & Fridge_SAReady to eat meals_IColes Kitchen Pizza Dough Ball | 250g",Coles Kitchen Pizza Dough Ball | 250g,Coles,"Dairy, Eggs & Fridge",Ready to eat meals,Pizzas,,$2.00,,,$0.80 per 100g,3467935,"From our kitchen to yours, Coles Kitchen offers you great-tasting food that is ready when you are",,,"Per 100g/ml
Per Serving
%DI
Energy
885.60
553.50
Protein
7.80
4.88
Total Fat
1.10
0.69
Saturated Fat
0.20
0.13
Carbohydrate
39.50
24.69
Sugars
3.20
2.00
Sodium
734.00
458.75
Energy (Cal)
211.87
132.42
Dietary Fibre (total)
5.10
3.19
Trans
0.01
0.01
* Percentage Daily Intakes are based on an average adult diet of 8700 kJ. Your daily intakes may be higher or lower depending on your energy needs.",,https://www.coles.com.au/product/coles-kitchen-pizza-dough-ball-250g-3467935,,,2024-06-18T10:00:44.588111-04:00
"Ind55SColes_ADairy, Eggs & Fridge_SAReady to eat meals_IColes Cottage Pie | 1.2kg",Coles Cottage Pie | 1.2kg,Coles,"Dairy, Eggs & Fridge",Ready to eat meals,Other ready meals,,$12.50,,,$1.04 per 100g,5071200,"A great value addition to a family favourite, the Coles Cottage Pie is topped with fluffy mashed potato, while underneath is tender No Added Hormone beef",,,"Per 100g/ml
Per Serving
%DI
Energy
499.90
1499.70
Protein
5.10
15.30
Total Fat
6.40
19.20
Carbohydrate
9.20
27.60
Sugars
0.60
1.80
Sodium
180.00
540.00
Saturated
3.80
11.40
Energy (Cal)
119.59
358.78
Dietary Fibre (total)
2.50
7.50
Trans
0.30
0.90
* Percentage Daily Intakes are based on an average adult diet of 8700 kJ. Your daily intakes may be higher or lower depending on your energy needs.",,https://www.coles.com.au/product/coles-cottage-pie-1.2kg-5071200,,,2024-06-18T10:00:55.521840-04:00
"Ind55SColes_ADairy, Eggs & Fridge_SAReady to eat meals_ILatina Dy Pasta Sauce Creamy Carbonara | 700g",Latina Dy Pasta Sauce Creamy Carbonara | 700g,Latina,"Dairy, Eggs & Fridge",Ready to eat meals,Italian meals & pasta,,,,,,8999400,"Latina Fresh Creamy Carbonara Pasta Sauce is perfect for family night and a great sauce to keep in the fridge for busy nights. Simply delicious over pasta or gnocchi, it's made with fresh Australian cream, bacon, Parmesan, parsley and more.
Carbonara carbonara pasta sauce

Made with fresh Australian Cream & Milk

Cooks in 6 mins

Perfect with any Latina Fresh pasta

Serves six",,,,,https://www.coles.com.au/product/latina-dy-pasta-sauce-creamy-carbonara-700g-8999400,,,2024-06-18T10:01:04.136382-04:00
"Ind55SColes_ADairy, Eggs & Fridge_SAReady to eat meals_IColes Meals Thai Chicken Curry With Rice | 350g",Coles Meals Thai Chicken Curry With Rice | 350g,Coles,"Dairy, Eggs & Fridge",Ready to eat meals,Indian food & meals,,$5.00,,,$1.43 per 100g,3360556,Coles Brand meals are made with quality ingredients. Enjoy delicious Thai Chicken Curry With Rice.,,,"Per 100g/ml
Per Serving
%DI
Energy
569.70
1993.95
Protein
6.30
22.05
Total Fat
3.20
11.20
Carbohydrate
20.20
70.70
Sugars
2.30
8.05
Sodium
260.00
910.00
Saturated
1.40
4.90
Energy (Cal)
136.29
477.02
Fat
3.20
11.20
Dietary Fibre (total)
0.10
0.35
Trans
0.10
0.35
* Percentage Daily Intakes are based on an average adult diet of 8700 kJ. Your daily intakes may be higher or lower depending on your energy needs.",,https://www.coles.com.au/product/coles-meals-thai-chicken-curry-with-rice-350g-3360556,,,2024-06-18T10:01:15.011820-04:00
"Ind55SColes_ADairy, Eggs & Fridge_SAReady to eat meals_IGarlos Apple Pie | 200g",Garlos Apple Pie | 200g,Garlos,"Dairy, Eggs & Fridge",Ready to eat meals,Pies & pastries,,$4.70,,,$2.35 per 100g,5763699,"Golden flaky pastry, filled with cinnamon spiced, freshly diced, Australian Apples.",,,,,https://www.coles.com.au/product/garlos-apple-pie-200g-5763699,,,2024-06-18T10:01:25.140618-04:00
"Ind55SColes_ADairy, Eggs & Fridge_SAReady to eat meals_IReady Chef Mac & Cheese | 800g",Ready Chef Mac & Cheese | 800g,Ready Chef,"Dairy, Eggs & Fridge",Ready to eat meals,Hot snacks & sides,,$10.00,,,$1.25 per 100g,6282550,"Ready Chef Mac & Cheese is classic macaroni mixed with cheddar, parmesan and cream. Family size side dish. Ready to eat in 7 mins.",,,"Per 100g/ml
Per Serving
%DI
Energy
684kJ
1370kJ
16%
Protein
6.4g
12.8g
26%
Total Fat
8.0g
16.0g
23%
Saturated Fat
3.7g
7.5g
31%
Carbohydrate
16.0g
32.0g
10%
Sugars
1.9g
3.7g
4%
Sodium
224mg
449mg
20%
Monounsaturated
>1
>1
>1
Energy (Cal)
164Cal
327Cal
>1
Dietary Fibre (total)
0.8g
1.7g
5%
Polyunsaturated
>1
>1
>1
Trans
>1
>1
>1
* Percentage Daily Intakes are based on an average adult diet of 8700 kJ. Your daily intakes may be higher or lower depending on your energy needs.",,https://www.coles.com.au/product/ready-chef-mac-and-cheese-800g-6282550,,,2024-06-18T10:01:36.197102-04:00
"Ind55SColes_ADairy, Eggs & Fridge_SAReady to eat meals_IColes Kitchen Sweet Chilli Chicken Noodles | 350g",Coles Kitchen Sweet Chilli Chicken Noodles | 350g,Coles,"Dairy, Eggs & Fridge",Ready to eat meals,Thai meals,,,,,,4688532,"From our kitchen to yours, Coles Kitchen offers you great-tasting food that is ready when you are",,,"Per 100g/ml
Per Serving
%DI
Energy
442.00
1547.00
Protein
5.90
20.65
Total Fat
2.00
7.00
Carbohydrate
15.70
54.95
Sugars
4.70
16.45
Sodium
210.00
735.00
Saturated
0.30
1.05
Energy (Cal)
105.74
370.10
Fat
2.00
7.00
Dietary Fibre (total)
0.10
0.35
Trans
0.10
0.35
* Percentage Daily Intakes are based on an average adult diet of 8700 kJ. Your daily intakes may be higher or lower depending on your energy needs.",,https://www.coles.com.au/product/coles-kitchen-sweet-chilli-chicken-noodles-350g-4688532,,,2024-06-18T10:01:47.316362-04:00
"Ind55SColes_ADairy, Eggs & Fridge_SAReady to eat meals_IColes Kitchen Tomato & Basil Soup | 300g",Coles Kitchen Tomato & Basil Soup | 300g,Coles,"Dairy, Eggs & Fridge",Ready to eat meals,Soups & stews,,$4.00,,,$1.33 per 100g,3467469,"From our kitchen to yours, Coles Kitchen offers you great-tasting food that is ready when you are",,,"Per 100g/ml
Per Serving
%DI
Energy
171.90
515.70
Protein
1.40
4.20
Carbohydrate
6.50
19.50
Sugars
3.90
11.70
Sodium
200.00
600.00
Saturated
0.30
0.90
Energy (Cal)
41.12
123.37
Fat
0.80
2.40
Dietary Fibre (total)
1.00
3.00
Trans
0.01
0.03
* Percentage Daily Intakes are based on an average adult diet of 8700 kJ. Your daily intakes may be higher or lower depending on your energy needs.",,https://www.coles.com.au/product/coles-kitchen-tomato-and-basil-soup-300g-3467469,,,2024-06-18T10:01:58.457880-04:00
"Ind55SColes_ADairy, Eggs & Fridge_SAReady to eat meals_ILatina Gluten Free Tagliatelle | 280g",Latina Gluten Free Tagliatelle | 280g,Latina,"Dairy, Eggs & Fridge",Ready to eat meals,Italian meals & pasta,,$8.75,Pick any 2 for $13,,$3.13 per 100g,5153202,,,,,,https://www.coles.com.au/product/latina-gluten-free-tagliatelle-280g-5153202,,,2024-06-18T10:02:07.290099-04:00
"Ind55SColes_ADairy, Eggs & Fridge_SAReady to eat meals_IColes Perform Build Butter Chicken | 400g",Coles Perform Build Butter Chicken | 400g,Coles,"Dairy, Eggs & Fridge",Ready to eat meals,Other ready meals,,$10.00,Pick any 2 for $18,,$2.50 per 100g,5070819,"Coles PerForm Butter Chicken with chargrilled tandoori marinated chicken pieces (RSPCA approved), drizzled with a creamy, mildly-spiced sauce next to a bed of pilau rice with peas. With up to 38g protein per meal, this is perfect as a fast, nourishing protein-rich meal to complement your exercise, diet or lifestyle goals.",,,"Per 100g/ml
Per Serving
%DI
Energy
544.70
2178.80
Protein
9.50
38.00
Total Fat
3.20
12.80
Saturated Fat
1.30
5.20
Carbohydrate
13.60
54.40
Sugars
0.30
1.20
Saturated
1.30
5.20
Sodium
180.00
720.00
Energy (Cal)
130.31
521.24
Fat
3.20
12.80
Dietary Fibre (total)
4.20
16.80
Trans
0.10
0.40
trans
LESS THAN 1g
LESS THAN 1g
* Percentage Daily Intakes are based on an average adult diet of 8700 kJ. Your daily intakes may be higher or lower depending on your energy needs.",,https://www.coles.com.au/product/coles-perform-build-butter-chicken-400g-5070819,,,2024-06-18T10:02:20.191268-04:00
"Ind55SColes_ADairy, Eggs & Fridge_SAReady to eat meals_IDari's FOTW Crab Chowder Soup | 550g",Dari's FOTW Crab Chowder Soup | 550g,Daris,"Dairy, Eggs & Fridge",Ready to eat meals,Soups & stews,,$8.20,,,$1.49 per 100g,7831337,"Enjoy the flavours of New-England with this celebration of coastal cuisine. Based on cream with generous amounts of crab, each bite will have you indulging in the taste of the ocean. There is a burst of freshness and richness with each and every bite!",,,"Per 100g/ml
Per Serving
%DI
Energy
410
1130
Protein
3.5
9.6
Total Fat
7.5
20.6
Saturated Fat
3.6
9.9
Carbohydrate
4.0
11.0
Sugars
1.5
4.1
Sodium
466
1280
Energy (Cal)
98
269
Dietary Fibre (total)
0.6
1.6
Trans
0.1
0.3
* Percentage Daily Intakes are based on an average adult diet of 8700 kJ. Your daily intakes may be higher or lower depending on your energy needs.",,https://www.coles.com.au/product/dari's-fotw-crab-chowder-soup-550g-7831337,,,2024-06-18T10:02:32.252586-04:00
"Ind55SColes_ADairy, Eggs & Fridge_SAReady to eat meals_IColes Bolognese Bake | 1.8kg",Coles Bolognese Bake | 1.8kg,Coles,"Dairy, Eggs & Fridge",Ready to eat meals,Italian meals & pasta,,$12.00,,,$0.67 per 100g,3166043,Made with fresh & quality ingredients. Enjoy convenient and ready to cook Rana Porcini Mushroom Ravioli,,,"Per 100g/ml
Per Serving
%DI
Energy
526.70
1580.10
Protein
4.70
14.10
Total Fat
5.00
15.00
Saturated Fat
2.4
7.2
30
Carbohydrate
13.80
41.40
Sugars
2.20
6.60
Sodium
210.00
630.00
Saturated
2.60
7.80
Energy (Cal)
126.00
378.01
Fat
5.00
15.00
Dietary Fibre (total)
3.40
10.20
Trans
0.20
0.60
* Percentage Daily Intakes are based on an average adult diet of 8700 kJ. Your daily intakes may be higher or lower depending on your energy needs.",,https://www.coles.com.au/product/coles-bolognese-bake-1.8kg-3166043,,,2024-06-18T10:02:43.289331-04:00
"Ind55SColes_ADairy, Eggs & Fridge_SAReady to eat meals_IColes Beef Ravioli Pasta | 600g",Coles Beef Ravioli Pasta | 600g,Coles,"Dairy, Eggs & Fridge",Ready to eat meals,Italian meals & pasta,,$5.50,,,$0.92 per 100g,2716080,Coles Pasta Beef Ravioli,,,"Per 100g/ml
Per Serving
%DI
Energy
1231.70
1847.55
Protein
12.80
19.20
Total Fat
8.70
13.05
Saturated Fat
2.9
4.4
18
Carbohydrate
39.40
59.10
Sugars
0.90
1.35
Sodium
320.00
480.00
Saturated
3.80
5.70
Energy (Cal)
294.67
442.00
Dietary Fibre (total)
2.80
4.20
Potassium
230.00
345.00
Trans
0.30
0.45
* Percentage Daily Intakes are based on an average adult diet of 8700 kJ. Your daily intakes may be higher or lower depending on your energy needs.",,https://www.coles.com.au/product/coles-beef-ravioli-pasta-600g-2716080,,,2024-06-18T10:02:54.789180-04:00
"Ind55SColes_ADairy, Eggs & Fridge_SADairy, chilled & frozen_IColes Kitchen Chicken Tikka Bites | 200g",Coles Kitchen Chicken Tikka Bites | 200g,Coles,"Dairy, Eggs & Fridge","Dairy, chilled & frozen",Ready made meals,,$6.00,,,"$3.00 per 100g
Was $7.50 on Jun 2024",3240805,"KITCHEN INSPIRED CREATIONS From our kitchen to yours......Inspired by an authentic Indian recipe, our tikka bites take Australian chicken thigh and marinate it in a carefully selected blend of spices. Perfect for sharing or as a side to a main meal, ready in minutes.",,,"Per 100g/ml
Per Serving
%DI
Energy
756.5
378.25
Protein
17.3
8.65
Total Fat
11.5
5.75
Carbohydrate
1.7
0.85
Sugars
0.5
0.25
Sodium
485
242.5
Saturated
3.2
1.6
Energy (Cal)
180.98
90.49
Dietary Fibre (total)
1
0.5
Trans
0.1
0.05
* Percentage Daily Intakes are based on an average adult diet of 8700 kJ. Your daily intakes may be higher or lower depending on your energy needs.",,https://www.coles.com.au/product/coles-kitchen-chicken-tikka-bites-200g-3240805,,,2024-06-18T10:03:05.888491-04:00
"Ind55SColes_ADairy, Eggs & Fridge_SAReady to eat meals_IGarlos Chunky Steak Pie | 200g",Garlos Chunky Steak Pie | 200g,Garlos,"Dairy, Eggs & Fridge",Ready to eat meals,Pies & pastries,,$4.30,,$5.40,$2.15 per 100g,7155129,"Garlo's Pies is an Australian owned and operated family business which opened its first pie shop in Maroubra, Sydney 2001. The name Garlo comes from the nickname of father and sons, Terry, Sean and Nathan Garlick. Terry a retired mechanic/wharfie, Sean an ex footballer with the Rabbitohs and Roosters and Nathan a master Pastry Chef and lifetime pie lover.
Heating Instructions
Convection Oven (Preferred)
Preheat oven 175C. Remove from wrapping but leave in foil tray and place on baking tray. If frozen heat for 35-45 mins. If refrigerated heat for 20-25mins
Microwave Oven (800 watt)
A microwave may be used to speed up heating time. Remove from wrapping and foil tray and wrap pie in paper towel. If frozen heat on high for 5 minutes. If refrigerated heat on high for 1 min 30 seconds. To make pastry crispy after microwaving, remove paper towel, return to foil tray and place on baking tray in convention oven for 4 minutes at 200C.",,,,"Filling (65%): Beef 51%, Water, Thickener 1422, Soy Protein, Seasoning (Salt, Sugar, Caramel Colour (e150c), Dehydrated Vegetables (Onion, Garlic), Flavour (635), Hydrolysed Vegetable Protein, Corn Flour, Rice Flour, Spices, Spice Extract), Spices Pastry (35%): Wheat Flour, Margarine (Vegetable Oil, Water, Salt, Emulsifier (471, 472c), Antioxidant (304), Natural Flavour)), Malted Wheat Flour, Whey Powder (Milk, Sugar, Acidity Regulator (262)), Pastry Conditioner, Glaze (Milk Solids, Acidity Regulators (500, 451), Dried Glucose Syrup, Colour (160b)) Beef is 32% of filling and pastry combined.",https://www.coles.com.au/product/garlos-chunky-steak-pie-200g-7155129,,,2024-06-18T10:03:16.294105-04:00
"Ind55SColes_ADairy, Eggs & Fridge_SA_IColes Kitchen Spinach & Ricotta Cannelloni | 350g",Coles Kitchen Spinach & Ricotta Cannelloni | 350g,Coles,"Dairy, Eggs & Fridge",,,,$8.00,Pick any 2 for $14,,$2.29 per 100g,3771277,"Spinach and ricotta cheese rolled in pasta and layered with bechamel and tomato sauces, topped with mozzarella",,,"Per 100g/ml
Per Serving
%DI
Energy
470.00
1645.00
Protein
5.40
18.90
Total Fat
0.90
3.15
Carbohydrate
19.30
67.55
Sugars
1.90
6.65
Sodium
210.00
735.00
Saturated
0.20
0.70
Energy (Cal)
112.44
393.54
Fat
0.90
3.15
Dietary Fibre (total)
2.10
7.35
Trans
0.10
0.35
* Percentage Daily Intakes are based on an average adult diet of 8700 kJ. Your daily intakes may be higher or lower depending on your energy needs.",,https://www.coles.com.au/product/coles-kitchen-spinach-and-ricotta-cannelloni-350g-3771277,,,2024-06-18T10:03:27.341833-04:00
"Ind55SColes_ADairy, Eggs & Fridge_SAColes Finest_IColes Finest Thai Red Chicken Curry | 400g",Coles Finest Thai Red Chicken Curry | 400g,Coles,"Dairy, Eggs & Fridge",Coles Finest,meals,,,,,,3771539,"Using carefully selected fragrant herbs and spices blended together and cooked with creamy coconut, our experts ensure we give our delicious range of premium Thai curries an authentic flavour. Making it easy for you to get your favourite curry at home. Let us do the hard work for you.",,,"Per 100g/ml
Per Serving
%DI
Energy
510.20
2040.80
Protein
6.70
26.80
Total Fat
7.80
31.20
Carbohydrate
5.30
21.20
Sugars
4.50
18.00
Sodium
330.00
1320.00
Saturated
5.30
21.20
Energy (Cal)
122.06
488.23
Dietary Fibre (total)
2.20
8.80
Trans
0.10
0.40
* Percentage Daily Intakes are based on an average adult diet of 8700 kJ. Your daily intakes may be higher or lower depending on your energy needs.",,https://www.coles.com.au/product/coles-finest-thai-red-chicken-curry-400g-3771539,,,2024-06-18T10:03:38.430180-04:00
"Ind55SColes_ADairy, Eggs & Fridge_SAReady to eat meals_I25 Degrees South Victorian Three Cheese Ravioli Pasta | 325g",25 Degrees South Victorian Three Cheese Ravioli Pasta | 325g,25 Degrees South,"Dairy, Eggs & Fridge",Ready to eat meals,Italian meals & pasta,,$6.50,,$9.00,$2.00 per 100g,4274744,,,,,,https://www.coles.com.au/product/25-degrees-south-victorian-three-cheese-ravioli-pasta-325g-4274744,,,2024-06-18T10:03:47.358883-04:00
"Ind55SColes_ADairy, Eggs & Fridge_SAReady to eat meals_IGarlos Family Lean Beef Pie | 550g",Garlos Family Lean Beef Pie | 550g,Garlos,"Dairy, Eggs & Fridge",Ready to eat meals,Pies & pastries,,$11.60,,,$2.11 per 100g,7339063,"Garlo's Pies is an Australian owned and operated family business which opened its first pie shop in Maroubra, Sydney 2001. The name Garlo comes from the nickname of father and sons, Terry, Sean and Nathan Garlick. Terry a retired mechanic/wharfie, Sean an ex footballer with the Rabbitohs and Roosters and Nathan a master Pastry Chef and lifetime pie lover.
Heating Instructions
Convection Oven (Preferred)
Preheat oven 175C. Remove from wrapping but leave in foil tray and place on baking tray. If frozen heat for 35-45 mins. If refrigerated heat for 20-25mins
Microwave Oven (800 watt)
A microwave may be used to speed up heating time. Remove from wrapping and foil tray and wrap pie in paper towel. If frozen heat on high for 5 minutes. If refrigerated heat on high for 1 min 30 seconds. To make pastry crispy after microwaving, remove paper towel, return to foil tray and place on baking tray in convention oven for 4 minutes at 200C.",,,,"Filling (63%): Beef 40%, Water, Thickener 1422, Soy Protein, Seasoning (Salt, Sugar, Caramel Colour (e150c), Dehydrated Vegetables (Onion, Garlic), Flavour (635), Hydrolysed Vegetable Protein, Corn Flour, Rice Flour, Spices, Spice Extract), Spices Pastry (37%): Wheat Flour, Margarine (Vegetable Oil, Water, Salt, Emulsifier (471, 472c), Antioxidant (304), Natural Flavour)), Malted Wheat Flour, Whey Powder (Milk, Sugar, Acidity Regulator (262)), Pastry Conditioner, Glaze (Milk Solids, Acidity Regulators (500, 451), Dried Glucose Syrup, Colour (160b)) Beef is 25% of filling and pastry combined.",https://www.coles.com.au/product/garlos-family-lean-beef-pie-550g-7339063,,,2024-06-18T10:03:56.293617-04:00
"Ind55SColes_ADairy, Eggs & Fridge_SA_IColes Perform Lean Vegetable Masala And Rice | 370g",Coles Perform Lean Vegetable Masala And Rice | 370g,Coles,"Dairy, Eggs & Fridge",,,,$10.00,Pick any 2 for $18,,$2.70 per 100g,6011440,,,,"Per 100g/ml
Per Serving
%DI
Energy
410.60
1519.22
Protein
12.50
46.25
Total Fat
1.80
6.66
Saturated Fat
0.50
1.85
Carbohydrate
5.90
21.83
Sugars
2.00
7.40
Sodium
130.00
481.00
Energy (Cal)
98.23
363.45
Dietary Fibre (total)
3.90
14.43
Trans
0.10
0.37
* Percentage Daily Intakes are based on an average adult diet of 8700 kJ. Your daily intakes may be higher or lower depending on your energy needs.",,https://www.coles.com.au/product/coles-perform-lean-vegetable-masala-and-rice-370g-6011440,,,2024-06-18T10:04:07.388692-04:00
"Ind55SColes_ADairy, Eggs & Fridge_SAReady to eat meals_I25 Degrees South Prosciutto & Ricotta Ravioli | 325g",25 Degrees South Prosciutto & Ricotta Ravioli | 325g,25 Degrees,"Dairy, Eggs & Fridge",Ready to eat meals,Italian meals & pasta,,$6.50,,$9.00,$2.00 per 100g,6399591,,,,,,https://www.coles.com.au/product/25-degrees-south-prosciutto-and-ricotta-ravioli-325g-6399591,,,2024-06-18T10:04:16.954510-04:00
"Ind55SColes_ADairy, Eggs & Fridge_SAReady to eat meals_IColes Kitchen Cottage Pie | 350g",Coles Kitchen Cottage Pie | 350g,Coles,"Dairy, Eggs & Fridge",Ready to eat meals,Other ready meals,,$8.00,Pick any 2 for $14,,$2.29 per 100g,5586833,A rich Australian beef and vegetable gravy topped with buttery mash and cheese,,,"Per 100g/ml
Per Serving
%DI
Energy
501.30
1754.55
Protein
5.70
19.95
Total Fat
7.20
25.20
Carbohydrate
6.80
23.80
Sugars
0.30
1.05
Sodium
140.00
490.00
Saturated
4.80
16.80
Energy (Cal)
119.93
419.75
Dietary Fibre (total)
2.80
9.80
Trans
0.20
0.70
* Percentage Daily Intakes are based on an average adult diet of 8700 kJ. Your daily intakes may be higher or lower depending on your energy needs.",,https://www.coles.com.au/product/coles-kitchen-cottage-pie-350g-5586833,,,2024-06-18T10:04:28.411276-04:00
"Ind55SColes_ADairy, Eggs & Fridge_SAReady to eat meals_ILatina Fresh Ricotta & Spinach Agnolotti Pasta | 625g",Latina Fresh Ricotta & Spinach Agnolotti Pasta | 625g,Latina,"Dairy, Eggs & Fridge",Ready to eat meals,Italian meals & pasta,,$11.00,,,$1.76 per 100g,5469181,,,,,,https://www.coles.com.au/product/latina-fresh-ricotta-and-spinach-agnolotti-pasta-625g-5469181,,,2024-06-18T10:04:37.168651-04:00
"Ind55SColes_ADairy, Eggs & Fridge_SA_IDari's Classic Pumpkin Soup | 350g",Dari's Classic Pumpkin Soup | 350g,Daris,"Dairy, Eggs & Fridge",,,,$4.80,,,$1.37 per 100g,7831359,"Pumpkin soup is the soup of the nation, so here's our take on this Aussie classic. We've packed as much pumpkin as we can into this recipe, adding stock and seasoning, to create a deliciously simple, full-flavoured soup that celebrates all that's great about this much-loved vegetable.
 ",,,"Per 100g/ml
Per Serving
%DI
Energy
84
294
Protein
0.5
1.8
Total Fat
0.2
0.7
Saturated Fat
0.1
0.4
Carbohydrate
4.0
14.0
Sugars
2.3
8.1
Sodium
210
735
Energy (Cal)
20
70
Dietary Fibre (total)
0.5
1.8
Trans
0.0
0.0
* Percentage Daily Intakes are based on an average adult diet of 8700 kJ. Your daily intakes may be higher or lower depending on your energy needs.",,https://www.coles.com.au/product/dari's-classic-pumpkin-soup-350g-7831359,,,2024-06-18T10:04:48.370449-04:00
"Ind55SColes_ADairy, Eggs & Fridge_SA_ILatina Fresh Gluten Free Beef Ravioli Pasta | 280g",Latina Fresh Gluten Free Beef Ravioli Pasta | 280g,Latina,"Dairy, Eggs & Fridge",,,,$8.75,Pick any 2 for $13,,$3.13 per 100g,2271450,,,,,,https://www.coles.com.au/product/latina-fresh-gluten-free-beef-ravioli-pasta-280g-2271450,,,2024-06-18T10:04:57.388763-04:00
"Ind55SColes_ADairy, Eggs & Fridge_SAReady to eat meals_IColes Pasta Tortellini Veal | 600g",Coles Pasta Tortellini Veal | 600g,Coles,"Dairy, Eggs & Fridge",Ready to eat meals,Italian meals & pasta,,$5.50,,,$0.92 per 100g,2714289,Coles Veal Tortellini,,,"Per 100g/ml
Per Serving
%DI
Energy
1170
1760
20
Protein
12.4
18.6
37
Total Fat
7.3
11.0
16
Saturated Fat
1.2
1.8
8
Carbohydrate
39.5
59.3
19
Sugars
1.30
1.95
Sodium
258
387
17
Saturated
2.60
3.90
Energy (Cal)
281
421
Dietary Fibre (total)
3.20
4.80
Trans
0.20
0.30
* Percentage Daily Intakes are based on an average adult diet of 8700 kJ. Your daily intakes may be higher or lower depending on your energy needs.",,https://www.coles.com.au/product/coles-pasta-tortellini-veal-600g-2714289,,,2024-06-18T10:05:08.989232-04:00
"Ind55SColes_ADairy, Eggs & Fridge_SAReady to eat meals_IColes Nature's Kitchen Minestrone Soup | 300g",Coles Nature's Kitchen Minestrone Soup | 300g,Coles,"Dairy, Eggs & Fridge",Ready to eat meals,Soups & stews,,$4.00,,,$1.33 per 100g,4215836,Coles Brand meals are made with quality ingredients. Enjoy delicious and convenient ready to heat Minestrone Soup.,,,"Per 100g/ml
Per Serving
%DI
Energy
181.00
543.00
Protein
1.10
3.30
Carbohydrate
5.20
15.60
Sugars
2.40
7.20
Sodium
180.00
540.00
Saturated
0.10
0.30
Energy (Cal)
43.30
129.90
Fat
1.50
4.50
Dietary Fibre (total)
2.30
6.90
Trans
0.09
0.27
* Percentage Daily Intakes are based on an average adult diet of 8700 kJ. Your daily intakes may be higher or lower depending on your energy needs.",,https://www.coles.com.au/product/coles-nature's-kitchen-minestrone-soup-300g-4215836,,,2024-06-18T10:05:22.039236-04:00
"Ind55SColes_ADairy, Eggs & Fridge_SA_IColes Ricotta Spinach Agnolotti Pasta | 600g",Coles Ricotta Spinach Agnolotti Pasta | 600g,Coles,"Dairy, Eggs & Fridge",,,,$5.50,,,$0.92 per 100g,2714303,Coles Spinach & Ricotta Agnolotti,,,"Per 100g/ml
Per Serving
%DI
Energy
1040
1570
18
Protein
10.7
16.1
32
Total Fat
5.1
7.7
11
Saturated Fat
3.4
5.1
21
Carbohydrate
37.6
56.4
18
Sugars
1.50
2.25
Sodium
324
486
21
Saturated
2.30
3.45
Energy (Cal)
250
374
Dietary Fibre (total)
3.20
4.80
* Percentage Daily Intakes are based on an average adult diet of 8700 kJ. Your daily intakes may be higher or lower depending on your energy needs.",,https://www.coles.com.au/product/coles-ricotta-spinach-agnolotti-pasta-600g-2714303,,,2024-06-18T10:05:32.924815-04:00
"Ind55SColes_ADairy, Eggs & Fridge_SAYoufoodz_IYoufoodz Creamy Garlic Chicken Kyiv With Chips & Broccoli | 312g",Youfoodz Creamy Garlic Chicken Kyiv With Chips & Broccoli | 312g,Youfoodz,"Dairy, Eggs & Fridge",Youfoodz,Ready to eat meal,,$11.00,Pick any 2 for $16,,$3.53 per 100g,6261313,"Our Creamy Garlic Chicken Kyiv with Chips & Broccoli is so good you'll be licking your plate (and fingers) clean! Simply heat and bite into crispy, yet tender, Southern-fried chicken pieces that are topped with a cheeky serve of garlic kyiv sauce. It's balanced with broccoli and sweet potato chips dusted with salt, pepper and thyme.",,,"Per 100g/ml
Per Serving
%DI
Energy
512 kJ
1600 kJ
Protein
7.9 g
24.6 g
Total Fat
4.7 g
14.8 g
Saturated Fat
1.7 g
5.4 g
Carbohydrate
11.1 g
34.5 g
Sugars
4.7 g
14.7 g
Sodium
371 mg
1160 mg
Energy (Cal)
122 Cal
382 Cal
Dietary Fibre (total)
2.0 g
6.3 g
* Percentage Daily Intakes are based on an average adult diet of 8700 kJ. Your daily intakes may be higher or lower depending on your energy needs.","Sweet Potato (40%), Chicken (17%), Broccoli (13%), Water, Breadcrumb (Wheat), Flour (Wheat), Whole Egg, Milk Powder (1.5%), Butter (Milk), Garlic (1%), Chicken Booster (Colour (Carotene)), Grated Parmesan (Parmesan Cheese (Pasteurised Milk, Salt, Enzymes (Animal Lipase, Non-animal Rennet), Starter Culture), Anti-caking Agent (Tapioca Starch, Whey Powder (Milk))), Salt, Thyme, Garlic Salt, Sweet Paprika, Onion Powder, Mustard Flour, Ground Ginger, Oregano Mix, Black Pepper, White Pepper, Basil.",https://www.coles.com.au/product/youfoodz-creamy-garlic-chicken-kyiv-with-chips-and-broccoli-312g-6261313,,,2024-06-18T10:05:44.896124-04:00
"Ind55SColes_ADairy, Eggs & Fridge_SAReady to eat meals_IColes Kitchen Broccoli Cauliflower & Parmesan Soup | 300g",Coles Kitchen Broccoli Cauliflower & Parmesan Soup | 300g,Coles,"Dairy, Eggs & Fridge",Ready to eat meals,Soups & stews,,$4.00,,,$1.33 per 100g,3766798,"From our kitchen to yours, Coles Kitchen offers you great-tasting food that is ready when you are",,,"Per 100g/ml
Per Serving
%DI
Energy
231.70
695.10
Protein
1.30
3.90
Total Fat
3.30
9.90
Carbohydrate
5.10
15.30
Sugars
1.20
3.60
Sodium
180.00
540.00
Saturated
1.30
3.90
Energy (Cal)
55.43
166.29
Dietary Fibre (total)
0.10
0.30
Trans
0.10
0.30
* Percentage Daily Intakes are based on an average adult diet of 8700 kJ. Your daily intakes may be higher or lower depending on your energy needs.",,https://www.coles.com.au/product/coles-kitchen-broccoli-cauliflower-and-parmesan-soup-300g-3766798,,,2024-06-18T10:05:57.201769-04:00
"Ind55SColes_ADairy, Eggs & Fridge_SAReady to eat meals_IColes Kitchen Family Sweet & Sour Chicken | 800g",Coles Kitchen Family Sweet & Sour Chicken | 800g,Coles,"Dairy, Eggs & Fridge",Ready to eat meals,Thai meals,,$12.00,,,$1.50 per 100g,7748890,"From our kitchen to yours.....Inspired by authentic Asian recipes, our Sweet & Sour Chicken contains Australian chicken breast pieces simmered with pineapple and red capsicum to create a sweet & tangy sauce full of flavour and ready for you in minutes",,,"Per 100g/ml
Per Serving
%DI
Energy
363.70
727.40
Protein
6.60
13.20
Total Fat
1.40
2.80
Carbohydrate
11.70
23.40
Sugars
6.90
13.80
Sodium
320.00
640.00
Saturated
0.20
0.40
Energy (Cal)
87.01
174.02
Dietary Fibre (total)
0.10
0.20
Trans
0.09
0.18
* Percentage Daily Intakes are based on an average adult diet of 8700 kJ. Your daily intakes may be higher or lower depending on your energy needs.",,https://www.coles.com.au/product/coles-kitchen-family-sweet-and-sour-chicken-800g-7748890,,,2024-06-18T10:06:09.338285-04:00
"Ind55SColes_ADairy, Eggs & Fridge_SAReady to eat meals_IColes Kitchen Satay Style Stir Fry Sauce | 200g",Coles Kitchen Satay Style Stir Fry Sauce | 200g,Coles,"Dairy, Eggs & Fridge",Ready to eat meals,Italian meals & pasta,,$4.50,,,$2.25 per 100g,7748459,Logo: Vegetarian (as per DHO)Logo: NAFNAC (as per DHO)4 serves,,,"Per 100g/ml
Per Serving
%DI
Energy
535
268
3
Protein
3.4
1.7
3
Total Fat
8.4
4.2
6
Saturated Fat
3.1
1.5
6
Carbohydrate
7.4
3.7
1
Sodium
253
127
6
Energy (Cal)
128
64
trans
LESS THAN 0.1g
LESS THAN 0.1g
* Percentage Daily Intakes are based on an average adult diet of 8700 kJ. Your daily intakes may be higher or lower depending on your energy needs.",,https://www.coles.com.au/product/coles-kitchen-satay-style-stir-fry-sauce-200g-7748459,,,2024-06-18T10:06:22.167065-04:00
"Ind55SColes_ADairy, Eggs & Fridge_SA_IDari's Tomato Soup | 350g",Dari's Tomato Soup | 350g,Daris,"Dairy, Eggs & Fridge",,,,$4.80,,,$1.37 per 100g,7831381,"An original soup icon, tomato is universally appealing and loved by all ages. We've elevated the classic tomato soup recipe, by adding a touch of cream and a hint of oregano, to create a decadent, creamy, and comforting tomato soup that's full of the flavours of its simple ingredients.
 ",,,"Per 100g/ml
Per Serving
%DI
Energy
161
564
Protein
1.1
3.9
Total Fat
1.7
6.0
Saturated Fat
1.3
4.5
Carbohydrate
4.4
15.4
Sugars
3.8
13.3
Sodium
220
770
Energy (Cal)
38
135
Dietary Fibre (total)
0.6
2.1
Trans
0.0
0.0
* Percentage Daily Intakes are based on an average adult diet of 8700 kJ. Your daily intakes may be higher or lower depending on your energy needs.",,https://www.coles.com.au/product/dari's-tomato-soup-350g-7831381,,,2024-06-18T10:06:33.348890-04:00
"Ind55SColes_ADairy, Eggs & Fridge_SA_IColes Kitchen Sweet & Sour Stir Fry Sauce | 200g",Coles Kitchen Sweet & Sour Stir Fry Sauce | 200g,Coles,"Dairy, Eggs & Fridge",,,,$4.50,,,$2.25 per 100g,7748324,"Coles Kitchen Sweet and Sour Stir Fry Sauce 200g.

Vegetarian
Traditional sweet and sour sauce
No artificial colours and flavours

Coles Sweet Sour Stir Fry Sauce is a quick and a convenient way to get delicious mid-week meals on the table with no fuss.

This tangy blend of spices is perfectly balanced with sweet pineapple and aromatic herbs providing a refreshing contrast to a variety of ingredients. For protein, chicken or pork strips are classic choices, especially when paired with pineapple chunks and crunchy vegetables like broccoli and carrots. For a tasty meat-free option, try Coles Sweet and Sour Stir Fry Sauce with fried tofu and vegetables to add colour and texture to the dish. Feel free to get creative and customise your stir-fries with whatever ingredients you have on hand.

Serve over noodles or rice and garnish with fresh spring onion and a sprinkling of sesame seeds for a vibrant family-friendly meal that's sure to be a hit.

Chefs Tip: For a spicy twist, add some sliced red chilli or chilli flakes.",,,"Per 100g/ml
Per Serving
%DI
Energy
257
128
1
Protein
LESS THAN 1g
LESS THAN 1g
0
Total Fat
1.4
LESS THAN 1g
1
Saturated Fat
LESS THAN 1g
LESS THAN 1g
0
Carbohydrate
9.5
4.8
2
Sodium
262
131
6
Energy (Cal)
61
31
* Percentage Daily Intakes are based on an average adult diet of 8700 kJ. Your daily intakes may be higher or lower depending on your energy needs.",,https://www.coles.com.au/product/coles-kitchen-sweet-and-sour-stir-fry-sauce-200g-7748324,,,2024-06-18T10:06:44.675178-04:00
"Ind55SColes_ADairy, Eggs & Fridge_SAReady to eat meals_IRana Filled Pasta Pumpkin & Cheese Tortellini | 565g",Rana Filled Pasta Pumpkin & Cheese Tortellini | 565g,Rana,"Dairy, Eggs & Fridge",Ready to eat meals,Italian meals & pasta,,$10.00,,,$1.77 per 100g,5152855,"From humble beginnings in Verona to the tables of the world, Giovanni Rana started a global food revolution.It's been a story of passion, innovation and family.",,,,,https://www.coles.com.au/product/rana-filled-pasta-pumpkin-and-cheese-tortellini-565g-5152855,,,2024-06-18T10:06:53.479023-04:00
"Ind55SColes_ADairy, Eggs & Fridge_SA_IDari's Chicken Noodle Soup | 550g",Dari's Chicken Noodle Soup | 550g,Daris,"Dairy, Eggs & Fridge",,,,$5.50,,$6.80,$1.00 per 100g,1196611,"It's Chicken Noodle soup, but with a twist! We've added a touch of Asian flavour, a hint of spice, and a subtle kick of chilli to create a warming Oriental-inspired noodle dish. Ginger, lime, and coriander add freshness and zing to this light soup that's packed with flavour.",,,"Per 100g/ml
Per Serving
%DI
Energy
107
294
Protein
2.3
6.3
Total Fat
0.4
1.1
Saturated Fat
0.1
0.3
Carbohydrate
3.2
8.8
Sugars
0.7
1.9
Sodium
339
932
Energy (Cal)
26
72
Dietary Fibre (total)
0.5
1.4
Trans
0
0
* Percentage Daily Intakes are based on an average adult diet of 8700 kJ. Your daily intakes may be higher or lower depending on your energy needs.",,https://www.coles.com.au/product/dari's-chicken-noodle-soup-550g-1196611,,,2024-06-18T10:07:04.431111-04:00
"Ind55SColes_ADairy, Eggs & Fridge_SAReady to eat meals_IColes Kitchen Pea & Ham Soup | 300g",Coles Kitchen Pea & Ham Soup | 300g,Coles,"Dairy, Eggs & Fridge",Ready to eat meals,Soups & stews,,$4.00,,,$1.33 per 100g,3467470,"From our kitchen to yours, Coles Kitchen offers you great-tasting food that is ready when you are",,,"Per 100g/ml
Per Serving
%DI
Energy
453.30
1359.90
Protein
6.60
19.80
Total Fat
2.90
8.70
Carbohydrate
12.20
36.60
Sugars
1.20
3.60
Sodium
220.00
660.00
Saturated
0.60
1.80
Energy (Cal)
108.44
325.33
Dietary Fibre (total)
3.30
9.90
Trans
0.10
0.30
* Percentage Daily Intakes are based on an average adult diet of 8700 kJ. Your daily intakes may be higher or lower depending on your energy needs.",,https://www.coles.com.au/product/coles-kitchen-pea-and-ham-soup-300g-3467470,,,2024-06-18T10:07:15.742042-04:00
"Ind55SColes_ADairy, Eggs & Fridge_SAYoufoodz_IYoufoodz Honey Mustard Chicken With Garlic Veg | 318g",Youfoodz Honey Mustard Chicken With Garlic Veg | 318g,Youfoodz,"Dairy, Eggs & Fridge",Youfoodz,Ready to eat meal,,$11.00,Pick any 2 for $16,,$3.46 per 100g,4684699,Youfoodz Honey Mustard Chicken with Garlic Veg is a sliced chicken & garlic roast veg served with a creamy honey mustard sauce.,,,"Per 100g/ml
Per Serving
%DI
Energy
326 kJ
1040 kJ
Protein
6.7 g
21.4 g
Total Fat
2.0 g
6.5 g
Saturated Fat
Less than 1 g
2.9 g
Carbohydrate
7.3 g
23.2 g
Sugars
5.5 g
17.5 g
Sodium
260 mg
826 mg
Energy (Cal)
78 Cal
248 Cal
Dietary Fibre (total)
1.6 g
5.1 g
* Percentage Daily Intakes are based on an average adult diet of 8700 kJ. Your daily intakes may be higher or lower depending on your energy needs.",,https://www.coles.com.au/product/youfoodz-honey-mustard-chicken-with-garlic-veg-318g-4684699,,,2024-06-18T10:07:27.021127-04:00
"Ind55SColes_ADairy, Eggs & Fridge_SAReady to eat meals_IDari's On The Go Creamy Beetroot | 350g",Dari's On The Go Creamy Beetroot | 350g,Daris,"Dairy, Eggs & Fridge",Ready to eat meals,Soups & stews,,$4.80,,,$1.37 per 100g,7075121,A convenient and tasty on-the-go snack made with natural ingredients. ,,,"Per 100g/ml
Per Serving
%DI
Energy
248
868
Protein
1.0
3.5
Total Fat
2.5
8.7
Saturated Fat
1.7
5.9
Carbohydrate
7.5
26.2
Sugars
7.5
26.2
Sodium
262
917
Energy (Cal)
59
207
Dietary Fibre (total)
1.4
4.9
* Percentage Daily Intakes are based on an average adult diet of 8700 kJ. Your daily intakes may be higher or lower depending on your energy needs.",,https://www.coles.com.au/product/dari's-on-the-go-creamy-beetroot-350g-7075121,,,2024-06-18T10:07:38.039970-04:00
"Ind55SColes_ADairy, Eggs & Fridge_SAReady to eat meals_ILatina Filled Pasta Chicken Tomato & Mozzarella | 625g",Latina Filled Pasta Chicken Tomato & Mozzarella | 625g,Latina,"Dairy, Eggs & Fridge",Ready to eat meals,Italian meals & pasta,,$11.00,,,$1.76 per 100g,7730930,,,,,,https://www.coles.com.au/product/latina-filled-pasta-chicken-tomato-and-mozzarella-625g-7730930,,,2024-06-18T10:07:46.937363-04:00
"Ind55SColes_ADairy, Eggs & Fridge_SAReady to eat meals_IDari's Chicken And Corn Soup | 550g",Dari's Chicken And Corn Soup | 550g,Daris,"Dairy, Eggs & Fridge",Ready to eat meals,Soups & stews,,$5.50,,$6.80,$1.00 per 100g,3756284,"A DARI'S family favourite (especially with the kids!) our Chicken and Corn soup is comfort food that's good for you. Juicy pops of corn, free-range chicken breast, and coconut milk create a nourishing soup of satisfying sweetness and texture. Filling and flavoursome, this soup cures every craving in our house!",,,"Per 100g/ml
Per Serving
%DI
Energy
158
453
Protein
2.8
7
Total Fat
1.3
3.6
Saturated Fat
0.7
1.9
Carbohydrate
3.7
10.2
Sugars
1.3
3.6
Sodium
339
932
Energy (Cal)
38
105
Dietary Fibre (total)
0.7
1.9
Trans
0
0
* Percentage Daily Intakes are based on an average adult diet of 8700 kJ. Your daily intakes may be higher or lower depending on your energy needs.","Chicken broth (71%) (water, free range chicken bones), corn (13%), free range chicken breast (8%), onion, coconut milk, corn starch, chicken stock, salt, turmeric, pepper.",https://www.coles.com.au/product/dari's-chicken-and-corn-soup-550g-3756284,,,2024-06-18T10:07:58.962513-04:00
"Ind55SColes_ADairy, Eggs & Fridge_SAReady to eat meals_IColes Kitchen Chicken Leek Pie | 350g",Coles Kitchen Chicken Leek Pie | 350g,Coles,"Dairy, Eggs & Fridge",Ready to eat meals,Other ready meals,,$8.00,Pick any 2 for $14,,$2.29 per 100g,5587111,"From our kitchen to yours...... Our Classic meals use carefully selected Australian meat, vegetables, herbs and spices to give you home-style comfort food full of flavour and ready for you in minutes.",,,"Per 100g/ml
Per Serving
%DI
Energy
483.40
1691.90
Protein
8.00
28.00
Total Fat
5.10
17.85
Carbohydrate
9.10
31.85
Sugars
0.50
1.75
Sodium
200.00
700.00
Saturated
3.20
11.20
Energy (Cal)
115.65
404.76
Dietary Fibre (total)
0.50
1.75
Trans
0.20
0.70
* Percentage Daily Intakes are based on an average adult diet of 8700 kJ. Your daily intakes may be higher or lower depending on your energy needs.",,https://www.coles.com.au/product/coles-kitchen-chicken-leek-pie-350g-5587111,,,2024-06-18T10:08:09.895309-04:00
"Ind55SColes_ADairy, Eggs & Fridge_SAReady to eat meals_ILatina Fresh Gluten Free Ricotta & Spinach Agnolotti Pasta | 280g",Latina Fresh Gluten Free Ricotta & Spinach Agnolotti Pasta | 280g,Latina,"Dairy, Eggs & Fridge",Ready to eat meals,Italian meals & pasta,,$8.75,Pick any 2 for $13,,$3.13 per 100g,2271520,,,,,,https://www.coles.com.au/product/latina-fresh-gluten-free-ricotta-and-spinach-agnolotti-pasta-280g-2271520,,,2024-06-18T10:08:18.958228-04:00
"Ind55SColes_ADairy, Eggs & Fridge_SA_ILatina Tomato & Bacon Pasta Sauce | 425g",Latina Tomato & Bacon Pasta Sauce | 425g,Latina,"Dairy, Eggs & Fridge",,,,$7.50,,,$1.76 per 100g,7730045,,,,,,https://www.coles.com.au/product/latina-tomato-and-bacon-pasta-sauce-425g-7730045,,,2024-06-18T10:08:27.527381-04:00
"Ind55SColes_ADairy, Eggs & Fridge_SAReady to eat meals_IDari's FOTW Chicken Laksa Soup | 550g",Dari's FOTW Chicken Laksa Soup | 550g,Daris,"Dairy, Eggs & Fridge",Ready to eat meals,Soups & stews,,$8.20,,,$1.49 per 100g,7830866,"Experience the delicious taste of Malaysia! Fragrant spices, shreds of chicken breast and silky noodles in a coconut-infused broth. Enjoy the quality of a restaurant-style dish in the comfort of your own home.",,,"Per 100g/ml
Per Serving
%DI
Energy
807
2220
Protein
5.9
16.3
Total Fat
15.3
42.0
Saturated Fat
11.3
31.0
Carbohydrate
7.9
21.8
Sugars
1.5
4.1
Sodium
454
1250
Energy (Cal)
193
530
Dietary Fibre (total)
0.9
2.6
* Percentage Daily Intakes are based on an average adult diet of 8700 kJ. Your daily intakes may be higher or lower depending on your energy needs.",,https://www.coles.com.au/product/dari's-fotw-chicken-laksa-soup-550g-7830866,,,2024-06-18T10:08:38.814213-04:00
"Ind55SColes_ADairy, Eggs & Fridge_SAReady to eat meals_IColes Kitchen BBQ Meat Deluxe Pizza | 470g",Coles Kitchen BBQ Meat Deluxe Pizza | 470g,Coles,"Dairy, Eggs & Fridge",Ready to eat meals,Pizzas,,$6.50,Pick any 2 for $12,,$1.38 per 100g,6187629,"From our kitchen to yours......A pizzeria experience at home. We take a stone baked base and top it with vibrant tomato passata and barbecue sauce before finishing with ham, bacon, pepperoni & minced beef. Generously topped and ready for you in minutes",,,"Per 100g/ml
Per Serving
%DI
Energy
947.70
1108.81
Protein
11.30
13.22
Carbohydrate
24.50
28.67
Sugars
6.80
7.96
Sodium
684.00
800.28
Saturated
3.20
3.74
Energy (Cal)
226.72
265.27
Fat
8.30
9.71
Dietary Fibre (total)
4.00
4.68
Trans
0.04
0.05
* Percentage Daily Intakes are based on an average adult diet of 8700 kJ. Your daily intakes may be higher or lower depending on your energy needs.",,https://www.coles.com.au/product/coles-kitchen-bbq-meat-deluxe-pizza-470g-6187629,,,2024-06-18T10:08:50.141841-04:00
"Ind55SColes_ADairy, Eggs & Fridge_SAReady to eat meals_IColes Kitchen Beef Madras And Rice | 350g",Coles Kitchen Beef Madras And Rice | 350g,Coles,"Dairy, Eggs & Fridge",Ready to eat meals,Indian food & meals,,,,,,3771357,"Marinated Australian Beef in an aromatically spiced tomato and coconut sauce, served with basmati rice",,,"Per 100g/ml
Per Serving
%DI
Energy
608.70
2130.45
Protein
6.70
23.45
Carbohydrate
18.20
63.70
Sugars
1.40
4.90
Sodium
130.00
455.00
Saturated
2.00
7.00
Energy (Cal)
145.62
509.68
Fat
4.60
16.10
Dietary Fibre (total)
1.90
6.65
Trans
0.10
0.35
* Percentage Daily Intakes are based on an average adult diet of 8700 kJ. Your daily intakes may be higher or lower depending on your energy needs.",,https://www.coles.com.au/product/coles-kitchen-beef-madras-and-rice-350g-3771357,,,2024-06-18T10:09:02.246863-04:00
"Ind55SColes_ADairy, Eggs & Fridge_SAReady to eat meals_IThe Kitchen 10 Inch Pumpkin Feta Pizza | 540g",The Kitchen 10 Inch Pumpkin Feta Pizza | 540g,The Kitchen,"Dairy, Eggs & Fridge",Ready to eat meals,Pizzas,,,,,,3870122,Butternut pumpkin paired with a creamy fetta. Generously based with traditional passata. Made Fresh in Store. Sold chilled & ready to heat.,,,"Per 100g/ml
Per Serving
%DI
Energy
816
4410
Protein
8.4
45.1
Total Fat
7.5
40.6
Saturated Fat
2.9
15.7
Carbohydrate
22.1
120
Sugars
4.6
24.7
Sodium
657
3550
* Percentage Daily Intakes are based on an average adult diet of 8700 kJ. Your daily intakes may be higher or lower depending on your energy needs.",,https://www.coles.com.au/product/the-kitchen-10-inch-pumpkin-feta-pizza-540g-3870122,,,2024-06-18T10:09:14.276139-04:00
"Ind55SColes_ADairy, Eggs & Fridge_SAReady to eat meals_IHome Chef Quiche Lorraine | 200g",Home Chef Quiche Lorraine | 200g,Home Chef,"Dairy, Eggs & Fridge",Ready to eat meals,Pies & pastries,,$6.50,,,$3.25 per 100g,7829368,HOME CHEF QUICHE LORRAINE 4X200G,,,"Per 100g/ml
Per Serving
%DI
Energy
982
Protein
8
Total Fat
15.1
Saturated Fat
8
Carbohydrate
16.3
Sugars
2.8
Sodium
440
Energy (Cal)
235
* Percentage Daily Intakes are based on an average adult diet of 8700 kJ. Your daily intakes may be higher or lower depending on your energy needs.",,https://www.coles.com.au/product/home-chef-quiche-lorraine-200g-7829368,,,2024-06-18T10:09:25.427371-04:00
"Ind55SColes_ADairy, Eggs & Fridge_SA_IYoufoodz Slow Cooked Lamb With Loaded Mash | 350g",Youfoodz Slow Cooked Lamb With Loaded Mash | 350g,Youfoodz,"Dairy, Eggs & Fridge",,,,$11.00,Pick any 2 for $16,,$3.14 per 100g,3891665,"Sunday roast done in 2mins? You bet!

Our Slow-Cooked Lamb with Loaded Mash is a winner for dinner or hearty lunch. We're talking melt-in-your-mouth lamb in a rich, French-style braise with a side of creamy potato mash ad mushrooms packed with bacon and cabbage.",,,"Per 100g/ml
Per Serving
%DI
Energy
397 kJ
1390 kJ
Protein
5.4 g
18.9 g
Total Fat
5.1 g
18.0 g
Saturated Fat
3.0 g
10.4 g
Carbohydrate
6.3 g
22.2 g
Sugars
2.6 g
9.1 g
Sodium
560 mg
1960 mg
Energy (Cal)
95 Cal
332 Cal
Dietary Fibre (total)
1.9 g
6.6 g
* Percentage Daily Intakes are based on an average adult diet of 8700 kJ. Your daily intakes may be higher or lower depending on your energy needs.",,https://www.coles.com.au/product/youfoodz-slow-cooked-lamb-with-loaded-mash-350g-3891665,,,2024-06-18T10:09:36.335622-04:00
"Ind55SColes_ADairy, Eggs & Fridge_SA_IColes Kitchen Macaroni Cheese | 350g",Coles Kitchen Macaroni Cheese | 350g,Coles,"Dairy, Eggs & Fridge",,,,$8.00,Pick any 2 for $14,,$2.29 per 100g,1728200,"From our kitchen to yours, Coles Kitchen offers you great-tasting food that is ready when you are",,,"Per 100g/ml
Per Serving
%DI
Energy
726.70
2543.45
Protein
5.30
18.55
Total Fat
9.30
32.55
Carbohydrate
16.50
57.75
Sugars
1.50
5.25
Sodium
200.00
700.00
Saturated
6.30
22.05
Energy (Cal)
173.85
608.48
Dietary Fibre (total)
1.50
5.25
Trans
0.30
1.05
* Percentage Daily Intakes are based on an average adult diet of 8700 kJ. Your daily intakes may be higher or lower depending on your energy needs.",,https://www.coles.com.au/product/coles-kitchen-macaroni-cheese-350g-1728200,,,2024-06-18T10:09:47.373364-04:00
"Ind55SColes_ADairy, Eggs & Fridge_SA_ICucina Classica Gnocchi Al Ragu | 300g",Cucina Classica Gnocchi Al Ragu | 300g,Cucina,"Dairy, Eggs & Fridge",,,,$9.90,,,$3.30 per 100g,7833682,,,,,,https://www.coles.com.au/product/cucina-classica-gnocchi-al-ragu-300g-7833682,,,2024-06-18T10:09:56.345105-04:00
"Ind55SColes_ADairy, Eggs & Fridge_SA_IColes Kitchen Quiche Pumpkin Fetta & Spinach | 700g",Coles Kitchen Quiche Pumpkin Fetta & Spinach | 700g,Coles,"Dairy, Eggs & Fridge",,,,$14.80,,,$2.11 per 100g,4219418,From our kitchen to yours......Our Classic quiche range uses carefully selected ingredients to give you homestyle comfort food full of flavour.,,,"Per 100g/ml
Per Serving
%DI
Energy
885
1548.75
18
Protein
6.6
11.55
23
Total Fat
12.8
22.4
32
Saturated Fat
7.5
13.13
55
Carbohydrate
16.8
29.4
9
Sodium
298
521.5
23
Energy (Cal)
211.72
370.51
Trans
0.3
0.53
Dietary Fibre
1.7
2.98
* Percentage Daily Intakes are based on an average adult diet of 8700 kJ. Your daily intakes may be higher or lower depending on your energy needs.",,https://www.coles.com.au/product/coles-kitchen-quiche-pumpkin-fetta-and-spinach-700g-4219418,,,2024-06-18T10:10:08.091073-04:00
"Ind55SColes_ADairy, Eggs & Fridge_SA_IColes Kitchen Beef Stroganoff And Rice | 350g",Coles Kitchen Beef Stroganoff And Rice | 350g,Coles,"Dairy, Eggs & Fridge",,,,$8.00,Pick any 2 for $14,,$2.29 per 100g,3771109,"KITCHEN INSPIRED CREATIONS From our kitchen to yours......Our Classic meals use carefully selected Australian meat, vegetables and herbs and spices to give you home-style comfort food full of flavour and ready for you in minutes.",,,"Per 100g/ml
Per Serving
%DI
Energy
678.60
2375.10
Protein
8.20
28.70
Carbohydrate
19.40
67.90
Sugars
0.70
2.45
Sodium
260.00
910.00
Saturated
2.40
8.40
Energy (Cal)
162.34
568.21
Fat
5.40
18.90
Dietary Fibre (total)
1.20
4.20
Trans
0.20
0.70
* Percentage Daily Intakes are based on an average adult diet of 8700 kJ. Your daily intakes may be higher or lower depending on your energy needs.",,https://www.coles.com.au/product/coles-kitchen-beef-stroganoff-and-rice-350g-3771109,,,2024-06-18T10:10:19.359775-04:00
"Ind55SColes_ADairy, Eggs & Fridge_SA_IYoufoodz Roast Chicken & Gravy With Loaded Mash & Veg | 350g",Youfoodz Roast Chicken & Gravy With Loaded Mash & Veg | 350g,Youfoodz,"Dairy, Eggs & Fridge",,,,$11.00,Pick any 2 for $16,,$3.14 per 100g,7825050,"Youfoodz' Roast Chicken & Gravy is succulent slices of roast chicken topped with gravy, served with plenty of veg and mash that's loaded with bacon and cabbage.",,,"Per 100g/ml
Per Serving
%DI
Energy
362kJ
1270kJ
Protein
7.3g
25.5g
Total Fat
3.0g
10.5g
Saturated Fat
1.6g
5.7g
Carbohydrate
6.9g
24.1g
Sugars
1.4g
5.0g
Sodium
437mg
1530mg
Energy (Cal)
86Cal
303Cal
Dietary Fibre (total)
1.5g
5.2g
* Percentage Daily Intakes are based on an average adult diet of 8700 kJ. Your daily intakes may be higher or lower depending on your energy needs.",,https://www.coles.com.au/product/youfoodz-roast-chicken-and-gravy-with-loaded-mash-and-veg-350g-7825050,,,2024-06-18T10:10:30.491495-04:00
"Ind55SColes_ADairy, Eggs & Fridge_SA_IColes Kitchen Honey Soy & Garlic Stir Fry Sauce | 200g",Coles Kitchen Honey Soy & Garlic Stir Fry Sauce | 200g,Coles,"Dairy, Eggs & Fridge",,,,$4.50,,,$2.25 per 100g,7748448,"Coles Kitchen Real Food Fast Honey, Soy and Garlic Stir Fry Sauce 200g.

Ready in minutes
No artificial colours and flavours
Delicious blend of sweet honey, savoury soy and garlic

Cook up a family favourite with Coles Kitchen Honey, Soy Garlic Stir Fry Sauce.
This classic combination of garlic, sweet honey and savoury soy packs a flavour punch and is great paired with chicken, beef or pork strips. For a tasty vegetarian option try swapping out the meat for firm fried tofu. You can use any vegetables you have on hand, but broccoli, cauliflower and snow peas are all popular choices.

Coles Kitchen Honey, Soy and Garlic Stir Fry Sauce helps you cut down on meal prep so dinner comes together fast. Just make sure you have all your ingredients ready to go before you fire up the stove because the actual cooking happens quickly. Part of what makes stir fries great is their versatility so feel free to get creative with Coles Kitchen Honey, Soy and Garlic Stir Fry Sauce and different veggies and toppings. Serve with Hokkien noodles or fluffy rice.

Coles Kitchen tip: Build even more flavour into your dish with a sprinkling of chopped spring onions and chilli flakes.",,,"Per 100g/ml
Per Serving
%DI
Energy
414
207
2
Protein
1.2
LESS THAN 1g
1
Total Fat
LESS THAN 1g
LESS THAN 1g
1
Saturated Fat
LESS THAN 1g
LESS THAN 1g
0
Carbohydrate
19.7
9.9
3
Sodium
549
275
12
Energy (Cal)
99
50
* Percentage Daily Intakes are based on an average adult diet of 8700 kJ. Your daily intakes may be higher or lower depending on your energy needs.",,https://www.coles.com.au/product/coles-kitchen-honey-soy-and-garlic-stir-fry-sauce-200g-7748448,,,2024-06-18T10:10:41.484476-04:00
"Ind55SColes_ADairy, Eggs & Fridge_SA_IColes Kitchen Spaghetti Carbonara | 350g",Coles Kitchen Spaghetti Carbonara | 350g,Coles,"Dairy, Eggs & Fridge",,,,$7.50,Pick any 2 for $14,,$2.14 per 100g,2680802,"From our kitchen to yours, Coles Kitchen offers you great-tasting food that is ready when you are",,,"Per 100g/ml
Per Serving
%DI
Energy
598.70
2095.45
Protein
5.50
19.25
Saturated Fat
3.9
13.7
57
Carbohydrate
14.00
49.00
Sugars
0.70
2.45
Sodium
190.00
665.00
Saturated
3.90
13.65
Energy (Cal)
143.23
501.30
Fat
7.20
25.20
Dietary Fibre (total)
0.10
0.35
Trans
0.20
0.70
* Percentage Daily Intakes are based on an average adult diet of 8700 kJ. Your daily intakes may be higher or lower depending on your energy needs.",,https://www.coles.com.au/product/coles-kitchen-spaghetti-carbonara-350g-2680802,,,2024-06-18T10:10:52.234187-04:00
"Ind55SColes_ADairy, Eggs & Fridge_SA_IBun Boy Vegetarian Buns | 270g",Bun Boy Vegetarian Buns | 270g,Bun Boy,"Dairy, Eggs & Fridge",,,,$11.95,,,$4.43 per 100g,7084891,Light fluffy buns filled with delicious mixed veggies marinated in our own sweet chilli sauce. Delicious with a crispy Asian slaw and drizzled with your favourite sauce!,,,"Per 100g/ml
Per Serving
%DI
Energy
904kJ
1220kJ
Protein
6g
8.1g
Total Fat
2.7g
3.6g
Saturated Fat
0.4g
0.6g
Carbohydrate
39.8g
53.7g
Sugars
8.9g
12g
Sodium
302mg
408mg
* Percentage Daily Intakes are based on an average adult diet of 8700 kJ. Your daily intakes may be higher or lower depending on your energy needs.",,https://www.coles.com.au/product/bun-boy-vegetarian-buns-270g-7084891,,,2024-06-18T10:11:04.675792-04:00
"Ind55SColes_ADairy, Eggs & Fridge_SAReady to eat meals_IThe Kitchen 10 Inch Margherita Pizza | 417g",The Kitchen 10 Inch Margherita Pizza | 417g,The Kitchen,"Dairy, Eggs & Fridge",Ready to eat meals,Pizzas,,,,,,3868459,"Classic Italian style pizza sauce, topped with mozzarella cheese and basil. Made Fresh in Store. Sold chilled & ready to heat.",,,"Per 100g/ml
Per Serving
%DI
Energy
924
3850
Protein
9.6
40
Total Fat
7.6
31.9
Saturated Fat
3
12.4
Carbohydrate
26.9
112
Sugars
4.5
18.8
Sodium
633
2640
* Percentage Daily Intakes are based on an average adult diet of 8700 kJ. Your daily intakes may be higher or lower depending on your energy needs.",,https://www.coles.com.au/product/the-kitchen-10-inch-margherita-pizza-417g-3868459,,,2024-06-18T10:11:22.927985-04:00
"Ind55SColes_ADairy, Eggs & Fridge_SAReady to eat meals_IColes Kitchen Tomato Pizza Base | 300g",Coles Kitchen Tomato Pizza Base | 300g,Coles,"Dairy, Eggs & Fridge",Ready to eat meals,Pizzas,,$3.00,,,$1.00 per 100g,6187447,"Kitchen Inspired Creations From our kitchen to yours......A pizzeria experience at home. We've used Australian flour to form a stone baked pizza base with tomato passata, ready for you to add your favourite toppings.",,,"Per 100g/ml
Per Serving
%DI
Energy
980.90
735.68
Protein
7.30
5.48
Total Fat
4.90
3.68
Saturated Fat
0.50
0.38
Carbohydrate
37.10
27.83
Sugars
5.80
4.35
Sodium
410.00
307.50
Energy (Cal)
234.67
176.00
Dietary Fibre (total)
5.60
4.20
Trans
0.01
0.01
* Percentage Daily Intakes are based on an average adult diet of 8700 kJ. Your daily intakes may be higher or lower depending on your energy needs.",,https://www.coles.com.au/product/coles-kitchen-tomato-pizza-base-300g-6187447,,,2024-06-18T10:11:34.345981-04:00
"Ind55SColes_ADairy, Eggs & Fridge_SAReady to eat meals_IColes Kitchen Margherita Pizza | 450g",Coles Kitchen Margherita Pizza | 450g,Coles,"Dairy, Eggs & Fridge",Ready to eat meals,Pizzas,,,,,,7748460,,,,,,https://www.coles.com.au/product/coles-kitchen-margherita-pizza-450g-7748460,,,2024-06-18T10:11:43.517294-04:00
"Ind55SColes_ADairy, Eggs & Fridge_SAReady to eat meals_IGarlos Junior Sausage Rolls 12 pack | 780g",Garlos Junior Sausage Rolls 12 pack | 780g,Garlos,"Dairy, Eggs & Fridge",Ready to eat meals,Pies & pastries,,$12.90,,,$1.65 per 100g,7974083,"Garlo's Pies is an Australian owned and operated family business which opened its first pie shop in Maroubra, Sydney 2001. The name Garlo comes from the nickname of father and sons, Terry, Sean and Nathan Garlick. Terry a retired mechanic/wharfie, Sean an ex footballer with the Rabbitohs and Roosters and Nathan a master Pastry Chef and lifetime pie lover.
Heating Instructions
Convection Oven (Preferred)
Preheat oven 175C. Remove from wrapping but leave in foil tray and place on baking tray. If frozen heat for 35-45 mins. If refrigerated heat for 20-25mins
Microwave Oven (800 watt)
A microwave may be used to speed up heating time. Remove from wrapping and foil tray and wrap pie in paper towel. If frozen heat on high for 5 minutes. If refrigerated heat on high for 1 min 30 seconds. To make pastry crispy after microwaving, remove paper towel, return to foil tray and place on baking tray in convention oven for 4 minutes at 200C.",,,,,https://www.coles.com.au/product/garlos-junior-sausage-rolls-12-pack-780g-7974083,,,2024-06-18T10:11:52.572283-04:00
"Ind55SColes_ADairy, Eggs & Fridge_SA_IGarlos Chicken Breast Pie | 200g",Garlos Chicken Breast Pie | 200g,Garlos,"Dairy, Eggs & Fridge",,,,$4.30,,$5.40,$2.15 per 100g,7155480,"Garlo's Pies is an Australian owned and operated family business which opened its first pie shop in Maroubra, Sydney 2001. The name Garlo comes from the nickname of father and sons, Terry, Sean and Nathan Garlick. Terry a retired mechanic/wharfie, Sean an ex footballer with the Rabbitohs and Roosters and Nathan a master Pastry Chef and lifetime pie lover.
Heating Instructions
Convection Oven (Preferred)
Preheat oven 175C. Remove from wrapping but leave in foil tray and place on baking tray. If frozen heat for 35-45 mins. If refrigerated heat for 20-25mins
Microwave Oven (800 watt)
A microwave may be used to speed up heating time. Remove from wrapping and foil tray and wrap pie in paper towel. If frozen heat on high for 5 minutes. If refrigerated heat on high for 1 min 30 seconds. To make pastry crispy after microwaving, remove paper towel, return to foil tray and place on baking tray in convention oven for 4 minutes at 200C.",,,,"Filling (65%): Chicken Breast 50%, Water, Thickener 1422, Chicken Booster (Sugar, Salt, Dextrose, Flavour (635), Corn Flour, Hydrolysed Vegetable Protein, Canola Oil, Spices, Spice Extract), Potato, White Pepper] Pastry (35%): Wheat Flour, Margarine (Vegetable Oil, Water, Salt, Emulsifier (471, 472c), Antioxidant (304), Natural Flavour)), Malted Wheat Flour, Whey Powder (Milk, Sugar, Acidity Regulator (262)), Pastry Conditioner, Glaze (Milk Solids, Acidity Regulators (500, 451), Dried Glucose Syrup, Colour (160b))",https://www.coles.com.au/product/garlos-chicken-breast-pie-200g-7155480,,,2024-06-18T10:12:02.158350-04:00
"Ind55SColes_ADairy, Eggs & Fridge_SAReady to eat meals_IColes Kitchen Smokey Tomato & Cannellini Bean Soup | 550g",Coles Kitchen Smokey Tomato & Cannellini Bean Soup | 550g,Coles,"Dairy, Eggs & Fridge",Ready to eat meals,Soups & stews,,$5.50,,,$1.00 per 100g,7750315,Rich & Warming,,,"Per 100g/ml
Per Serving
%DI
Energy
164.40
452.10
Protein
1.20
3.30
Total Fat
0.30
0.83
Carbohydrate
7.30
20.08
Sugars
1.80
4.95
Sodium
220.00
605.00
Saturated
0.10
0.28
Energy (Cal)
39.33
108.16
Dietary Fibre (total)
1.10
3.03
Trans
0.10
0.28
* Percentage Daily Intakes are based on an average adult diet of 8700 kJ. Your daily intakes may be higher or lower depending on your energy needs.",,https://www.coles.com.au/product/coles-kitchen-smokey-tomato-and-cannellini-bean-soup-550g-7750315,,,2024-06-18T10:12:13.240403-04:00
"Ind55SColes_ADairy, Eggs & Fridge_SA_IYoufoodz Clean Chicken With Sweet Potato & Broccoli | 300g",Youfoodz Clean Chicken With Sweet Potato & Broccoli | 300g,Youfoodz,"Dairy, Eggs & Fridge",,,,$11.00,Pick any 2 for $16,,$3.67 per 100g,3583936,"Youfoodz Clean Chicken & Sweet Potato with Broccoli & Peas is a seasoned chicken breast served with roast sweet potato, broccoli, peas & a sachet of vibrant pesto sauce.",,,"Per 100g/ml
Per Serving
%DI
Energy
453 kJ
1360 kJ
Protein
7.8 g
23.4 g
Total Fat
2.8 g
8.4 g
Saturated Fat
Less than 1 g
1.4 g
Carbohydrate
11.3 g
33.9 g
Sugars
5.2 g
15.5 g
Sodium
188 mg
564 mg
Energy (Cal)
108 Cal
325 Cal
Dietary Fibre (total)
1.8 g
5.5 g
* Percentage Daily Intakes are based on an average adult diet of 8700 kJ. Your daily intakes may be higher or lower depending on your energy needs.",,https://www.coles.com.au/product/youfoodz-clean-chicken-with-sweet-potato-and-broccoli-300g-3583936,,,2024-06-18T10:12:24.564372-04:00
"Ind55SColes_ADairy, Eggs & Fridge_SA_IColes Kitchen Fajita Chicken & Rice | 350g",Coles Kitchen Fajita Chicken & Rice | 350g,Coles,"Dairy, Eggs & Fridge",,,,$7.50,Pick any 2 for $14,,$2.14 per 100g,7749021,"Australian chicken breast in a smokey tex mex sauce with red & green capsicum, served with rice",,,"Per 100g/ml
Per Serving
%DI
Energy
409.90
1434.65
Protein
6.10
21.35
Total Fat
1.40
4.90
Carbohydrate
13.60
47.60
Sugars
1.00
3.50
Sodium
160.00
560.00
Saturated
0.20
0.70
Energy (Cal)
98.06
343.22
Dietary Fibre (total)
2.90
10.15
Trans
0.10
0.35
* Percentage Daily Intakes are based on an average adult diet of 8700 kJ. Your daily intakes may be higher or lower depending on your energy needs.",,https://www.coles.com.au/product/coles-kitchen-fajita-chicken-and-rice-350g-7749021,,,2024-06-18T10:12:35.545956-04:00
"Ind55SColes_ADairy, Eggs & Fridge_SA_IColes Kitchen Family Meatball Pasta Bake | 1.2kg",Coles Kitchen Family Meatball Pasta Bake | 1.2kg,Coles,"Dairy, Eggs & Fridge",,,,$15.00,,,$1.25 per 100g,7749917,From our kitchen to yours.. So you can experience the food of Italy at home we take durum wheat pasta and match to delicious simmered sauces before finishing with cheese. Food that is full of flavour and ready for you in minutes,,,"Per 100g/ml
Per Serving
%DI
Energy
635.30
1905.90
Protein
6.70
20.10
Total Fat
6.00
18.00
Carbohydrate
16.20
48.60
Sugars
2.90
8.70
Sodium
157.00
471.00
Saturated
2.20
6.60
Energy (Cal)
151.99
455.96
Dietary Fibre (total)
3.00
9.00
Trans
0.08
0.24
* Percentage Daily Intakes are based on an average adult diet of 8700 kJ. Your daily intakes may be higher or lower depending on your energy needs.",,https://www.coles.com.au/product/coles-kitchen-family-meatball-pasta-bake-1.2kg-7749917,,,2024-06-18T10:12:46.545626-04:00
"Ind55SColes_ADairy, Eggs & Fridge_SAReady to eat meals_IGrand Italian Potato Gnocchi | 500g",Grand Italian Potato Gnocchi | 500g,Grand Italian,"Dairy, Eggs & Fridge",Ready to eat meals,Italian meals & pasta,,$6.00,,,$1.20 per 100g,3776882,"Our Grand Italian range of gnocchi are specially made with steamed fresh potato to create fluffy pillows of delicious goodness! The range offers a variety of natural and traditional Italian flavours.  No preservatives or artificials, made with natural or fresh ingredients locally sourced, give the Grand Italian Gnocchi range its hand-made taste experience.
Made with steamed fresh potato!",,,"Per 100g/ml
Per Serving
%DI
Energy
552kJ
690kJ
8%
Protein
4.7g
5.9g
12%
Total Fat
0.6g
0.8g
1%
Saturated Fat
0.1g
0.1g
<1%
Carbohydrate
25.4g
31.8g
10%
Sugars
3.0g
3.8g
4%
Sodium
165mg
206mg
9%
Energy (Cal)
132Cal
165Cal
8%
Dietary Fibre (total)
2.3g
2.9g
10%
* Percentage Daily Intakes are based on an average adult diet of 8700 kJ. Your daily intakes may be higher or lower depending on your energy needs.",,https://www.coles.com.au/product/grand-italian-potato-gnocchi-500g-3776882,,,2024-06-18T10:12:57.581492-04:00
"Ind55SColes_ADairy, Eggs & Fridge_SAReady to eat meals_IColes Kitchen Family Chicken & Bacon Pasta Bake | 1.2kg",Coles Kitchen Family Chicken & Bacon Pasta Bake | 1.2kg,Coles,"Dairy, Eggs & Fridge",Ready to eat meals,Italian meals & pasta,,$15.00,,,$1.25 per 100g,7749848,From our kitchen to yours......So you can experience the food of Italy at home we take durum wheat pasta and match to delicious simmered sauces before finishing with cheese. Food that is full of flavour and ready for you in minutes,,,"Per 100g/ml
Per Serving
%DI
Energy
575.40
1726.20
Protein
8.70
26.10
Total Fat
5.70
17.10
Carbohydrate
11.80
35.40
Sugars
0.10
0.30
Sodium
288.00
864.00
Saturated
2.80
8.40
Energy (Cal)
137.66
412.97
Dietary Fibre (total)
2.00
6.00
Trans
0.05
0.15
* Percentage Daily Intakes are based on an average adult diet of 8700 kJ. Your daily intakes may be higher or lower depending on your energy needs.",,https://www.coles.com.au/product/coles-kitchen-family-chicken-and-bacon-pasta-bake-1.2kg-7749848,,,2024-06-18T10:13:08.781238-04:00
"Ind55SColes_ADairy, Eggs & Fridge_SADairy, chilled & frozen_IColes Kitchen Family Side Roast Potatoes | 600g",Coles Kitchen Family Side Roast Potatoes | 600g,Coles,"Dairy, Eggs & Fridge","Dairy, chilled & frozen",Ready made meals,,$7.00,,,"$1.17 per 100g
Was $7.50 on Jun 2024",7749000,,,,"Per 100g/ml
Per Serving
%DI
Energy
407.40
611.10
Protein
2.00
3.00
Total Fat
1.20
1.80
Carbohydrate
17.80
26.70
Sugars
0.70
1.05
Sodium
23.00
34.50
Saturated
0.10
0.15
Energy (Cal)
97.46
146.20
Dietary Fibre (total)
3.30
4.95
Trans
0.10
0.15
* Percentage Daily Intakes are based on an average adult diet of 8700 kJ. Your daily intakes may be higher or lower depending on your energy needs.",,https://www.coles.com.au/product/coles-kitchen-family-side-roast-potatoes-600g-7749000,,,2024-06-18T10:13:19.741568-04:00
"Ind55SColes_ADairy, Eggs & Fridge_SA_IColes Nature's Kitchen Veggie Sauce | 425g",Coles Nature's Kitchen Veggie Sauce | 425g,Coles,"Dairy, Eggs & Fridge",,,,,,,,3649433,"Chunky veggie pasta sauce containing a blend of tomato, onion, carrot, zucchini, capsicum and celery",,,"Per 100g/ml
Per Serving
%DI
Energy
170.90
181.15
Protein
1.10
1.17
Carbohydrate
4.40
4.66
Sugars
2.60
2.76
Sodium
250.00
265.00
Saturated
0.20
0.21
Energy (Cal)
40.89
43.34
Fat
1.40
1.48
Dietary Fibre (total)
3.20
3.39
Trans
0.10
0.11
* Percentage Daily Intakes are based on an average adult diet of 8700 kJ. Your daily intakes may be higher or lower depending on your energy needs.",,https://www.coles.com.au/product/coles-nature's-kitchen-veggie-sauce-425g-3649433,,,2024-06-18T10:13:30.681090-04:00
"Ind55SColes_ADairy, Eggs & Fridge_SAReady to eat meals_IJC's Quality Foods Delicious Energy Mix | 100g",JC's Quality Foods Delicious Energy Mix | 100g,JCs Quality Foods,"Dairy, Eggs & Fridge",Ready to eat meals,Grab & go snacks,,$3.60,,,$3.60 per 100g,7829051,"Here at JC's, we've been bringing fun to snack time since 1994. We know that good food is a source of good health, happiness and vitality; we simply mix this with deliciousness to create snacks you'll love.",,,"Per 100g/ml
Per Serving
%DI
Energy
2030kJ
610kJ
Protein
8.5g
2.5g
Total Fat
28.7g
8.6g
Saturated Fat
10.5g
3.1g
Carbohydrate
46.9g
14.1g
Sugars
44.2g
13.3g
Sodium
32mg
10mg
* Percentage Daily Intakes are based on an average adult diet of 8700 kJ. Your daily intakes may be higher or lower depending on your energy needs.",,https://www.coles.com.au/product/jc's-quality-foods-delicious-energy-mix-100g-7829051,,,2024-06-18T10:13:41.971937-04:00
"Ind55SColes_ADairy, Eggs & Fridge_SA_IColes Natures Kitchen Vegetable Lasagne | 400g",Coles Natures Kitchen Vegetable Lasagne | 400g,Coles,"Dairy, Eggs & Fridge",,,,$7.50,Pick any 2 for $14,,$2.14 per 100g,3467980,"Coles Natures Kitchen Vegetable Lasagne 400g. A Mediterranean style vegan pasta. At Natures Kitchen we believe plant based food does not have to be bland and boring, so were upping the taste in plant based eats. Salty, tangy, spicy, sweet, we offer mouth-watering food, packed with flavour for the modern plant-based eater.",,,"Per 100g/ml
Per Serving
%DI
Energy
298.10
1192.40
Protein
3.00
12.00
Total Fat
1.90
7.60
Carbohydrate
9.60
38.40
Sugars
2.60
10.40
Sodium
150.00
600.00
Saturated
0.30
1.20
Energy (Cal)
71.32
285.26
Dietary Fibre (total)
1.70
6.80
Trans
0.10
0.40
* Percentage Daily Intakes are based on an average adult diet of 8700 kJ. Your daily intakes may be higher or lower depending on your energy needs.",,https://www.coles.com.au/product/coles-natures-kitchen-vegetable-lasagne-400g-3467980,,,2024-06-18T10:13:52.919532-04:00
"Ind55SColes_ADairy, Eggs & Fridge_SAReady to eat meals_ILatina Fresh Creamy Sun-Dried Tomato Pasta Sauce | 425g",Latina Fresh Creamy Sun-Dried Tomato Pasta Sauce | 425g,Latina,"Dairy, Eggs & Fridge",Ready to eat meals,Italian meals & pasta,,$7.50,,,$1.76 per 100g,6026890,"The perfect pasta topper, Latina Fresh Creamy Sun-dried Tomato Pasta Sauce is umami-delicious with no artificial colours or flavours. Blended with fresh cream and milk, onion, olive oil and basil, it's versatile enough to pair with a variety of meals, from gnocchi and risotto to chicken parmigiana.
Tomato sauce with fresh Australian Cream & Milk

No artificial colours

No artificial flavours

Perfect with any Latina Fresh pasta

Serves four",,,,,https://www.coles.com.au/product/latina-fresh-creamy-sun-dried-tomato-pasta-sauce-425g-6026890,,,2024-06-18T10:14:01.754931-04:00
"Ind55SColes_ADairy, Eggs & Fridge_SAReady to eat meals_IColes Kitchen Beef Massaman Curry & Rice | 350g",Coles Kitchen Beef Massaman Curry & Rice | 350g,Coles,"Dairy, Eggs & Fridge",Ready to eat meals,Thai meals,,$7.50,Pick any 2 for $14,,$2.14 per 100g,2875120,"Australian beef and potato braised in a medium spiced massaman curry sauce, served with jasmine rice",,,"Per 100g/ml
Per Serving
%DI
Energy
663.80
2323.30
Protein
9.20
32.20
Carbohydrate
18.70
65.45
Sugars
1.40
4.90
Sodium
160.00
560.00
Saturated
2.70
9.45
Energy (Cal)
158.80
555.81
Fat
5.10
17.85
Dietary Fibre (total)
0.10
0.35
Trans
0.10
0.35
* Percentage Daily Intakes are based on an average adult diet of 8700 kJ. Your daily intakes may be higher or lower depending on your energy needs.",,https://www.coles.com.au/product/coles-kitchen-beef-massaman-curry-and-rice-350g-2875120,,,2024-06-18T10:14:13.052071-04:00
"Ind55SColes_ADairy, Eggs & Fridge_SA_IDari's Hearty Vegetable Soup | 550g",Dari's Hearty Vegetable Soup | 550g,Daris,"Dairy, Eggs & Fridge",,,,$5.50,,$6.80,$1.00 per 100g,7895067,"Our Hearty Vegetable soup is classic veggie soup with a modern Mediterranean twist! We've combined herbs, chickpeas, and delicate spices with staple vegetables for a fresh new take and flavour. Perfect for those who like their soups to have a bit more zing!",,,"Per 100g/ml
Per Serving
%DI
Energy
122
336
Protein
1.0
2.8
Total Fat
0.4
1.1
Saturated Fat
0
0.3
Carbohydrate
5.3
14.6
Sugars
2.0
5.5
Sodium
358
985
Energy (Cal)
29
81
Dietary Fibre (total)
1.7
4.7
Trans
0
0
* Percentage Daily Intakes are based on an average adult diet of 8700 kJ. Your daily intakes may be higher or lower depending on your energy needs.",,https://www.coles.com.au/product/dari's-hearty-vegetable-soup-550g-7895067,,,2024-06-18T10:14:26.145836-04:00
"Ind55SColes_ADairy, Eggs & Fridge_SAReady to eat meals_IColes Kitchen Bolognese Bake | 350g",Coles Kitchen Bolognese Bake | 350g,Coles,"Dairy, Eggs & Fridge",Ready to eat meals,Italian meals & pasta,,$8.00,Pick any 2 for $14,,$2.29 per 100g,2680755,From our kitchen to yours. So you can experience the food of Italy at home we take durum wheat pasta and match to delicious simmered sauces before finishing with cheese. Food that is full of flavour and ready for you in minutes,,,"Per 100g/ml
Per Serving
%DI
Energy
635.60
2224.60
Protein
8.00
28.00
Total Fat
8.60
30.10
Saturated Fat
4.30
15.05
Carbohydrate
8.60
30.10
Sugars
1.90
6.65
Sodium
170.00
595.00
Saturated
5.10
17.85
Energy (Cal)
152.06
532.20
Dietary Fibre (total)
4.40
15.40
Trans
0.30
1.05
* Percentage Daily Intakes are based on an average adult diet of 8700 kJ. Your daily intakes may be higher or lower depending on your energy needs.",,https://www.coles.com.au/product/coles-kitchen-bolognese-bake-350g-2680755,,,2024-06-18T10:14:39.819782-04:00
"Ind55SColes_ADairy, Eggs & Fridge_SAReady to eat meals_IColes Kitchen Chicken Tikka Masala & Rice | 350g",Coles Kitchen Chicken Tikka Masala & Rice | 350g,Coles,"Dairy, Eggs & Fridge",Ready to eat meals,Indian food & meals,,$7.50,Pick any 2 for $14,,$2.14 per 100g,2877523,"Marinated Australian chicken breast in a rich tandoori spiced masala sauce finished with cream, served with basmati rice",,,"Per 100g/ml
Per Serving
%DI
Energy
524.90
1837.15
Protein
7.90
27.65
Total Fat
3.20
11.20
Carbohydrate
15.40
53.90
Sugars
2.70
9.45
Sodium
170.00
595.00
Saturated
1.20
4.20
Energy (Cal)
125.57
439.51
Fat
3.20
11.20
Dietary Fibre (total)
1.30
4.55
Trans
0.10
0.35
* Percentage Daily Intakes are based on an average adult diet of 8700 kJ. Your daily intakes may be higher or lower depending on your energy needs.",,https://www.coles.com.au/product/coles-kitchen-chicken-tikka-masala-and-rice-350g-2877523,,,2024-06-18T10:14:53.070861-04:00
"Ind55SColes_ADairy, Eggs & Fridge_SAReady to eat meals_IYoufoodz Chicken Burrito Bowl | 354g",Youfoodz Chicken Burrito Bowl | 354g,Youfoodz,"Dairy, Eggs & Fridge",Ready to eat meals,Other ready meals,,$11.00,Pick any 2 for $16,,$3.11 per 100g,7825345,"Youfoodz' Chicken Burrito Bowl is tender slices of chicken served with a vegetable mix of savoury black beans, capsicum and sweet corn on a bed of coriander rice. Complete with a tangy avocado salsa verde and sour cream to dress to your liking.",,,"Per 100g/ml
Per Serving
%DI
Energy
538 kJ
1900 kJ
Protein
7.2 g
25.4 g
Total Fat
4.4 g
15.7 g
Saturated Fat
1.3 g
4.6 g
Carbohydrate
13.8 g
48.8 g
Sugars
1.9 g
6.7 g
Sodium
411 mg
1450 mg
Energy (Cal)
129 Cal
455 Cal
Dietary Fibre (total)
2 g
7.2 g
* Percentage Daily Intakes are based on an average adult diet of 8700 kJ. Your daily intakes may be higher or lower depending on your energy needs.",,https://www.coles.com.au/product/youfoodz-chicken-burrito-bowl-354g-7825345,,,2024-06-18T10:15:04.211424-04:00
"Ind55SColes_ADairy, Eggs & Fridge_SA_IDari's Creamy Pumpkin Soup | 550g",Dari's Creamy Pumpkin Soup | 550g,Daris,"Dairy, Eggs & Fridge",,,,$5.50,,$6.80,$1.00 per 100g,6257418,,,,,"Water, pumpkin (48%), cream (2%), vegetable stock, salt, butter, pepper.",https://www.coles.com.au/product/dari's-creamy-pumpkin-soup-550g-6257418,,,2024-06-18T10:15:12.890623-04:00
"Ind55SColes_ADairy, Eggs & Fridge_SAReady to eat meals_IDari's Hearty Chicken Soup | 550g",Dari's Hearty Chicken Soup | 550g,Daris,"Dairy, Eggs & Fridge",Ready to eat meals,Soups & stews,,$5.50,,$6.80,$1.00 per 100g,1196600,"Our Hearty Chicken soup is good, honest, old-school soup, like grandmother used to make'. Succulent chicken, flavoursome stock, and classic vegetables combine to create a soup that takes you back to childhood. Mild in flavour yet so nutritious, delicious, and easy to eat, this soup gives you all the taste and comfort of home.",,,"Per 100g/ml
Per Serving
%DI
Energy
106
292
Protein
2.6
7.2
Total Fat
0.4
1.1
Saturated Fat
0.1
0.3
Carbohydrate
2.7
7.4
Sugars
0.8
2.2
Sodium
315
866
Energy (Cal)
25
69
Dietary Fibre (total)
0.5
1.4
Trans
0
0
* Percentage Daily Intakes are based on an average adult diet of 8700 kJ. Your daily intakes may be higher or lower depending on your energy needs.",,https://www.coles.com.au/product/dari's-hearty-chicken-soup-550g-1196600,,,2024-06-18T10:15:23.978580-04:00
"Ind55SColes_ADairy, Eggs & Fridge_SA_IColes Kitchen Chicken & Vegetable Noodle Soup | 550g",Coles Kitchen Chicken & Vegetable Noodle Soup | 550g,Coles,"Dairy, Eggs & Fridge",,,,$5.50,,,$1.00 per 100g,7750304,Chunky & Hearty,,,"Per 100g/ml
Per Serving
%DI
Energy
174.10
478.78
Protein
3.40
9.35
Total Fat
0.70
1.93
Carbohydrate
4.80
13.20
Sugars
1.40
3.85
Sodium
200.00
550.00
Saturated
0.20
0.55
Energy (Cal)
41.65
114.54
Dietary Fibre (total)
1.10
3.03
Trans
0.10
0.28
* Percentage Daily Intakes are based on an average adult diet of 8700 kJ. Your daily intakes may be higher or lower depending on your energy needs.",,https://www.coles.com.au/product/coles-kitchen-chicken-and-vegetable-noodle-soup-550g-7750304,,,2024-06-18T10:15:34.953181-04:00
"Ind55SColes_ADairy, Eggs & Fridge_SA_IColes Perform Mexican Style Beef & Bean Soup | 400g",Coles Perform Mexican Style Beef & Bean Soup | 400g,Coles,"Dairy, Eggs & Fridge",,,,$5.00,,,$1.25 per 100g,5071028,"Coles PerForm Mexican Beef and Bean Soup contains chunky beef, vegetables, red kidney and black beans in a mildly-spiced smokey-chipotle chilli broth. With up to 29g protein per meal, this is perfect as a fast, nourishing protein-rich soup to complement your exercise, diet or lifestyle goals.",,,"Per 100g/ml
Per Serving
%DI
Energy
368.70
1474.80
Protein
7.30
29.20
Carbohydrate
7.30
29.20
Sugars
2.30
9.20
Sodium
170.00
680.00
Saturated
0.60
2.40
Energy (Cal)
88.21
352.82
Fat
2.50
10.00
Dietary Fibre (total)
3.50
14.00
Trans
0.10
0.40
* Percentage Daily Intakes are based on an average adult diet of 8700 kJ. Your daily intakes may be higher or lower depending on your energy needs.",,https://www.coles.com.au/product/coles-perform-mexican-style-beef-and-bean-soup-400g-5071028,,,2024-06-18T10:15:50.342974-04:00
"Ind55SColes_ADairy, Eggs & Fridge_SA_IColes Pappardelle | 300g",Coles Pappardelle | 300g,Coles,"Dairy, Eggs & Fridge",,,,$4.50,,,$1.50 per 100g,3360024,Coles Brand meals are made with quality ingredients. Enjoy delicious and convenient ready to heat Pappardelle.,,,"Per 100g/ml
Per Serving
%DI
Energy
1205.60
1808.40
Protein
12.90
19.35
Total Fat
1.50
2.25
Carbohydrate
53.20
79.80
Sugars
0.90
1.35
Sodium
7.00
10.50
Saturated
0.40
0.60
Energy (Cal)
288.42
432.63
Dietary Fibre (total)
3.30
4.95
* Percentage Daily Intakes are based on an average adult diet of 8700 kJ. Your daily intakes may be higher or lower depending on your energy needs.",,https://www.coles.com.au/product/coles-pappardelle-300g-3360024,,,2024-06-18T10:16:02.066843-04:00
"Ind55SColes_ADairy, Eggs & Fridge_SA_IColes Spinach And Ricotta Cannelloni | 1.2kg",Coles Spinach And Ricotta Cannelloni | 1.2kg,Coles,"Dairy, Eggs & Fridge",,,,,,,,3992549,"From our kitchen to yours, Coles Kitchen offers you great-tasting food that is ready when you are",,,"Per 100g/ml
Per Serving
%DI
Energy
593.30
1779.90
Protein
5.70
17.10
Total Fat
5.10
15.30
Carbohydrate
17.30
51.90
Sugars
4.00
12.00
Sodium
180.00
540.00
Saturated
3.40
10.20
Energy (Cal)
141.94
425.81
Dietary Fibre (total)
1.70
5.10
Trans
0.20
0.60
* Percentage Daily Intakes are based on an average adult diet of 8700 kJ. Your daily intakes may be higher or lower depending on your energy needs.",,https://www.coles.com.au/product/coles-spinach-and-ricotta-cannelloni-1.2kg-3992549,,,2024-06-18T10:16:13.578332-04:00
"Ind55SColes_ADairy, Eggs & Fridge_SA_IColes Kitchen Beef Bolognese Sauce | 425g",Coles Kitchen Beef Bolognese Sauce | 425g,Coles,"Dairy, Eggs & Fridge",,,,,,,,3920242,Rich Australian beef and tomato sauce with carrots and red wine,,,"Per 100g/ml
Per Serving
%DI
Energy
361.20
382.87
Protein
6.60
7.00
Total Fat
4.00
4.24
Carbohydrate
5.00
5.30
Sugars
3.50
3.71
Sodium
260.00
275.60
Saturated
1.50
1.59
Energy (Cal)
86.41
91.60
Dietary Fibre (total)
2.00
2.12
Trans
0.10
0.11
* Percentage Daily Intakes are based on an average adult diet of 8700 kJ. Your daily intakes may be higher or lower depending on your energy needs.",,https://www.coles.com.au/product/coles-kitchen-beef-bolognese-sauce-425g-3920242,,,2024-06-18T10:16:24.895754-04:00
"Ind55SColes_ADairy, Eggs & Fridge_SA_IColes Kitchen Pepperoni Pasta Bake | 350g",Coles Kitchen Pepperoni Pasta Bake | 350g,Coles,"Dairy, Eggs & Fridge",,,,$8.00,Pick any 2 for $14,,$2.29 per 100g,4217933,"From our kitchen to yours, Coles Kitchen offers you great-tasting food that is ready when you are",,,"Per 100g/ml
Per Serving
%DI
Energy
509.20
1782.20
Protein
5.70
19.95
Carbohydrate
19.20
67.20
Sugars
1.90
6.65
Sodium
150.00
525.00
Saturated
0.80
2.80
Energy (Cal)
121.82
426.36
Fat
2.30
8.05
Dietary Fibre (total)
0.10
0.35
Trans
0.10
0.35
* Percentage Daily Intakes are based on an average adult diet of 8700 kJ. Your daily intakes may be higher or lower depending on your energy needs.",,https://www.coles.com.au/product/coles-kitchen-pepperoni-pasta-bake-350g-4217933,,,2024-06-18T10:16:37.487993-04:00
"Ind55SColes_ADairy, Eggs & Fridge_SAReady to eat meals_IGarlos Spinach & Feta Roll | 180g",Garlos Spinach & Feta Roll | 180g,Garlos,"Dairy, Eggs & Fridge",Ready to eat meals,Pies & pastries,,$4.80,,,$2.67 per 100g,3376578,"Garlo's Pies is an Australian owned and operated family business which opened its first pie shop in Maroubra, Sydney 2001. The name Garlo comes from the nickname of father and sons, Terry, Sean and Nathan Garlick. Terry a retired mechanic/wharfie, Sean an ex footballer with the Rabbitohs and Roosters and Nathan a master Pastry Chef and lifetime pie lover.
Heating Instructions
Convection Oven (Preferred)
Preheat oven 175C. Remove from wrapping but leave in foil tray and place on baking tray. If frozen heat for 35-45 mins. If refrigerated heat for 20-25mins
Microwave Oven (800 watt)
A microwave may be used to speed up heating time. Remove from wrapping and foil tray and wrap pie in paper towel. If frozen heat on high for 5 minutes. If refrigerated heat on high for 1 min 30 seconds. To make pastry crispy after microwaving, remove paper towel, return to foil tray and place on baking tray in convention oven for 4 minutes at 200C.",,,,"Water, Wheat Flour (Thiamine, Folic Acid), Spinach (14%), Margarine (Vegetable Oil, Water, Salt, Emulsifiers (471, 472c), Antioxidant (304), Natural Flavour), Egg, Cheeses (Feta Cheese (3%)(Milk, Cultures, Rennet, Cream, Milk Solids, Vegetable Gum (410)), Potato (Potato, Stabiliser (450), Preservative (223)), Seasoning (Salt, Sugar, Flavour Enhancer (635), Dehydrated Vegetables (Potato, Onion, Garlic), Spices & Spice Extract, Food Acid (330), Flavour, Stabiliser (450)), Garlic (Vinegar (260), Preservative (223)), Black Pepper, Glaze (Milk Solids, Acidity Regulators (500, 451), Colour (160b)).",https://www.coles.com.au/product/garlos-spinach-and-feta-roll-180g-3376578,,,2024-06-18T10:16:50.172923-04:00
"Ind55SColes_ADairy, Eggs & Fridge_SA_IDari's On The Go Chicken Broth | 350g",Dari's On The Go Chicken Broth | 350g,Daris,"Dairy, Eggs & Fridge",,,,$4.80,,,$1.37 per 100g,7834018,"Made with the finest ingredients, our chicken broth is simmered to perfection, infusing every sip with rich flavour and warmth. Whether enjoyed on its own or used as a base for your favourite recipes, our chicken broth will nourish the soul.",,,"Per 100g/ml
Per Serving
%DI
Energy
82
287
Protein
3.0
10.5
Total Fat
0.2
0.7
Saturated Fat
0.1
0.4
Carbohydrate
1.4
4.9
Sugars
1.1
3.9
Sodium
169
592
Energy (Cal)
20
69
Dietary Fibre (total)
0.4
1.4
Trans
0.0
0.0
* Percentage Daily Intakes are based on an average adult diet of 8700 kJ. Your daily intakes may be higher or lower depending on your energy needs.",,https://www.coles.com.au/product/dari's-on-the-go-chicken-broth-350g-7834018,,,2024-06-18T10:17:02.605787-04:00
"Ind55SColes_ADairy, Eggs & Fridge_SA_IStone Baked Pizza Bases Twin pack | 560g",Stone Baked Pizza Bases Twin pack | 560g,Stone Baked,"Dairy, Eggs & Fridge",,,,$4.30,,,$0.77 per 100g,8714656,Made with fresh & quality ingredients. Enjoy convenient and ready to cook Stone Baked Pizza Base.,,,"Per 100g/ml
Per Serving
%DI
Energy
1044kJ
522kJ
Protein
9.5g
4.75g
Total Fat
1.1g
Less than 1g
Saturated Fat
0.3g
Less than 1g
Carbohydrate
49.5g
24.75g
Sugars
1.9g
Less than 1g
Sodium
480mg
240mg
* Percentage Daily Intakes are based on an average adult diet of 8700 kJ. Your daily intakes may be higher or lower depending on your energy needs.",,https://www.coles.com.au/product/stone-baked-pizza-bases-twin-pack-560g-8714656,,,2024-06-18T10:17:15.091631-04:00
"Ind55SColes_ADairy, Eggs & Fridge_SA_IJC's Quality Foods Quality Outback Mix | 100g",JC's Quality Foods Quality Outback Mix | 100g,JCs Quality Foods,"Dairy, Eggs & Fridge",,,,$3.60,,,$3.60 per 100g,7829120,"Here at JC's, we've been bringing fun to snack time since 1994. We know that good food is a source of good health, happiness and vitality; we simply mix this with deliciousness to create snacks you'll love.",,,"Per 100g/ml
Per Serving
%DI
Energy
2480kJ
744kJ
Protein
18.1g
5.4g
Total Fat
46.8g
14g
Saturated Fat
5.4g
1.6g
Carbohydrate
24.7g
7.4g
Sugars
5g
1.5g
Sodium
525mg
157mg
* Percentage Daily Intakes are based on an average adult diet of 8700 kJ. Your daily intakes may be higher or lower depending on your energy needs.",,https://www.coles.com.au/product/jc's-quality-foods-quality-outback-mix-100g-7829120,,,2024-06-18T10:17:27.914389-04:00
"Ind55SColes_ADairy, Eggs & Fridge_SA_IColes Perform Build Chicken Stroganoff | 420g",Coles Perform Build Chicken Stroganoff | 420g,Coles,"Dairy, Eggs & Fridge",,,,$10.00,Pick any 2 for $18,,$2.38 per 100g,5070965,"Coles PerForm Chicken Stroganoff using chargrilled chicken pieces and a rich, creamy mushroom sauce. Served with spinach, feta and peas. With up to 44.5g protein per meal, this is perfect as a fast, nourishing protein-rich meal to complement your exercise, diet or lifestyle goals.",,,"Per 100g/ml
Per Serving
%DI
Energy
442.60
1858.92
Protein
10.60
44.52
Total Fat
2.00
8.40
Saturated Fat
1.0
4.2
18
Carbohydrate
10.00
42.00
Sugars
0.80
3.36
Saturated
1.00
4.20
Sodium
130.00
546.00
Energy (Cal)
105.89
444.72
Fat
2.00
8.40
Dietary Fibre (total)
2.30
9.66
Trans
0.10
0.42
trans
LESS THAN 1g
LESS THAN 1g
* Percentage Daily Intakes are based on an average adult diet of 8700 kJ. Your daily intakes may be higher or lower depending on your energy needs.",,https://www.coles.com.au/product/coles-perform-build-chicken-stroganoff-420g-5070965,,,2024-06-18T10:17:40.000474-04:00
"Ind55SColes_ADairy, Eggs & Fridge_SA_IColes Kitchen Chicken & Corn Soup | 300g",Coles Kitchen Chicken & Corn Soup | 300g,Coles,"Dairy, Eggs & Fridge",,,,$4.00,,,$1.33 per 100g,3467403,"From our kitchen to yours, Coles Kitchen offers you great-tasting food that is ready when you are",,,"Per 100g/ml
Per Serving
%DI
Energy
258.80
776.40
Protein
5.80
17.40
Total Fat
2.20
6.60
Carbohydrate
3.60
10.80
Sugars
1.60
4.80
Sodium
200.00
600.00
Saturated
0.40
1.20
Energy (Cal)
61.91
185.74
Dietary Fibre (total)
2.20
6.60
Trans
0.10
0.30
* Percentage Daily Intakes are based on an average adult diet of 8700 kJ. Your daily intakes may be higher or lower depending on your energy needs.",,https://www.coles.com.au/product/coles-kitchen-chicken-and-corn-soup-300g-3467403,,,2024-06-18T10:17:51.639779-04:00
"Ind55SColes_ADairy, Eggs & Fridge_SA_IColes Perform Build Chicken Carbonara & Spinach Fettucine | 400g",Coles Perform Build Chicken Carbonara & Spinach Fettucine | 400g,Coles,"Dairy, Eggs & Fridge",,,,$10.00,Pick any 2 for $18,,$2.50 per 100g,7749214,,,,"Per 100g/ml
Per Serving
%DI
Energy
527.70
2110.80
Protein
8.80
35.20
Total Fat
2.90
11.60
Carbohydrate
15.60
62.40
Sugars
0.70
2.80
Sodium
150.00
600.00
Saturated
1.20
4.80
Energy (Cal)
126.24
504.98
Dietary Fibre (total)
0.70
2.80
Trans
0.10
0.40
* Percentage Daily Intakes are based on an average adult diet of 8700 kJ. Your daily intakes may be higher or lower depending on your energy needs.",,https://www.coles.com.au/product/coles-perform-build-chicken-carbonara-and-spinach-fettucine-400g-7749214,,,2024-06-18T10:18:03.356213-04:00
"Ind55SColes_ADairy, Eggs & Fridge_SA_IRana Panfry Filled Gnocchi Cheese | 280g",Rana Panfry Filled Gnocchi Cheese | 280g,Rana,"Dairy, Eggs & Fridge",,,,$6.00,,,$2.14 per 100g,4688962,"Generous creamy filling wrapped in the goodness of a golden crispy potato gnocchi
Alone or on the side?
Made with delicious ingredients, our pan-fry filled gnocchi will surprise you with their crispy outside and creamy filling inside.
The crunchy potato cover encloses the generous, creamy filling.
Perfect as a starter dish for easy entertaining or enjoy them as irresistible side dish with family and friends!",,,"Per 100g/ml
Per Serving
%DI
Energy
960kJ
1344kJ
Protein
12g
16.8g
Total Fat
3.4g
4.8g
Saturated Fat
2.2g
3.1g
Carbohydrate
36g
50.4g
Sugars
2.4g
3.4g
Sodium
663mg
928mg
* Percentage Daily Intakes are based on an average adult diet of 8700 kJ. Your daily intakes may be higher or lower depending on your energy needs.",,https://www.coles.com.au/product/rana-panfry-filled-gnocchi-cheese-280g-4688962,,,2024-06-18T10:18:15.600734-04:00
"Ind55SColes_ADairy, Eggs & Fridge_SA_IColes Kitchen Green Veg Mix Medley With Butter | 220g",Coles Kitchen Green Veg Mix Medley With Butter | 220g,Coles,"Dairy, Eggs & Fridge",,,,$6.00,,,"$2.73 per 100g
Was $7.50 on Jun 2024",7749972,With garlic & parsley butter,,,"Per 100g/ml
Per Serving
%DI
Energy
281.20
309.32
Protein
0.90
0.99
Total Fat
3.70
4.07
Carbohydrate
5.80
6.38
Sugars
2.10
2.31
Sodium
40.00
44.00
Saturated
2.30
2.53
Energy (Cal)
67.27
74.00
Dietary Fibre (total)
3.80
4.18
Trans
0.05
0.06
* Percentage Daily Intakes are based on an average adult diet of 8700 kJ. Your daily intakes may be higher or lower depending on your energy needs.",,https://www.coles.com.au/product/coles-kitchen-green-veg-mix-medley-with-butter-220g-7749972,,,2024-06-18T10:18:28.042883-04:00
"Ind55SColes_ADairy, Eggs & Fridge_SAReady to eat meals_ILatina Cheddar Cheese Agnolotti | 375g",Latina Cheddar Cheese Agnolotti | 375g,Latina,"Dairy, Eggs & Fridge",Ready to eat meals,Italian meals & pasta,,$6.50,,$8.00,$1.73 per 100g,7080008,,,,,,https://www.coles.com.au/product/latina-cheddar-cheese-agnolotti-375g-7080008,,,2024-06-18T10:18:41.013407-04:00
"Ind55SColes_ADairy, Eggs & Fridge_SAReady to eat meals_IColes Kitchen Lamb Rogan Josh & Rice | 350g",Coles Kitchen Lamb Rogan Josh & Rice | 350g,Coles,"Dairy, Eggs & Fridge",Ready to eat meals,Indian food & meals,,$7.50,Pick any 2 for $14,,$2.14 per 100g,3468144,"From our kitchen to yours, Coles Kitchen offers you great-tasting food that is ready when you are",,,"Per 100g/ml
Per Serving
%DI
Energy
543.30
1901.55
Protein
7.90
27.65
Total Fat
3.40
11.90
Saturated Fat
1
3.5
Carbohydrate
16.00
56.00
Sugars
1.00
3.50
Sodium
180.00
630.00
Saturated
1.00
3.50
Energy (Cal)
129.98
454.92
Dietary Fibre (total)
1.40
4.90
Dietary Fibre
1.4
4.9
* Percentage Daily Intakes are based on an average adult diet of 8700 kJ. Your daily intakes may be higher or lower depending on your energy needs.",,https://www.coles.com.au/product/coles-kitchen-lamb-rogan-josh-and-rice-350g-3468144,,,2024-06-18T10:18:52.459600-04:00
"Ind55SColes_ADairy, Eggs & Fridge_SAReady to eat meals_IColes Kitchen Chicken Teriyaki & Rice | 350g",Coles Kitchen Chicken Teriyaki & Rice | 350g,Coles,"Dairy, Eggs & Fridge",Ready to eat meals,Thai meals,,$7.50,Pick any 2 for $14,,$2.14 per 100g,7748754,"Australian chicken breast in a sweet soy, ginger and sesame sauce, served with rice",,,"Per 100g/ml
Per Serving
%DI
Energy
492.40
1723.40
Protein
7.10
24.85
Total Fat
2.80
9.80
Carbohydrate
14.50
50.75
Sugars
2.30
8.05
Sodium
180.00
630.00
Saturated
0.40
1.40
Energy (Cal)
117.80
412.30
Dietary Fibre (total)
2.70
9.45
Trans
0.10
0.35
* Percentage Daily Intakes are based on an average adult diet of 8700 kJ. Your daily intakes may be higher or lower depending on your energy needs.",,https://www.coles.com.au/product/coles-kitchen-chicken-teriyaki-and-rice-350g-7748754,,,2024-06-18T10:19:03.574929-04:00
"Ind55SColes_ADairy, Eggs & Fridge_SAReady to eat meals_IRana Pecorino Pdo & Pepper Tortellini | 300g",Rana Pecorino Pdo & Pepper Tortellini | 300g,Rana,"Dairy, Eggs & Fridge",Ready to eat meals,Italian meals & pasta,,$6.50,,$8.50,$2.17 per 100g,7161868,,,,"Per 100g/ml
Per Serving
%DI
Energy
1260kJ
1890kJ
Protein
9.6g
14.4g
Total Fat
14.6g
21.9g
Saturated Fat
6.6g
9.9g
Carbohydrate
31.9g
47.9g
Sugars
2.6g
3.9g
Sodium
670mg
1010mg
* Percentage Daily Intakes are based on an average adult diet of 8700 kJ. Your daily intakes may be higher or lower depending on your energy needs.",,https://www.coles.com.au/product/rana-pecorino-pdo-and-pepper-tortellini-300g-7161868,,,2024-06-18T10:19:14.623914-04:00
"Ind55SColes_ADairy, Eggs & Fridge_SAReady to eat meals_IStonefire Roasted Garlic Naan 2 pack | 250g",Stonefire Roasted Garlic Naan 2 pack | 250g,Stonefire,"Dairy, Eggs & Fridge",Ready to eat meals,Hot snacks & sides,,$3.90,,,$1.56 per 100g,2885532,"Stonefire Garlic Naan are cooked, ready to heat and perfect to go with your curries.",,,,,https://www.coles.com.au/product/stonefire-roasted-garlic-naan-2-pack-250g-2885532,,,2024-06-18T10:19:23.294825-04:00
"Ind55SColes_ADairy, Eggs & Fridge_SAReady to eat meals_ILatina Fresh Lasagne Sheets 8 Pack | 375g",Latina Fresh Lasagne Sheets 8 Pack | 375g,Latina,"Dairy, Eggs & Fridge",Ready to eat meals,Italian meals & pasta,,$6.00,,,$1.60 per 100g,5165427,,,,,,https://www.coles.com.au/product/latina-fresh-lasagne-sheets-8-pack-375g-5165427,,,2024-06-18T10:19:31.783540-04:00
"Ind55SColes_ADairy, Eggs & Fridge_SAReady to eat meals_IReady Chef Pork & Beef Lasagne | 1.9kg",Ready Chef Pork & Beef Lasagne | 1.9kg,Ready Chef,"Dairy, Eggs & Fridge",Ready to eat meals,Italian meals & pasta,,$16.00,,,$0.84 per 100g,5071345,"Ready Chef Heat 'N' Eat Pork & Beef Lasagne Family Size Bake is an authentic homestyle pork & beef ragu, generously layered on delicious pasta and topped with bechamel sauce. Serves 6. Oven 55 mins.",,,"Per 100g/ml
Per Serving
%DI
Energy
577kJ
1830kJ
21%
Protein
5.1g
16.2g
32%
Total Fat
5.5g
17.3g
25%
Saturated Fat
2.8g
9.0g
38%
Carbohydrate
16.4g
52.0g
17%
Sugars
3.6g
11.6g
13%
Sodium
199mg
630mg
27%
Monounsaturated
>1
>1
>1
Energy (Cal)
>1
>1
>1
Dietary Fibre (total)
1.1g
3.6g
12%
Polyunsaturated
>1
>1
>1
Trans
>1
>1
>1
* Percentage Daily Intakes are based on an average adult diet of 8700 kJ. Your daily intakes may be higher or lower depending on your energy needs.","Ragu Sauce (45%) (Water, Tomato Paste (15%) (Tomato, Acidity Regulator (Citric Acid)), Pork (12%), Beef (8%), Carrot, Onion, Celery, Thickeners (1442), Soy Protein (Caramel Colour I), Bouillon Powder, Sugar, Salt, Garlic, Herbs), Bechamel Sauce (30%) (Water, Milk Powder (13%), Butter (Milk) (6%), Wheat Flour, Thickeners (1422, 1442), Salt, Natural Preservative (Nisin (Soy)), Nutmeg), Pasta Sheet (24%) (Wheat Semolina, Water), Paprika.",https://www.coles.com.au/product/ready-chef-pork-and-beef-lasagne-1.9kg-5071345,,,2024-06-18T10:19:42.601421-04:00
"Ind55SColes_ADairy, Eggs & Fridge_SAReady to eat meals_IDari's Creamy Chicken Soup | 550g",Dari's Creamy Chicken Soup | 550g,Daris,"Dairy, Eggs & Fridge",Ready to eat meals,Soups & stews,,$5.50,,$6.80,$1.00 per 100g,7830550,A classic and traditional soup in Australia. Shredded free range chicken breast in a delicious chicken broth mixed with cream and vegetables.,,,"Per 100g/ml
Per Serving
%DI
Energy
293
807
Protein
4.3
11.9
Total Fat
3.6
9.8
Saturated Fat
2.2
6.1
Carbohydrate
4.8
13.2
Sugars
0.9
2.5
Sodium
285
784
Energy (Cal)
70
193
* Percentage Daily Intakes are based on an average adult diet of 8700 kJ. Your daily intakes may be higher or lower depending on your energy needs.",,https://www.coles.com.au/product/dari's-creamy-chicken-soup-550g-7830550,,,2024-06-18T10:19:53.497330-04:00
"Ind55SColes_ADairy, Eggs & Fridge_SAYoufoodz_IYoufoodz Fueld Chipotle Fried Chicken | 400g",Youfoodz Fueld Chipotle Fried Chicken | 400g,Youfoodz,"Dairy, Eggs & Fridge",Youfoodz,Ready to eat meal,,$12.00,,,$3.00 per 100g,4688215,"Our Chipotle Fried Chicken is loaded with 41 grams of top-quality protein, making it an ideal post-workout meal. It's made with tender spiced fried chicken pieces, paprika chips and a sachet of creamy chipotle sauce for you to serve on the side, or atop the lot.

This meal is exclusive to our FUEL'D range.",,,"Per 100g/ml
Per Serving
%DI
Energy
650 kJ
2600 kJ
Protein
9.7 g
38.8 g
Total Fat
6.3 g
25.1 g
Saturated Fat
Less than 1 g
2.6 g
Carbohydrate
13.9 g
55.5 g
Sugars
1.5 g
6.1 g
Sodium
396 mg
1580 mg
Energy (Cal)
155 Cal
622 Cal
Dietary Fibre (total)
2.1 g
8.5 g
* Percentage Daily Intakes are based on an average adult diet of 8700 kJ. Your daily intakes may be higher or lower depending on your energy needs.",,https://www.coles.com.au/product/youfoodz-fueld-chipotle-fried-chicken-400g-4688215,,,2024-06-18T10:20:04.590040-04:00
"Ind55SColes_ADairy, Eggs & Fridge_SAReady to eat meals_IColes Kitchen Chicken Korma And Rice | 350g",Coles Kitchen Chicken Korma And Rice | 350g,Coles,"Dairy, Eggs & Fridge",Ready to eat meals,Indian food & meals,,$8.00,Pick any 2 for $14,,$2.29 per 100g,3771368,"Australian marinated chicken breast in a mildly spiced coconut, cream and yoghurt sauce, served with basmati rice",,,"Per 100g/ml
Per Serving
%DI
Energy
708.10
2478.35
Protein
9.40
32.90
Carbohydrate
18.10
63.35
Sugars
0.30
1.05
Sodium
150.00
525.00
Saturated
3.00
10.50
Energy (Cal)
169.40
592.91
Fat
6.20
21.70
Dietary Fibre (total)
1.40
4.90
Trans
0.10
0.35
* Percentage Daily Intakes are based on an average adult diet of 8700 kJ. Your daily intakes may be higher or lower depending on your energy needs.",,https://www.coles.com.au/product/coles-kitchen-chicken-korma-and-rice-350g-3771368,,,2024-06-18T10:20:15.981743-04:00
"Ind55SColes_ADairy, Eggs & Fridge_SAReady to eat meals_IColes Kitchen Chicken & Vegetable Soup | 300g",Coles Kitchen Chicken & Vegetable Soup | 300g,Coles,"Dairy, Eggs & Fridge",Ready to eat meals,Soups & stews,,$4.00,,,$1.33 per 100g,4215847,"From our kitchen to yours, Coles Kitchen offers you great-tasting food that is ready when you are",,,"Per 100g/ml
Per Serving
%DI
Energy
155.80
467.40
Protein
3.60
10.80
Total Fat
0.40
1.20
Carbohydrate
3.80
11.40
Sugars
1.00
3.00
Sodium
140.00
420.00
Saturated
0.10
0.30
Energy (Cal)
37.27
111.82
Dietary Fibre (total)
1.90
5.70
Trans
0.10
0.30
* Percentage Daily Intakes are based on an average adult diet of 8700 kJ. Your daily intakes may be higher or lower depending on your energy needs.",,https://www.coles.com.au/product/coles-kitchen-chicken-and-vegetable-soup-300g-4215847,,,2024-06-18T10:20:27.140500-04:00
"Ind55SColes_ADairy, Eggs & Fridge_SAReady to eat meals_IColes Kitchen Butternut Pumpkin Soup | 300g",Coles Kitchen Butternut Pumpkin Soup | 300g,Coles,"Dairy, Eggs & Fridge",Ready to eat meals,Soups & stews,,$4.00,,,$1.33 per 100g,3467447,"From our kitchen to yours, Coles Kitchen offers you great-tasting food that is ready when you are",,,"Per 100g/ml
Per Serving
%DI
Energy
279.20
837.60
Protein
0.60
1.80
Total Fat
4.30
12.90
Carbohydrate
5.10
15.30
Sugars
3.80
11.40
Sodium
130.00
390.00
Saturated
2.20
6.60
Energy (Cal)
66.79
200.38
Dietary Fibre (total)
2.90
8.70
Trans
0.10
0.30
* Percentage Daily Intakes are based on an average adult diet of 8700 kJ. Your daily intakes may be higher or lower depending on your energy needs.",,https://www.coles.com.au/product/coles-kitchen-butternut-pumpkin-soup-300g-3467447,,,2024-06-18T10:20:38.218500-04:00
"Ind55SColes_ADairy, Eggs & Fridge_SAReady to eat meals_IColes Plain Fettucine | 300g",Coles Plain Fettucine | 300g,Coles,"Dairy, Eggs & Fridge",Ready to eat meals,Italian meals & pasta,,$4.50,,,$1.50 per 100g,4293501,Coles Brand meals are made with quality ingredients. Enjoy delicious and convenient ready to heat creamy Fettucine.,,,"Per 100g/ml
Per Serving
%DI
Energy
1205.60
1808.40
Protein
12.90
19.35
Carbohydrate
53.20
79.80
Sugars
0.90
1.35
Sodium
7.00
10.50
Saturated
0.40
0.60
Energy (Cal)
288.42
432.63
Fat
1.50
2.25
Dietary Fibre (total)
3.30
4.95
* Percentage Daily Intakes are based on an average adult diet of 8700 kJ. Your daily intakes may be higher or lower depending on your energy needs.",,https://www.coles.com.au/product/coles-plain-fettucine-300g-4293501,,,2024-06-18T10:20:51.242206-04:00
"Ind55SColes_ADairy, Eggs & Fridge_SA_ILatina Fresh Veal Tortellini Pasta | 375g",Latina Fresh Veal Tortellini Pasta | 375g,Latina,"Dairy, Eggs & Fridge",,,,$6.50,,$8.00,$1.73 per 100g,5051836,,,,,,https://www.coles.com.au/product/latina-fresh-veal-tortellini-pasta-375g-5051836,,,2024-06-18T10:21:00.130685-04:00
"Ind55SColes_ADairy, Eggs & Fridge_SAReady to eat meals_IPitango Free Range Chicken Sweet Corn & Noodle Soup | 600g",Pitango Free Range Chicken Sweet Corn & Noodle Soup | 600g,Pitango,"Dairy, Eggs & Fridge",Ready to eat meals,Soups & stews,,$5.75,,$7.25,$0.96 per 100g,5067304,,,,,,https://www.coles.com.au/product/pitango-free-range-chicken-sweet-corn-and-noodle-soup-600g-5067304,,,2024-06-18T10:21:08.935383-04:00
"Ind55SColes_ADairy, Eggs & Fridge_SAReady to eat meals_ILatina Lasagne Ravioli | 625g",Latina Lasagne Ravioli | 625g,Latina,"Dairy, Eggs & Fridge",Ready to eat meals,Italian meals & pasta,,$11.00,,,$1.76 per 100g,5577548,,,,,,https://www.coles.com.au/product/latina-lasagne-ravioli-625g-5577548,,,2024-06-18T10:21:17.517698-04:00
"Ind55SColes_ADairy, Eggs & Fridge_SAReady to eat meals_IYoufoodz Char Siu Pork Fried Rice | 316g",Youfoodz Char Siu Pork Fried Rice | 316g,Youfoodz,"Dairy, Eggs & Fridge",Ready to eat meals,Other ready meals,,$11.00,Pick any 2 for $16,,$3.48 per 100g,7824987,"You can't go wrong with this tasty take-away classic. Youfoodz' Char Siu Pork is sweet, salty and sticky BBQ pork in Char Siu style marinade with a side of fragrant vegetable-tossed rice.",,,"Per 100g/ml
Per Serving
%DI
Energy
633kJ
2000kJ
Protein
9.2g
29.1g
Total Fat
3.2g
10.1g
Saturated Fat
1.1g
3.6g
Carbohydrate
20.6g
65.2g
Sugars
5.2g
16.4g
Sodium
269mg
851mg
Energy (Cal)
151Cal
478Cal
Dietary Fibre (total)
1
3.2g
* Percentage Daily Intakes are based on an average adult diet of 8700 kJ. Your daily intakes may be higher or lower depending on your energy needs.",,https://www.coles.com.au/product/youfoodz-char-siu-pork-fried-rice-316g-7824987,,,2024-06-18T10:21:28.846517-04:00
"Ind55SColes_ADairy, Eggs & Fridge_SAReady to eat meals_IIpastai Bolognese Sauce | 300g",Ipastai Bolognese Sauce | 300g,Ipastai,"Dairy, Eggs & Fridge",Ready to eat meals,Italian meals & pasta,,$7.50,,,$2.50 per 100g,6474904,Bolognese Tomato and Meat Sauce. Slow cooked Italian sauce. ,,,,"Tomato pulp (49.5%), water, beef (14.5%), wagyu beef (3.3%), onion, carrot, tomato paste (2.0%), canola oil, celery, red wine (sulphites, milk, egg, fish) (grape juice, tartaric acid, sulphur dioxide, malic acid), citrus fibre, beef stock (salt, sugar, maltodextrin, yeast extract, natural flavour, beef fat (3.6%), burnt sugar, onion powder, pepper), rosemary, nutmeg, bay leaf.",https://www.coles.com.au/product/ipastai-bolognese-sauce-300g-6474904,,,2024-06-18T10:21:38.795693-04:00
"Ind55SColes_ADairy, Eggs & Fridge_SADairy, chilled & frozen_IColes Kitchen Scalloped Potato | 350g",Coles Kitchen Scalloped Potato | 350g,Coles,"Dairy, Eggs & Fridge","Dairy, chilled & frozen",Ready made meals,,$6.00,,,"$1.71 per 100g
Was $7.50 on Jun 2024",3771142,Sliced potatoes in a creamy garlic sauce,,,"Per 100g/ml
Per Serving
%DI
Energy
474.60
830.55
Protein
3.20
5.60
Total Fat
4.90
8.58
Saturated Fat
3.5
6.1
25
Carbohydrate
13.30
23.28
Sugars
4.10
7.18
Sodium
260.00
455.00
Energy (Cal)
113.54
198.70
Dietary Fibre (total)
1.60
2.80
Trans
0.20
0.35
* Percentage Daily Intakes are based on an average adult diet of 8700 kJ. Your daily intakes may be higher or lower depending on your energy needs.",,https://www.coles.com.au/product/coles-kitchen-scalloped-potato-350g-3771142,,,2024-06-18T10:21:49.773932-04:00
"Ind55SColes_ADairy, Eggs & Fridge_SA_IMushiki Pork & Shallot Gyoza | 275g",Mushiki Pork & Shallot Gyoza | 275g,Mushiki,"Dairy, Eggs & Fridge",,,,$13.95,,,$5.07 per 100g,7084858,Juicy pork and fresh vegetables all wrapped up in a light pastry ready to simply pan fry and enjoy with your favourite sauce!,,,"Per 100g/ml
Per Serving
%DI
Energy
838kJ
1160kJ
Protein
8.5g
11.8g
Total Fat
4.7g
6.6g
Saturated Fat
1.4g
2g
Carbohydrate
29.5g
40.7g
Sugars
2.4g
3.3g
Sodium
397mg
548mg
* Percentage Daily Intakes are based on an average adult diet of 8700 kJ. Your daily intakes may be higher or lower depending on your energy needs.",,https://www.coles.com.au/product/mushiki-pork-and-shallot-gyoza-275g-7084858,,,2024-06-18T10:22:01.609550-04:00
"Ind55SColes_ADairy, Eggs & Fridge_SAReady to eat meals_IYoufoodz Fueld Smokey BBQ Chicken | 400g",Youfoodz Fueld Smokey BBQ Chicken | 400g,Youfoodz,"Dairy, Eggs & Fridge",Ready to eat meals,Other ready meals,,$12.00,,,$3.00 per 100g,7825120,"Chargrilled chicken seasoned with paprika and lemon-pepper, served with a creamy ranch potato salad then drizzled in a smokey BBQ sauce. Our FUEL'D range is larger in portion size and packed with protein.",,,"Per 100g/ml
Per Serving
%DI
Energy
713kJ
2850kJ
Protein
9.5g
38.2g
Total Fat
8.9g
35.7g
Saturated Fat
1.6g
6.4g
Carbohydrate
12.3g
49.2g
Sugars
5.8g
23.1g
Sodium
420g
1680g
Energy (Cal)
170Cal
682Cal
Dietary Fibre (total)
1.5g
6.0g
* Percentage Daily Intakes are based on an average adult diet of 8700 kJ. Your daily intakes may be higher or lower depending on your energy needs.",,https://www.coles.com.au/product/youfoodz-fueld-smokey-bbq-chicken-400g-7825120,,,2024-06-18T10:22:13.323412-04:00
"Ind55SColes_ADairy, Eggs & Fridge_SAReady to eat meals_IThe Kitchen 10 Inch Ham Pineapple Pizza | 495g",The Kitchen 10 Inch Ham Pineapple Pizza | 495g,The Kitchen,"Dairy, Eggs & Fridge",Ready to eat meals,Pizzas,,,,,,3870064,Sow free ham alongside pineapple and topped with mozzarella cheese. Made Fresh in Store. Sold chilled & ready to heat.,,,"Per 100g/ml
Per Serving
%DI
Energy
823
4070
Protein
9.1
44.9
Total Fat
6.6
32.5
Saturated Fat
2.6
12.7
Carbohydrate
24.3
120
Sugars
5.4
26.7
Sodium
592
2930
* Percentage Daily Intakes are based on an average adult diet of 8700 kJ. Your daily intakes may be higher or lower depending on your energy needs.",,https://www.coles.com.au/product/the-kitchen-10-inch-ham-pineapple-pizza-495g-3870064,,,2024-06-18T10:22:25.399792-04:00
"Ind55SColes_ADairy, Eggs & Fridge_SAReady to eat meals_INevana Pizza Base 12 pack | 700g",Nevana Pizza Base 12 pack | 700g,Nevana,"Dairy, Eggs & Fridge",Ready to eat meals,Pizzas,,$4.80,,,$0.69 per 100g,5618146,Made with fresh & quality ingredients. Enjoy convenient and ready to cook Nevana Pizza Base,,,"Per 100g/ml
Per Serving
%DI
Energy
1150kJ
Protein
12.1g
Total Fat
2.2g
Saturated Fat
0.3g
Carbohydrate
50g
Sugars
6.6g
Sodium
3.9mg
Monounsaturated
1.1g
Polyunsaturated
1.1g
Cholesterol
Less than 0.1g
* Percentage Daily Intakes are based on an average adult diet of 8700 kJ. Your daily intakes may be higher or lower depending on your energy needs.",,https://www.coles.com.au/product/nevana-pizza-base-12-pack-700g-5618146,,,2024-06-18T10:22:36.445481-04:00
"Ind55SColes_ADairy, Eggs & Fridge_SAReady to eat meals_IReady Chef Savoury Rice | 800g",Ready Chef Savoury Rice | 800g,Ready Chef,"Dairy, Eggs & Fridge",Ready to eat meals,Hot snacks & sides,,$10.00,,,$1.25 per 100g,6282594,"Ready Chef Savoury Rice is fragrant and aromatic rice mixed with onion, peas, sweet corn and carrot. Family size side dish. Ready to eat in 7 mins.",,,"Per 100g/ml
Per Serving
%DI
Energy
584kJ
1170kJ
13%
Protein
2.5g
5.0g
10%
Total Fat
2.7g
5.3g
8%
Saturated Fat
0.9g
1.8g
7%
Carbohydrate
25.3g
50.6g
16%
Sugars
2.4g
4.8g
5%
Sodium
204mg
409mg
18%
Monounsaturated
>1
>1
>1
Energy (Cal)
138Cal
277Cal
>1
Dietary Fibre (total)
1.5g
3.0g
10%
Polyunsaturated
>1
>1
>1
Trans
>1
>1
>1
* Percentage Daily Intakes are based on an average adult diet of 8700 kJ. Your daily intakes may be higher or lower depending on your energy needs.",,https://www.coles.com.au/product/ready-chef-savoury-rice-800g-6282594,,,2024-06-18T10:22:47.348976-04:00
"Ind55SColes_ADairy, Eggs & Fridge_SAReady to eat meals_IColes Kitchen Chilli Con Carne & Rice | 350g",Coles Kitchen Chilli Con Carne & Rice | 350g,Coles,"Dairy, Eggs & Fridge",Ready to eat meals,Other ready meals,,$7.50,Pick any 2 for $14,,$2.14 per 100g,7749203,"Australian beef in a rich chili sauce with red kidney beans, served with rice",,,"Per 100g/ml
Per Serving
%DI
Energy
452.00
1582.00
Protein
4.80
16.80
Total Fat
2.50
8.75
Carbohydrate
14.70
51.45
Sugars
1.30
4.55
Sodium
170.00
595.00
Saturated
1.20
4.20
Energy (Cal)
108.13
378.47
Dietary Fibre (total)
3.50
12.25
Trans
0.10
0.35
* Percentage Daily Intakes are based on an average adult diet of 8700 kJ. Your daily intakes may be higher or lower depending on your energy needs.",,https://www.coles.com.au/product/coles-kitchen-chilli-con-carne-and-rice-350g-7749203,,,2024-06-18T10:22:58.225537-04:00
"Ind55SColes_ADairy, Eggs & Fridge_SADairy, chilled & frozen_IColes Kitchen Roast Vegetables | 300g",Coles Kitchen Roast Vegetables | 300g,Coles,"Dairy, Eggs & Fridge","Dairy, chilled & frozen",Ready made meals,,$6.00,,,"$2.00 per 100g
Was $7.50 on Jun 2024",7750053,,,,"Per 100g/ml
Per Serving
%DI
Energy
421.60
632.40
Protein
1.80
2.70
Total Fat
3.10
4.65
Carbohydrate
14.70
22.05
Sugars
10.20
15.30
Sodium
189.00
283.50
Saturated
0.30
0.45
Energy (Cal)
100.86
151.29
Dietary Fibre (total)
3.30
4.95
Trans
0.01
0.02
* Percentage Daily Intakes are based on an average adult diet of 8700 kJ. Your daily intakes may be higher or lower depending on your energy needs.",,https://www.coles.com.au/product/coles-kitchen-roast-vegetables-300g-7750053,,,2024-06-18T10:23:09.019822-04:00
"Ind55SColes_ADairy, Eggs & Fridge_SA_ILatina Fresh Kids Mini Ravioli Pasta Beef & Vegetable | 200g",Latina Fresh Kids Mini Ravioli Pasta Beef & Vegetable | 200g,Latina,"Dairy, Eggs & Fridge",,,,$6.00,Pick any 2 for $9,,$3.00 per 100g,6393915,,,,,,https://www.coles.com.au/product/latina-fresh-kids-mini-ravioli-pasta-beef-and-vegetable-200g-6393915,,,2024-06-18T10:23:17.741974-04:00
"Ind55SColes_ADairy, Eggs & Fridge_SAReady to eat meals_IColes Lasagne Sheets Pasta | 375g",Coles Lasagne Sheets Pasta | 375g,Coles,"Dairy, Eggs & Fridge",Ready to eat meals,Italian meals & pasta,,$4.00,,,$1.07 per 100g,7712156,Made with fresh & quality ingredients. Enjoy convenient and ready to cook Rana Pumpkin & Caramelised Onion Ravioli.,,,"Per 100g/ml
Per Serving
%DI
Energy
1205.60
1121.21
Protein
12.90
12.00
Carbohydrate
53.20
49.48
Sugars
0.90
0.84
Sodium
7.00
6.51
Saturated
0.40
0.37
Energy (Cal)
288.42
268.23
Fat
1.50
1.40
Dietary Fibre (total)
3.30
3.07
* Percentage Daily Intakes are based on an average adult diet of 8700 kJ. Your daily intakes may be higher or lower depending on your energy needs.",,https://www.coles.com.au/product/coles-lasagne-sheets-pasta-375g-7712156,,,2024-06-18T10:23:29.975801-04:00
"Ind55SColes_ADairy, Eggs & Fridge_SAReady to eat meals_IColes Kitchen Chicken Biryani | 350g",Coles Kitchen Chicken Biryani | 350g,Coles,"Dairy, Eggs & Fridge",Ready to eat meals,Indian food & meals,,$8.00,Pick any 2 for $14,,$2.29 per 100g,2389600,"From our kitchen to yours, Coles Kitchen offers you great-tasting food that is ready when you are",,,"Per 100g/ml
Per Serving
%DI
Energy
457.30
1600.55
Protein
4.50
15.75
Total Fat
2.90
10.15
Carbohydrate
15.10
52.85
Sugars
0.70
2.45
Sodium
230.00
805.00
Saturated
0.40
1.40
Energy (Cal)
109.40
382.91
Dietary Fibre (total)
2.10
7.35
Trans
0.10
0.35
* Percentage Daily Intakes are based on an average adult diet of 8700 kJ. Your daily intakes may be higher or lower depending on your energy needs.",,https://www.coles.com.au/product/coles-kitchen-chicken-biryani-350g-2389600,,,2024-06-18T10:23:41.544793-04:00
"Ind55SColes_ADairy, Eggs & Fridge_SA_ILatina Fresh Gluten Free Lasagne Sheets | 280g",Latina Fresh Gluten Free Lasagne Sheets | 280g,Latina,"Dairy, Eggs & Fridge",,,,$8.75,Pick any 2 for $13,,$3.13 per 100g,3758676,,,,,,https://www.coles.com.au/product/latina-fresh-gluten-free-lasagne-sheets-280g-3758676,,,2024-06-18T10:23:52.708452-04:00
"Ind55SColes_ADairy, Eggs & Fridge_SAReady to eat meals_IRana Spinach & Ricotta Tortellini | 325g",Rana Spinach & Ricotta Tortellini | 325g,Rana,"Dairy, Eggs & Fridge",Ready to eat meals,Italian meals & pasta,,$8.00,,,$2.46 per 100g,3091046,"Roughly chopped spinach and fabulously creamy, fresh ricotta, wrapped in paper thin pasta. Try serving them with a drizzle of extra-virgin olive oil, chilli flakes and a squeeze of lemon.",,,,"Filling 53%: Ricotta 29% (Whey, Milk, Salt, Citric Acid), Spinach 17%, Mascarpone Cheese (Cream, Milk, Citric Acid), Breadcrumbs (Soft Wheat Flour, Water, Salt, Yeast), Sunflower Oil, Parmigiano Reggiano Cheese (Milk, Salt, Rennet), Whey Powder, Butter, Vegetable Fibre, Salt, Potato Starch, Sugar, Garlic, Nutmeg, Natural Flavorings, Pasta 47%: Soft Wheat Flour, Eggs 30%, Durum Wheat Semolina",https://www.coles.com.au/product/rana-spinach-and-ricotta-tortellini-325g-3091046,,,2024-06-18T10:24:01.397060-04:00
"Ind55SColes_ADairy, Eggs & Fridge_SAColes Finest_IColes Finest Beef Ragu Fettucine | 400g",Coles Finest Beef Ragu Fettucine | 400g,Coles,"Dairy, Eggs & Fridge",Coles Finest,meals,,$9.50,,,$2.38 per 100g,3771540,"Our meat ragu starts the Italian way with an aromatic soffrito. We add fresh Australian Angus beef, tomatoes, red wine and herbs & spices to create a rich ragu before pairing with durum wheat fettucine and a sprinkling of tangy parmesan to finish. Let us do the hard work for you.",,,"Per 100g/ml
Per Serving
%DI
Energy
675.30
2701.20
Protein
9.60
38.40
Total Fat
6.90
27.60
Carbohydrate
14.40
57.60
Sugars
2.50
10.00
Sodium
240.00
960.00
Saturated
2.80
11.20
Energy (Cal)
161.56
646.22
Dietary Fibre (total)
1.50
6.00
* Percentage Daily Intakes are based on an average adult diet of 8700 kJ. Your daily intakes may be higher or lower depending on your energy needs.",,https://www.coles.com.au/product/coles-finest-beef-ragu-fettucine-400g-3771540,,,2024-06-18T10:24:12.247591-04:00
"Ind55SColes_ADairy, Eggs & Fridge_SAReady to eat meals_IColes Kitchen Garlic Naan 2 | 360g",Coles Kitchen Garlic Naan 2 | 360g,Coles,"Dairy, Eggs & Fridge",Ready to eat meals,Hot snacks & sides,,$3.90,,,$1.08 per 100g,3769990,KITCHEN INSPIRED CREATIONS From our kitchen to yours....To give our naan bread its distinctive pillowy texture we enrich the dough with yoghurt and leave to rest before baking until it bubbles up to create cripsy pockets and a soft centre,,,"Per 100g/ml
Per Serving
%DI
Energy
1351.2
1216.08
Protein
9.5
8.55
Carbohydrate
41.2
37.08
Sugars
4
3.6
Sodium
420
378
Saturated
3.3
2.97
Energy (Cal)
323.2535885
290.9282297
Fat
12.1
10.89
Dietary Fibre (total)
5.2
4.68
Trans
0.01
0.009
* Percentage Daily Intakes are based on an average adult diet of 8700 kJ. Your daily intakes may be higher or lower depending on your energy needs.",,https://www.coles.com.au/product/coles-kitchen-garlic-naan-2-360g-3769990,,,2024-06-18T10:24:22.960389-04:00
"Ind55SColes_ADairy, Eggs & Fridge_SAReady to eat meals_IHerbert Adams Spicy Jalapeno Roasted Capsicum & Cheddar Quiche | 200g",Herbert Adams Spicy Jalapeno Roasted Capsicum & Cheddar Quiche | 200g,Herbert Adams,"Dairy, Eggs & Fridge",Ready to eat meals,Pies & pastries,,$7.30,,,$3.65 per 100g,7829299,"HERBERT ADAMS JALAPEO, ROASTED CAPSICUM & CHEDDAR QUICHE 200G",,,"Per 100g/ml
Per Serving
%DI
Energy
965
Protein
230
Total Fat
13.5
Saturated Fat
7.5
Carbohydrate
19.6
Sugars
3.3
Sodium
390
Dietary Fibre (total)
2.9
* Percentage Daily Intakes are based on an average adult diet of 8700 kJ. Your daily intakes may be higher or lower depending on your energy needs.",,https://www.coles.com.au/product/herbert-adams-spicy-jalapeno-roasted-capsicum-and-cheddar-quiche-200g-7829299,,,2024-06-18T10:24:33.966301-04:00
"Ind55SColes_ADairy, Eggs & Fridge_SAReady to eat meals_IColes Perform Build Chipotle Chicken Burrito Bowl | 400g",Coles Perform Build Chipotle Chicken Burrito Bowl | 400g,Coles,"Dairy, Eggs & Fridge",Ready to eat meals,Other ready meals,,$10.00,Pick any 2 for $18,,$2.50 per 100g,5070830,"Coles PerForm Chicken Burrito with tender chargrilled cajun chicken breast (RSPCA approved)., chipotle sauce, cooked rice and beans. With up to 43g protein per meal, this is perfect as a fast, nourishing protein-rich meal to complement your exercise, diet or lifestyle goals.",,,"Per 100g/ml
Per Serving
%DI
Energy
474.00
1896.00
Protein
12.90
51.60
Carbohydrate
8.90
35.60
Sugars
0.20
0.80
Sodium
210.00
840.00
Saturated
0.70
2.80
Energy (Cal)
113.40
453.59
Fat
2.60
10.40
Dietary Fibre (total)
0.90
3.60
Trans
0.09
0.36
* Percentage Daily Intakes are based on an average adult diet of 8700 kJ. Your daily intakes may be higher or lower depending on your energy needs.",,https://www.coles.com.au/product/coles-perform-build-chipotle-chicken-burrito-bowl-400g-5070830,,,2024-06-18T10:24:45.027668-04:00
"Ind55SColes_ADairy, Eggs & Fridge_SAReady to eat meals_IColes Kitchen Pulled Pork Mac & Cheese | 350g",Coles Kitchen Pulled Pork Mac & Cheese | 350g,Coles,"Dairy, Eggs & Fridge",Ready to eat meals,Other ready meals,,$8.00,Pick any 2 for $14,,$2.29 per 100g,5586800,Macaroni in a creamy cheese sauce topped with smokey barbecue pulled pork.From our kitchen to yours. So you can experience the food of Italy at home we take durum wheat pasta and match to delicious simmered sauces before finishing with cheese. Food that is full of flavour and ready for you in minutes,,,"Per 100g/ml
Per Serving
%DI
Energy
693.80
2428.30
Protein
7.30
25.55
Total Fat
7.50
26.25
Carbohydrate
16.20
56.70
Sugars
2.70
9.45
Sodium
230.00
805.00
Saturated
4.40
15.40
Energy (Cal)
165.98
580.93
Fat
7.50
26.25
Dietary Fibre (total)
2.10
7.35
Trans
0.20
0.70
* Percentage Daily Intakes are based on an average adult diet of 8700 kJ. Your daily intakes may be higher or lower depending on your energy needs.",,https://www.coles.com.au/product/coles-kitchen-pulled-pork-mac-and-cheese-350g-5586800,,,2024-06-18T10:24:56.043755-04:00
"Ind55SColes_ADairy, Eggs & Fridge_SAReady to eat meals_IColes Meals Macaroni Cheese Bake | 350g",Coles Meals Macaroni Cheese Bake | 350g,Coles,"Dairy, Eggs & Fridge",Ready to eat meals,Italian meals & pasta,,$5.00,,,$1.43 per 100g,3166076,"Creamy cheddar, mozzarella and parmesan cheese sauce with macaroni pasta.",,,"Per 100g/ml
Per Serving
%DI
Energy
604.40
2115.40
Protein
4.60
16.10
Total Fat
6.20
21.70
Carbohydrate
16.80
58.80
Sugars
0.60
2.10
Sodium
260.00
910.00
Saturated
3.80
13.30
Energy (Cal)
144.59
506.08
Dietary Fibre (total)
1.40
4.90
Trans
0.30
1.05
* Percentage Daily Intakes are based on an average adult diet of 8700 kJ. Your daily intakes may be higher or lower depending on your energy needs.",,https://www.coles.com.au/product/coles-meals-macaroni-cheese-bake-350g-3166076,,,2024-06-18T10:25:06.932201-04:00
"Ind55SColes_ADairy, Eggs & Fridge_SAReady to eat meals_IGarlos Sausage Roll | 200g",Garlos Sausage Roll | 200g,Garlos,"Dairy, Eggs & Fridge",Ready to eat meals,Pies & pastries,,$4.80,,,$2.40 per 100g,7155559,"Garlo's Pies is an Australian owned and operated family business which opened its first pie shop in Maroubra, Sydney 2001. The name Garlo comes from the nickname of father and sons, Terry, Sean and Nathan Garlick. Terry a retired mechanic/wharfie, Sean an ex footballer with the Rabbitohs and Roosters and Nathan a master Pastry Chef and lifetime pie lover.
Heating Instructions
Convection Oven (Preferred)
Preheat oven 175C. Remove from wrapping but leave in foil tray and place on baking tray. If frozen heat for 35-45 mins. If refrigerated heat for 20-25mins
Microwave Oven (800 watt)
A microwave may be used to speed up heating time. Remove from wrapping and foil tray and wrap pie in paper towel. If frozen heat on high for 5 minutes. If refrigerated heat on high for 1 min 30 seconds. To make pastry crispy after microwaving, remove paper towel, return to foil tray and place on baking tray in convention oven for 4 minutes at 200C.",,,,,https://www.coles.com.au/product/garlos-sausage-roll-200g-7155559,,,2024-06-18T10:25:15.694868-04:00
"Ind55SColes_ADairy, Eggs & Fridge_SAReady to eat meals_IColes Perform Build Lemon & Herb Chicken | 435g",Coles Perform Build Lemon & Herb Chicken | 435g,Coles,"Dairy, Eggs & Fridge",Ready to eat meals,Other ready meals,,$10.00,Pick any 2 for $18,,$2.30 per 100g,5070987,"PerForm Lemon & Herb Chicken with chargrilled chicken pieces and a rich potato, pea and feta mash. Served with carrot batons and a creamy tomato sauce. With up to 48g protein per meal, this is perfect as a fast, nourishing protein-rich meal to complement your exercise, diet or lifestyle goals.",,,"Per 100g/ml
Per Serving
%DI
Energy
388.62
1690.50
Protein
11.10
48.29
Total Fat
2.00
8.70
Saturated Fat
1.00
4.35
Carbohydrate
6.80
29.58
Sugars
0.10
0.44
Sodium
220.00
957.00
Energy (Cal)
93
404
Dietary Fibre (total)
1.29
5.61
Trans
0.10
0.44
* Percentage Daily Intakes are based on an average adult diet of 8700 kJ. Your daily intakes may be higher or lower depending on your energy needs.",,https://www.coles.com.au/product/coles-perform-build-lemon-and-herb-chicken-435g-5070987,,,2024-06-18T10:25:26.520214-04:00
"Ind55SColes_ADairy, Eggs & Fridge_SAReady to eat meals_IColes Kitchen Chocolate Brownie Bite | 40g",Coles Kitchen Chocolate Brownie Bite | 40g,Coles,"Dairy, Eggs & Fridge",Ready to eat meals,Grab & go snacks,,$2.70,,,$6.75 per 100g,7829302,Choc Brownie Bite with a rich mousse core,,,"Per 100g/ml
Per Serving
%DI
Energy
1815.60
726.24
Protein
8.60
3.44
Total Fat
21.80
8.72
Carbohydrate
45.20
18.08
Sugars
15.40
6.16
Sodium
7.00
2.80
Saturated
13.60
5.44
Energy (Cal)
434.35
173.74
Dietary Fibre (total)
11.80
4.72
Trans
0.10
0.04
* Percentage Daily Intakes are based on an average adult diet of 8700 kJ. Your daily intakes may be higher or lower depending on your energy needs.",,https://www.coles.com.au/product/coles-kitchen-chocolate-brownie-bite-40g-7829302,,,2024-06-18T10:25:37.348399-04:00
"Ind55SColes_ADairy, Eggs & Fridge_SAReady to eat meals_IColes Kitchen Loaded Supreme Pizza | 470g",Coles Kitchen Loaded Supreme Pizza | 470g,Coles,"Dairy, Eggs & Fridge",Ready to eat meals,Pizzas,,$6.50,Pick any 2 for $12,,$1.38 per 100g,3920606,"KITCHEN INSPIRED CREATIONS From our kitchen to yours......A pizzeria experience at home. We take a stone baked base and top it with vibrant tomato sauce before finishing with pepperoni, ham, capsicum, onions, pineapple and olives. Generously topped and ready for you in minutes.",,,"Per 100g/ml
Per Serving
%DI
Energy
889.70
1040.95
Protein
9.30
10.88
Carbohydrate
26.50
31.01
Sugars
4.90
5.73
Sodium
594.00
694.98
Saturated
2.80
3.28
Energy (Cal)
212.85
249.03
Fat
7.10
8.31
Dietary Fibre (total)
2.30
2.69
Trans
0.04
0.05
* Percentage Daily Intakes are based on an average adult diet of 8700 kJ. Your daily intakes may be higher or lower depending on your energy needs.",,https://www.coles.com.au/product/coles-kitchen-loaded-supreme-pizza-470g-3920606,,,2024-06-18T10:25:49.628643-04:00
"Ind55SColes_ADairy, Eggs & Fridge_SA_IColes Pasta Sauce Tomato And Basil | 425g",Coles Pasta Sauce Tomato And Basil | 425g,Coles,"Dairy, Eggs & Fridge",,,,,,,,2877330,"Coles Pasta Sauce is made from tomato & basil. It is Ideal for pasta, pizza or a baked gnocchi dish",,,"Per 100g/ml
Per Serving
%DI
Energy
211.08
223.74
Protein
1.50
1.59
Total Fat
1.20
1.27
Carbohydrate
8.30
8.80
Sugars
4.80
5.09
Sodium
190.00
201.40
Saturated
0.20
0.21
Energy (Cal)
50.50
53.53
Dietary Fibre (total)
0.01
0.01
Trans
0.01
0.01
* Percentage Daily Intakes are based on an average adult diet of 8700 kJ. Your daily intakes may be higher or lower depending on your energy needs.",,https://www.coles.com.au/product/coles-pasta-sauce-tomato-and-basil-425g-2877330,,,2024-06-18T10:26:00.841073-04:00
"Ind55SColes_ADairy, Eggs & Fridge_SAReady to eat meals_ILatina Fresh Beef Bolognese Pasta Sauce | 425g",Latina Fresh Beef Bolognese Pasta Sauce | 425g,Latina,"Dairy, Eggs & Fridge",Ready to eat meals,Italian meals & pasta,,$7.50,,,$1.76 per 100g,5220241,"Perfect for topping pasta, Latina Fresh Beef Bolognese Pasta Sauce turns any last-minute dinner idea into something special. Fast to prepare, it's a delicious blend of ripe tomatoes and tender Australian beef with onion, olive oil, garlic and various spices. No artificial colours, flavours or preservatives.
Bolognese made with Australian Beef

No artificial colours or flavours

No preservatives

Perfect with any Latina Fresh pasta

Serves four",,,,,https://www.coles.com.au/product/latina-fresh-beef-bolognese-pasta-sauce-425g-5220241,,,2024-06-18T10:26:09.857019-04:00
"Ind55SColes_ADairy, Eggs & Fridge_SADairy, chilled & frozen_IColes Kitchen Cheese Arancini | 200g",Coles Kitchen Cheese Arancini | 200g,Coles,"Dairy, Eggs & Fridge","Dairy, chilled & frozen",Ready made meals,,$6.00,,,"$3.00 per 100g
Was $7.50 on Jun 2024",7829197,,,,"Per 100g/ml
Per Serving
%DI
Energy
1074.30
537.15
Protein
7.30
3.65
Total Fat
12.20
6.10
Carbohydrate
28.40
14.20
Sugars
0.40
0.20
Sodium
414.00
207.00
Saturated
4.20
2.10
Energy (Cal)
257.01
128.50
Dietary Fibre (total)
2.00
1.00
Trans
0.10
0.05
* Percentage Daily Intakes are based on an average adult diet of 8700 kJ. Your daily intakes may be higher or lower depending on your energy needs.",,https://www.coles.com.au/product/coles-kitchen-cheese-arancini-200g-7829197,,,2024-06-18T10:26:21.840783-04:00
