idx,name,brand,aisle,subaisle,subsubaisle,size,price,multi_price,old_price,pricePerUnit,itemNum,description,serving,img_urls,item_label,item_ingredients,url,SKU,UPC,timeStamp
"Ind56SColes_ADairy, Eggs & Fridge_SAYoghurt_IVaalia Kids Lactose Free Strawberry Yoghurt | 140g",Vaalia Kids Lactose Free Strawberry Yoghurt | 140g,Vaalia,"Dairy, Eggs & Fridge",Yoghurt,Pouch,,$1.20,,$2.40,$0.86 per 100g,1495259,"Vaalia Kids Probiotic Yoghurt Lactose Free Strawberry is made with 3 probiotics including LGG which can help strengthen the immune system*.

Full of calcium for strong bones and teeth
Protein for growing bodies'
Contains the vitamin B12 for sustained energy and concentration.
Lactose Free
Suitable for children 12+ months.

Vaalia Kids yoghurt is available in a variety of delicious flavours the kids will love, making them the perfect delicious snack to pop in the lunchbox or when your kids are on-the-go!

*LGG in Vaalia yoghurt at a daily intake of at least 1 billion CFU can strengthen the immune system in the general population. As part of a varied and healthy diet.
'Protein for normal growth and development for children 4 years and over.
LGG and BB-12 are registered trademarks of Chr. Hansen.
- Lactose Free

- LGG can help strengthen the immune system*

- Protein for growing bodies'

- Calcium for strong bones and teeth

- Vitamin B12 for sustained energy and concentration

- No artificial colours, flavours or sweeteners..

- No preservatives..

- Gluten free..",,,"Per 100g/ml
Per Serving
%DI
Energy
369kJ
517kJ
Protein
4.5g
6.3g
Total Fat
2.4g
3.4g
Saturated Fat
1.7g
2.4g
Carbohydrate
11.8g
16.5g
Sugars
9.0g
12.6g
Calcium
154 mg
216 mg
27% RDI*
Vitamin B12
0.18 ug
0.25 ug
13% RDI*
Lactose
NIL
NIL
Sodium
56mg
78mg
Monounsaturated
0g
0g
Energy (Cal)
88Cal
124Cal
Dietary Fibre (total)
0.5g
0.7g
Polyunsaturated
0g
0g
Galactose
3.0g
3.0g
Gluten
NIL
NIL
Trans
0g
0g
* Percentage Daily Intakes are based on an average adult diet of 8700 kJ. Your daily intakes may be higher or lower depending on your energy needs.",,https://www.coles.com.au/product/vaalia-kids-lactose-free-strawberry-yoghurt-140g-1495259,,,2024-06-18T01:37:41.171367-04:00
"Ind56SColes_ADairy, Eggs & Fridge_SAYoghurt_IVaalia Kids Yoghurt Pouch Honeycomb | 140g",Vaalia Kids Yoghurt Pouch Honeycomb | 140g,Vaalia,"Dairy, Eggs & Fridge",Yoghurt,Pouch,,$1.20,,$2.40,$0.86 per 100g,6733536,"Vaalia Kids Probiotic Yoghurt Honeycomb is made with 3 probiotics including LGG which can help strengthen the immune system*.

Full of calcium for strong bones and teeth
Protein for growing bodies'
Contains the vitamin B12 for sustained energy and concentration.

Vaalia Kids yoghurt is available in a variety of delicious flavours the kids will love, making them the perfect delicious snack to pop in the lunchbox or when your kids are on-the-go!


*LGG in Vaalia yoghurt at a daily intake of at least 1 billion CFU can strengthen the immune system in the general population. As part of a varied and healthy diet.
'Protein for normal growth and development for children 4 years and over.
LGG and BB-12 are registered trademarks of Chr. Hansen.
- LGG can help strengthen the immune system*

- Protein for growing bodies'

- Calcium for strong bones and teeth

- Vitamin B12 for sustained energy and concentration

- No artificial colours, flavours or sweeteners.

- No preservatives..

- Gluten free..

- Suitable for children 12+ months..",,,"Per 100g/ml
Per Serving
%DI
Energy
378kJ
529kJ
Protein
4.9g
6.8g
Total Fat
2.5g
3.5g
Saturated Fat
1.6g
2.2g
Carbohydrate
11.8g
16.6g
Sugars
9.7g
13.6g
Calcium
171 mg
239 mg
30% RDI*
Vitamin B12
0.26 ug
0.36 ug
18% RDI*
Sodium
45mg
63mg
Monounsaturated
0g
0g
Energy (Cal)
90Cal
126Cal
Dietary Fibre (total)
0g
0g
Polyunsaturated
0g
0g
Gluten
Nil
Nil
Trans
0g
0g
* Percentage Daily Intakes are based on an average adult diet of 8700 kJ. Your daily intakes may be higher or lower depending on your energy needs.",,https://www.coles.com.au/product/vaalia-kids-yoghurt-pouch-honeycomb-140g-6733536,,,2024-06-18T01:37:53.406940-04:00
"Ind56SColes_ADairy, Eggs & Fridge_SAYoghurt_IGippsland Dairy Boysenberry Twist Yoghurt | 160g",Gippsland Dairy Boysenberry Twist Yoghurt | 160g,Gippsland Dairy,"Dairy, Eggs & Fridge",Yoghurt,Single Serve,,$3.00,,,$1.88 per 100g,2745395,"Our thick, creamy yogurt is combined with an extraordinary fruit twist to create a taste so breathtaking, you'd be forgiven for going to extreme lengths to experience it.
Gippsland Dairy, The Taste Made Me Do It.",,,"Per 100g/ml
Per Serving
%DI
Energy
623kJ
997kJ
Protein
5.9g
9.4g
Total Fat
5.7g
9.1g
Saturated Fat
4.0g
6.3g
Carbohydrate
18.3g
29.4g
Sugars
16.7g
26.7g
Calcium
193mg
308mg
39%RDI*
Sodium
61mg
97mg
Energy (Cal)
149Cal
239Cal
Gluten
0mg
0mg
* Percentage Daily Intakes are based on an average adult diet of 8700 kJ. Your daily intakes may be higher or lower depending on your energy needs.",,https://www.coles.com.au/product/gippsland-dairy-boysenberry-twist-yoghurt-160g-2745395,,,2024-06-18T01:38:04.498596-04:00
"Ind56SColes_ADairy, Eggs & Fridge_SAYoghurt_IChobani Greek Yogurt Raspberry | 160g",Chobani Greek Yogurt Raspberry | 160g,Chobani,"Dairy, Eggs & Fridge",Yoghurt,Single Serve,,$2.70,,,$1.69 per 100g,5938602,"Chobani Greek Yogurt is deliciously simple. Made using just milk and cultures, which we triple strain using an authentic process so it's naturally thick and creamy, then layered onto raspberry.



Strained to be naturally thick

High in natural protein

No preservatives, artificial colours or flavours

Source of calcium

Contains Live & Active Cultures

Made in Australia",,,"Per 100g/ml
Per Serving
%DI
Energy
323kJ
517kJ
Protein
7.7g
12.4g
Total Fat
0.2g
0.3g
Saturated Fat
0.1g
0.1g
Carbohydrate
10.7g
17.1g
Sugars
10.0g
16.1g
Calcium
105mg
169mg
Sodium
31mg
50mg
Energy (Cal)
77Cal
124Cal
* Percentage Daily Intakes are based on an average adult diet of 8700 kJ. Your daily intakes may be higher or lower depending on your energy needs.",,https://www.coles.com.au/product/chobani-greek-yogurt-raspberry-160g-5938602,,,2024-06-18T01:38:15.848586-04:00
"Ind56SColes_ADairy, Eggs & Fridge_SAYoghurt_IFarmers Union No Added Sugar Kids Yogurt Pouch Vanilla | 130g",Farmers Union No Added Sugar Kids Yogurt Pouch Vanilla | 130g,Farmers Union,"Dairy, Eggs & Fridge",Yoghurt,Pouch,,$2.20,Pick any 2 for $2.60,,$1.69 per 100g,6600678,"Nourishing yoghurt for growing kids. High in Calcium, with 30% of your daily calcium needs and NO ADDED SUGAR.
- No artificial colours, flavours, sweeteners or preservatives
- Vitamin B12 to support immune health
- Probiotics (1 billion per serve)
- Iodine and vitamin B12 for brain health
- Sweetened with fruit",,,"Per 100g/ml
Per Serving
%DI
Energy
310
403
5
Protein
4.9
6.4
13
Total Fat
2.9
3.8
5
Saturated Fat
1.9
2.5
10
Carbohydrate
6.9
9
3
Sugars
6.3
8.2
9
Calcium
188
244
31
Sodium
50
65
3
Energy (Cal)
74
96
Dietary Fibre (total)
.1
.1
Vitamin B12
.32
.42
21
Iodine
28
36
24
* Percentage Daily Intakes are based on an average adult diet of 8700 kJ. Your daily intakes may be higher or lower depending on your energy needs.",,https://www.coles.com.au/product/farmers-union-no-added-sugar-kids-yogurt-pouch-vanilla-130g-6600678,,,2024-06-18T01:38:28.845988-04:00
"Ind56SColes_ADairy, Eggs & Fridge_SAYoghurt_IVaalia French Vanilla Low Fat Yoghurt | 900g",Vaalia French Vanilla Low Fat Yoghurt | 900g,Vaalia,"Dairy, Eggs & Fridge",Yoghurt,Yoghurt Tubs,,$5.50,,,$0.61 per 100g,7181195,"Get Gut Happy! Experience the goodness of Vaalia Probiotic Yoghurt, a delicious and nutritious addition to your daily routine, which is proven to boost your digestion and immunity*.

Did you know not all yoghurts contain probiotics?
Vaalia Probiotic Yoghurt is made with a carefully selected, unique blend of probiotic cultures that support your digestive system, your immune system and contribute to overall gut wellness.

Product Features and Benefits:
- 4.5 Billions of live & active cultures'
- LGG probiotic can help strengthen your immune system.* 
- BB-12 probiotic and dietary fibre for digestive support.*
- Low fat.
- Source of prebiotic dietary fibre.
- Source of protein.
- High source of calcium.

- No artificial colours.
- No preservatives.
- Gelatin free.

*As part of a varied and healthy diet, LGG and BB-12 probiotics in Vaalia yoghurt at a daily intake of at least 1 billion CFU each can strengthen the immune system and improve bowel function in the general adult population, also with dietary fibre for regularity.
'Per serve
LGG and BB-12 are registered trademarks of Chr. Hansen.
- LGG probiotic can help strengthen your immune system*

- BB-12 probiotic and dietary fibre for digestive support*

- 4.5 Billions of live & active cultures'

- Source of protein

- Source of prebiotic dietary fibre

- Low fat.

- High source of calcium.

- No artificial colours or sweeteners - No preservatives.",,,"Per 100g/ml
Per Serving
%DI
Energy
389kJ
584kJ
7%
Protein
4.6g
6.9g
14%
Total Fat
2.1g
3.2g
5%
Saturated Fat
1.3g
1.9g
8%
Carbohydrate
12.9g
19.3g
6%
Sugars
10.0g
15.0g
17%
Calcium
148 mg
222 mg
28% RDI*
Sodium
57mg
85mg
4%
Monounsaturated
0g
0g
Energy (Cal)
93Cal
139Cal
7%
Dietary Fibre (total)
1.4g
2.1g
7%
Polyunsaturated
0g
0g
Trans
0g
0g
* Percentage Daily Intakes are based on an average adult diet of 8700 kJ. Your daily intakes may be higher or lower depending on your energy needs.",,https://www.coles.com.au/product/vaalia-french-vanilla-low-fat-yoghurt-900g-7181195,,,2024-06-18T01:38:40.197832-04:00
"Ind56SColes_ADairy, Eggs & Fridge_SAYoghurt_IVaalia Reduced Fat French Vanilla Yoghurt 4x150g | 600g",Vaalia Reduced Fat French Vanilla Yoghurt 4x150g | 600g,Vaalia,"Dairy, Eggs & Fridge",Yoghurt,Multipacks,,$4.20,,$5.30,$0.70 per 100g,7021450,"Get Gut Happy! Experience the goodness of Vaalia Probiotic Yoghurt, a delicious and nutritious addition to your daily routine, which is proven to boost your digestion and immunity*. Vaalia Probiotic French Vanilla Yoghurt is a delicious probiotic yoghurt with billions of live & active cultures, no artificial colours or sweeteners and no preservatives.

 

Did you know not all yoghurts contain probiotics?

Probiotic Powerhouse: Vaalia Probiotic Yoghurt is made with a carefully selected, unique blend of probiotic cultures that support your digestive system, your immune system and contribute to overall gut wellness.

 

Whether enjoyed on its own, mixed with fruits and granola, or as a creamy base for your smoothies, Vaalia Probiotic Yogurt is a versatile delight that can be enjoyed in countless ways. Packed with protein, calcium, and other essential vitamins, it's a wholesome snack that contributes to your overall wellbeing.

 

Proudly made in Australia with 100% Australian milk.

 

*(As part of a varied and healthy diet, LGG and BB-12 probiotics in Vaalia yoghurt at a daily intake of at least 1 billion CFU each can strengthen the immune system and improve bowel function in the general adult population, also with dietary fibre for regularity.)

LGG and BB-12 are registered trademarks of Chr. Hansen.
LGG probiotic can help strengthen your immune system*

BB-12 probiotic and dietary fibre for digestive support*

No artificial colours or sweeteners

No preservatives

Source of protein

High source of calcium.

Source of dietary fibre.

Low fat.",,,"Per 100g/ml
Per Serving
%DI
Energy
389kJ
584kJ
7%
Protein
4.6g
6.9g
14%
Total Fat
2.1g
3.2g
5%
Saturated Fat
1.3g
1.9g
8%
Carbohydrate
12.9g
19.3g
6%
Sugars
10.0g
15.0g
17%
Calcium
148 mg
222 mg
28% RDI*
Sodium
57mg
85mg
4%
Monounsaturated
0g
0g
Energy (Cal)
93Cal
139Cal
7%
Dietary Fibre (total)
1.4g
2.1g
7%
Polyunsaturated
0g
0g
Trans
0g
0g
* Percentage Daily Intakes are based on an average adult diet of 8700 kJ. Your daily intakes may be higher or lower depending on your energy needs.",,https://www.coles.com.au/product/vaalia-reduced-fat-french-vanilla-yoghurt-4x150g-600g-7021450,,,2024-06-18T01:38:51.446997-04:00
"Ind56SColes_ADairy, Eggs & Fridge_SAYoghurt_IYoplait Petit Miam Blueberry Yoghurt Squeezie Pouch | 70g",Yoplait Petit Miam Blueberry Yoghurt Squeezie Pouch | 70g,Yoplait,"Dairy, Eggs & Fridge",Yoghurt,Pouch,,$1.10,Pick any 5 for $4.25,,$1.57 per 100g,8126057,"Made in Australia. 4.5 health star rating.

With no artificial colours, flavours or preservatives, Yoplait Petit Miam is an ideal snack for busy kids on the go. 

With innovative packaging to enjoy anywhere, anytime, Yoplait's nutritious yoghurt leaves behind no mess and zero dirty dishes! 

Made in Australia and available in delicious flavours including Plain, Strawberry, Mango, Blueberry, Vanilla, Banana & Fruit Salad. 

*Circana Total Business, Top 10 Brands by volume (litres 000), MAT to 26.03.23

^As part of a balanced diet. 
Yoplait Petit Miam Blueberry Yoghurt Pouch is a tasty nutritious snack for kids made with real fruit and goodness of milk

Made with live cultures and high in calcium for strong bones

It has NO artificial colours, flavours or preservatives.

Convenient on the go snack or freeze for lunch box.

Available in Strawberry, Vanilla, Blueberry, Mango, Banana and Fruit Salad flavours

Made in Victoria from at least 92% Australian ingredients.",,,"Per 100g/ml
Per Serving
%DI
Energy
307kJ
215kJ
Protein
3.4g
2.4g
Total Fat
2.3g
1.6g
Saturated Fat
1.5g
1.1g
Carbohydrate
9.6g
6.7g
Sugars
7.7g
5.4g
Calcium
207mg
145mg
Sodium
48mg
34mg
Energy (Cal)
73Cal
51Cal
* Percentage Daily Intakes are based on an average adult diet of 8700 kJ. Your daily intakes may be higher or lower depending on your energy needs.",,https://www.coles.com.au/product/yoplait-petit-miam-blueberry-yoghurt-squeezie-pouch-70g-8126057,,,2024-06-18T01:39:02.905474-04:00
"Ind56SColes_ADairy, Eggs & Fridge_SAYoghurt_IVaalia Low Fat Passionfruit Yoghurt 4 Pack | 150g",Vaalia Low Fat Passionfruit Yoghurt 4 Pack | 150g,Vaalia,"Dairy, Eggs & Fridge",Yoghurt,Multipacks,,$4.20,,$5.30,$2.80 per 100g,8009494,"Get Gut Happy! Experience the goodness of Vaalia Probiotic Yoghurt, a delicious and nutritious addition to your daily routine, which is proven to boost your digestion and immunity*. Vaalia Natural Probiotic Yoghurt is a delicious probiotic yoghurt with billions of live & active cultures, no artificial colours or sweeteners and no preservatives.

Did you know not all yoghurts contain probiotics?

Probiotic Powerhouse: Vaalia Probiotic Yoghurt is made with a carefully selected, unique blend of probiotic cultures that support your digestive system, your immune system and contribute to overall gut wellness.

Whether enjoyed on its own, mixed with fruits and granola, or as a creamy base for your smoothies, Vaalia Probiotic Yogurt is a versatile delight that can be enjoyed in countless ways. Packed with protein, calcium, and other essential vitamins, it's a wholesome snack that contributes to your overall wellbeing.

- Billions of live & active cultures
- No artificial colours or sweeteners.
- No preservatives.
- Source of protein.
- High source of calcium.
- Source of dietary fibre.
- Low fat.
- Gelatin free.

*As part of a varied and healthy diet, LGG and BB-12 probiotics in Vaalia yoghurt at a daily intake of at least 1 billion CFU each can strengthen the immune system and improve bowel function in the general adult population, also with dietary fibre for regularity.
LGG and BB-12 are registered trademarks of Chr. Hansen.
LGG probiotic can help strengthen your immune system*

BB-12 probiotic and dietary fibre for digestive support*

No artificial colours or sweeteners

No preservatives

Source of protein

High source of calcium.

Source of dietary fibre.

Low fat.",,,"Per 100g/ml
Per Serving
%DI
Energy
396kJ
593kJ
7%
Protein
4.5g
6.8g
14%
Total Fat
2.1g
3.1g
4%
Saturated Fat
1.3g
2.0g
8%
Carbohydrate
13.3g
20.0g
6%
Sugars
11.2g
16.8g
19%
Calcium
133 mg
200 mg
25% RDI*
Sodium
70mg
105mg
5%
Monounsaturated
0g
0g
0%
Energy (Cal)
94Cal
142Cal
7%
Dietary Fibre (total)
1.9g
2.9g
10%
Polyunsaturated
0g
0g
0%
Trans
0g
0g
0%
* Percentage Daily Intakes are based on an average adult diet of 8700 kJ. Your daily intakes may be higher or lower depending on your energy needs.",,https://www.coles.com.au/product/vaalia-low-fat-passionfruit-yoghurt-4-pack-150g-8009494,,,2024-06-18T01:39:14.173683-04:00
"Ind56SColes_ADairy, Eggs & Fridge_SAYoghurt_IDairy Farmers Thick & Creamy Yoghurt Pineapple Passionfruit | 140g",Dairy Farmers Thick & Creamy Yoghurt Pineapple Passionfruit | 140g,Dairy Farmers,"Dairy, Eggs & Fridge",Yoghurt,Single Serve,,$1.30,,$2.60,$0.93 per 100g,6621394,Dairy Farmers Thick & Creamy Queensland Pineapple & Passionfruit is yoghurt with fruit. Proudly Australian.,,,,"Milk, Milk Solids, Cream (Milk), Water, Sugar, Pineapple (2.6%) (Juice, Pulp), Skim Milk, Passionfruit Juice (1.5%), Brown Sugar, Thickener (Modified Starch), Natural Flavours, Natural Colour (Carthamus Extract), Lemon Juice Concentrate, Live Yoghurt Cultures (Milk): S. Thermophilus, B. Lactis, L. Acidophilus, L. Bulgaricus.",https://www.coles.com.au/product/dairy-farmers-thick-and-creamy-yoghurt-pineapple-passionfruit-140g-6621394,,,2024-06-18T01:39:23.183120-04:00
"Ind56SColes_ADairy, Eggs & Fridge_SAYoghurt_IJalna A2 Protein Yoghurt Natural | 170g",Jalna A2 Protein Yoghurt Natural | 170g,Jalna,"Dairy, Eggs & Fridge",Yoghurt,Single Serve,,$2.20,,$2.80,$1.29 per 100g,7654479,"3 Live Cultures
S. thermophilus, L. bulgaricus, Bifidobacterium
Free From: Gluten, Gelatine, Thickeners, Preservatives, Artificial Colours, Artificial Flavours and Artificial Sweeteners.",,,"Per 100g/ml
Per Serving
%DI
Energy
280kJ
476kJ
Protein
3.1g
5.3g
Total Fat
3.5g
6g
Saturated Fat
2.6g
4.4g
Carbohydrate
4g
6.8g
Sugars
3.8g
6.5g
Calcium
115mg
196mg
25%
Sodium
35mg
60mg
Dietary Fibre (total)
2.3g
3.9g
Gluten
Undetected
Undetected
* Percentage Daily Intakes are based on an average adult diet of 8700 kJ. Your daily intakes may be higher or lower depending on your energy needs.",,https://www.coles.com.au/product/jalna-a2-protein-yoghurt-natural-170g-7654479,,,2024-06-18T01:39:34.480436-04:00
"Ind56SColes_ADairy, Eggs & Fridge_SAYoghurt_IYoPro Yoghurt Pouch Banana | 150g",YoPro Yoghurt Pouch Banana | 150g,YoPro,"Dairy, Eggs & Fridge",Yoghurt,Pouch,,$2.20,,$3.00,$1.47 per 100g,4346255,"YoPRO is a protein brand looking to fuel athletes and amateurs alike using the best quality ingredients and in the most natural way possible.
High Protein

0 added sugar

0 artificial sweeteners

0 artificial flavours or artificial colours

0 gelatine

Pouch.

Convenient.",,,"Per 100g/ml
Per Serving
%DI
Energy
250kj
375kJ
Protein
10.0g
15.0g
Total Fat
0.3g
0.5g
Saturated Fat
0.2g
0.3g
Carbohydrate
4.0g
6.0g
Sugars
3.7g
5.6g
Calcium
123mg
185mg
23.00%
Sodium
42mg
63mg
Energy (Cal)
60Cal
90Cal
* Percentage Daily Intakes are based on an average adult diet of 8700 kJ. Your daily intakes may be higher or lower depending on your energy needs.",,https://www.coles.com.au/product/yopro-yoghurt-pouch-banana-150g-4346255,,,2024-06-18T01:39:45.739961-04:00
"Ind56SColes_ADairy, Eggs & Fridge_SAYoghurt_IBulla Creamy Australian Style Yoghurt Strawberry | 160g",Bulla Creamy Australian Style Yoghurt Strawberry | 160g,Bulla,"Dairy, Eggs & Fridge",Yoghurt,Single Serve,,$2.40,,,$1.50 per 100g,5325410,"Made using fresh Australian milk and cream, Bulla strawberry flavoured yoghurt is made using Australian grown fruit and Australian grown yoghurt cultures.-Made with fresh Aussie milk and Aussie strawberries-Contains live & active Australian grown yoghurt Cultures-Smooth and creamy texture-Source of calcium -No preservatives-No artificial colours or flavours -Australian made and owned You can't fake the six generations of experience that's gone into crafting Bulla Australian Style Yoghurt. The combination of Australian cultures and fresh Aussie milk make for a deliciously smooth yoghurt for all the family to enjoy. Bulla Australian Style Yoghurt's packaging is 100% recyclable and sourced in Australia from local packaging suppliers.",,,"Per 100g/ml
Per Serving
%DI
Energy
525kJ
840kJ
10%
Protein
5.5g
8.8g
18%
Total Fat
6.2g
9.9g
14%
Saturated Fat
4.2g
6.7g
28%
Carbohydrate
11.9g
19g
6%
Sugars
11g
17.6g
20%
Calcium
187mg
299mg
37%
Sodium
53mg
85mg
4%
* Percentage Daily Intakes are based on an average adult diet of 8700 kJ. Your daily intakes may be higher or lower depending on your energy needs.",,https://www.coles.com.au/product/bulla-creamy-australian-style-yoghurt-strawberry-160g-5325410,,,2024-06-18T01:39:56.940312-04:00
"Ind56SColes_ADairy, Eggs & Fridge_SAYoghurt_IGippsland Dairy Passionfruit Twist Yoghurt | 160g",Gippsland Dairy Passionfruit Twist Yoghurt | 160g,Gippsland Dairy,"Dairy, Eggs & Fridge",Yoghurt,Single Serve,,$3.00,,,$1.88 per 100g,9907994,"From the moment the lid opens, an intense passionfruit experience starts. First the aroma, then the tart flavour, finished with the crunch of seeds. This is one for all passionfruit lovers.",,,"Per 100g/ml
Per Serving
%DI
Energy
608kJ
972kJ
Protein
6.0g
9.6g
Total Fat
5.7g
9.1g
Saturated Fat
4.0g
6.3g
Carbohydrate
17.0g
27.2g
Sugars
15.4g
24.6g
Calcium
192mg
38.0%
Sodium
57mg
91mg
Energy (Cal)
145Cal
233Cal
* Percentage Daily Intakes are based on an average adult diet of 8700 kJ. Your daily intakes may be higher or lower depending on your energy needs.",,https://www.coles.com.au/product/gippsland-dairy-passionfruit-twist-yoghurt-160g-9907994,,,2024-06-18T01:40:08.995199-04:00
"Ind56SColes_ADairy, Eggs & Fridge_SAYoghurt_IChobani No Sugar Added Yogurt Pouch Vanilla | 100g",Chobani No Sugar Added Yogurt Pouch Vanilla | 100g,Chobani,"Dairy, Eggs & Fridge",Yoghurt,Pouch,,$2.00,Pick any 4 for $6,,$2.00 per 100g,7650208,"Using only natural ingredients, Chobani No Sugar Added pouches are a delicious healthy snack for little kids.  7g of natural natural protein, a source of calcium, 1 billion probiotics and lactose free.
No Sugar Added

Only Natural Ingredients

Made with Fresh Australian Milk

No Sweeteners Added

Source of Calcium

1 Billion Probiotics.

7g of Natural Protein.

Lactose Free.",,,"Per 100g/ml
Per Serving
%DI
Energy
332
332
Protein
7.0g
7.0g
Total Fat
3.5g
3.5g
Saturated Fat
2.2g
2.2g
Carbohydrate
4.9g
4.9g
Sugars
3.1g
3.1g
Calcium
96mg
96mg
12%
Sodium
30mg
30mg
Energy (Cal)
80
80
Dietary Fibre (total)
0.1g
0.1g
* Percentage Daily Intakes are based on an average adult diet of 8700 kJ. Your daily intakes may be higher or lower depending on your energy needs.",,https://www.coles.com.au/product/chobani-no-sugar-added-yogurt-pouch-vanilla-100g-7650208,,,2024-06-18T01:40:20.499748-04:00
"Ind56SColes_ADairy, Eggs & Fridge_SAYoghurt_ICocobella Dairy Free Vanilla Coconut Yoghurt | 500g",Cocobella Dairy Free Vanilla Coconut Yoghurt | 500g,Cocobella,"Dairy, Eggs & Fridge",Yoghurt,Dairy Free,,$4.50,,$6.00,$0.90 per 100g,3246415,"At Cocobella, we source only the best quality coconut straight from paradise where the coconuts are grown. The delicious white coconut is pressed to make coconut milk which we deliberately ferment with live yoghurt cultures and probiotics, creating a naturally dairy-free yoghurt. Cocobella Coconut Yoghurt can be enjoyed on it's own as a snack or topped onto your breakfast to fuel your day. Dairy-free Thick and creamy texture Live cultures and probiotics Free from gluten and lactose Vegan friendly No preservatives, artificial colours or flavours",,,"Per 100g/ml
Per Serving
%DI
Energy
564kJ
705kJ
Protein
0.8g
1g
Total Fat
8.4g
10.4g
Saturated Fat
7.5g
9.4g
Carbohydrate
11.4g
14.3g
Sugars
5.5g
6.9g
Sodium
14mg
17mg
* Percentage Daily Intakes are based on an average adult diet of 8700 kJ. Your daily intakes may be higher or lower depending on your energy needs.",,https://www.coles.com.au/product/cocobella-dairy-free-vanilla-coconut-yoghurt-500g-3246415,,,2024-06-18T01:40:31.773778-04:00
"Ind56SColes_ADairy, Eggs & Fridge_SAYoghurt_IYoGo Choc Rock 12 pack | 100g",YoGo Choc Rock 12 pack | 100g,YoGo,"Dairy, Eggs & Fridge",Yoghurt,Multipacks,,$7.00,,$8.00,$0.58 per 100g,5740445,"Great Tasting Nutrition

- No artificial colours, flavours or preservatives
- Natural source of calcium
- Goodness of milk
- Low fat
Delicious chocolate flavour

Makes a perfect treat",,,"Per 100g/ml
Per Serving
%DI
Energy
446kJ
446kJ
Protein
3.2g
3.2g
Total Fat
2.9g
2.9g
Saturated Fat
1.9g
1.9g
Carbohydrate
16.5g
16.5g
Sugars
13.0g
13.0g
Calcium
109mg
109mg
14% RDI*
Sodium
75mg
75mg
Energy (Cal)
106Cal
106Cal
Dietary Fibre (total)
0.4g
0.4g
* Percentage Daily Intakes are based on an average adult diet of 8700 kJ. Your daily intakes may be higher or lower depending on your energy needs.",,https://www.coles.com.au/product/yogo-choc-rock-12-pack-100g-5740445,,,2024-06-18T01:40:44.538712-04:00
"Ind56SColes_ADairy, Eggs & Fridge_SAYoghurt_IJalna Pot Set Coconut Yoghurt | 1kg",Jalna Pot Set Coconut Yoghurt | 1kg,Jalna,"Dairy, Eggs & Fridge",Yoghurt,Yoghurt Tubs,,$8.30,,,$0.83 per 100g,2235480,"We believe nature got it right. For over 60 years, we've made yoghurt the traditional, natural way in our special pots. We start with fresh milk and cream from Aussie dairy farms, add all-natural ingredients, then with a little time and a great deal of care we create uniquely thick and delicious pot set yoghurt.
Put a little bit of paradise into everyday with our Greek Sweet & Creamy Coconut flavoured yoghurt. Made with our award-winning Greek Yoghurt in the natural pot set way, it combines the perfect balance of natural coconut flavour and creamy texture. Wonderfully delicious on its own, add a spoonful to seasonal fruits or scoop into a smoothie.
100% All Natural
3 culture strains
Free from: Gluten, Gelatine, Thickeners, Preservatives, Artificial Colours, Artificial Flavours and Artificial Sweeteners
Australian Made",,,"Per 100g/ml
Per Serving
%DI
Energy
544kJ
544kJ
0%
Protein
4.2g
4.2g
0%
Total Fat
9.1g
9.1g
0%
Saturated Fat
6.1g
6.1g
0%
Carbohydrate
8.6g
8.6g
0%
Sugars
8.3g
8.3g
0%
Calcium
85mg
85mg
11%
Sodium
54mg
54mg
0%
Dietary Fibre (total)
0g
0g
0%
* Percentage Daily Intakes are based on an average adult diet of 8700 kJ. Your daily intakes may be higher or lower depending on your energy needs.",,https://www.coles.com.au/product/jalna-pot-set-coconut-yoghurt-1kg-2235480,,,2024-06-18T01:40:55.615281-04:00
"Ind56SColes_ADairy, Eggs & Fridge_SAYoghurt_ISiggi's 4% Black Cherry Yoghurt | 125g",Siggi's 4% Black Cherry Yoghurt | 125g,Siggis,"Dairy, Eggs & Fridge",Yoghurt,Single Serve,,$1.60,,$2.00,$1.28 per 100g,6625522,"At siggi's we make yoghurts with simple ingredients and not a lot of sugar. Siggi's Black Cherry Yoghurt is an all natural, high protein yoghurt that contains no artificial colours and no preservatives

 

HIGH PROTEIN: siggi's Black Cherry Yoghurt has more protein than sugar - making for a quick breakfast, nutritious snack, or afternoon pick-me-up.

 

What is SKYR? Skyr is a thick, creamy yogurt that has its origins in Icelandic cuisine. Skyr is made from skim milk that has been strained to remove whey, resulting in a thick and protein-rich yogurt with a smooth and creamy consistency.

 

CRAFTED WITH LESS: Our products do not contain any artificial colours, flavours, sweeteners or high fructose corn syrup.
All natural

No aspartame

No gluten

No preservatives

No stevia

No sucralose.

No artificial colours.",,,"Per 100g/ml
Per Serving
%DI
Energy
425kJ
531kJ
Protein
9.1g
11.4g
Total Fat
3.6g
4.5g
Saturated Fat
2.5g
3.1g
Carbohydrate
8.1g
10.1g
Sugars
8.0g
10g
Sodium
37g
46g
Energy (Cal)
102Cal
127Cal
Dietary Fibre (total)
0.1g
* Percentage Daily Intakes are based on an average adult diet of 8700 kJ. Your daily intakes may be higher or lower depending on your energy needs.",,https://www.coles.com.au/product/siggi's-4percent-black-cherry-yoghurt-125g-6625522,,,2024-06-18T01:41:07.473491-04:00
"Ind56SColes_ADairy, Eggs & Fridge_SAYoghurt_IFarmers Union No Added Sugar Kids Yogurt Pouch Banana | 130g",Farmers Union No Added Sugar Kids Yogurt Pouch Banana | 130g,Farmers Union,"Dairy, Eggs & Fridge",Yoghurt,Pouch,,$2.20,Pick any 2 for $2.60,,$1.69 per 100g,6601310,"Nourishing yoghurt for growing kids. High in Calcium, with 30% of your daily calcium needs and NO ADDED SUGAR.
- No artificial colours, flavours, sweeteners or preservatives
- Vitamin B12 to support immune health
- Probiotics (1 billion per serve)
- Iodine and vitamin B12 for brain health
- Sweetened with fruit
High in Calcium",,,"Per 100g/ml
Per Serving
%DI
Energy
319
415
5
Protein
4.9
6.4
13
Total Fat
2.9
3.8
5
Saturated Fat
1.9
2.5
10
Carbohydrate
7.3
9.5
3
Sugars
6.9
9
10
Calcium
188
244
31
Sodium
50
65
3
Energy (Cal)
76
99
Dietary Fibre (total)
0.1
0.1
Vitamin B12
.32
.42
21
Iodine
31
4.
27
* Percentage Daily Intakes are based on an average adult diet of 8700 kJ. Your daily intakes may be higher or lower depending on your energy needs.",,https://www.coles.com.au/product/farmers-union-no-added-sugar-kids-yogurt-pouch-banana-130g-6601310,,,2024-06-18T01:41:19.307534-04:00
"Ind56SColes_ADairy, Eggs & Fridge_SAYoghurt_IGippsland Dairy Blueberry Twist Yoghurt | 700g",Gippsland Dairy Blueberry Twist Yoghurt | 700g,Gippsland Dairy,"Dairy, Eggs & Fridge",Yoghurt,Yoghurt Tubs,,$5.50,,$7.90,$0.79 per 100g,6941577,"Our thick, creamy yogurt is combined with an extraordinary fruit twist to create a taste so breathtaking, you'd be forgiven for going to extreme lengths to experience it.
Gippsland Dairy, The Taste Made Me Do It.",,,"Per 100g/ml
Per Serving
%DI
Energy
607kJ
531kJ
Protein
5.9g
5.1g
Total Fat
5.7g
5.0g
Saturated Fat
4.0g
3.5g
Carbohydrate
17.4g
15.2g
Sugars
15.9g
13.9g
Calcium
192mg
168mg
21% RDI*
Sodium
55mg
49mg
Energy (Cal)
145Cal
127Cal
Gluten
0mg
0mg
* Percentage Daily Intakes are based on an average adult diet of 8700 kJ. Your daily intakes may be higher or lower depending on your energy needs.",,https://www.coles.com.au/product/gippsland-dairy-blueberry-twist-yoghurt-700g-6941577,,,2024-06-18T01:41:30.998427-04:00
"Ind56SColes_ADairy, Eggs & Fridge_SAYoghurt_IChobani Greek Yogurt Coconut | 160g",Chobani Greek Yogurt Coconut | 160g,Chobani,"Dairy, Eggs & Fridge",Yoghurt,Single Serve,,$2.70,,,$1.69 per 100g,5938624,"Chobani Greek Yogurt is deliciously simple. Made using just milk and cultures, which we triple strain using an authentic process so it's naturally thick and creamy, then layered onto coconut.



Strained to be naturally thick

High in natural protein

No preservatives, artificial colours or flavours

Source of calcium

Contains Live & Active Cultures

Made in Australia",,,"Per 100g/ml
Per Serving
%DI
Energy
362kJ
579kJ
Protein
7.8g
12.4g
Total Fat
1.3g
2.2g
Saturated Fat
1.1g
1.8g
Carbohydrate
10.4g
16.6g
Sugars
9.8g
15.6g
Calcium
99mg
158mg
Sodium
35mg
57mg
Energy (Cal)
87Cal
139Cal
* Percentage Daily Intakes are based on an average adult diet of 8700 kJ. Your daily intakes may be higher or lower depending on your energy needs.",,https://www.coles.com.au/product/chobani-greek-yogurt-coconut-160g-5938624,,,2024-06-18T01:41:42.573701-04:00
"Ind56SColes_ADairy, Eggs & Fridge_SAYoghurt_IQueensland Yoghurt Company Lemon Myrtle Yoghurt | 250g",Queensland Yoghurt Company Lemon Myrtle Yoghurt | 250g,Queensland Yoghurt Company,"Dairy, Eggs & Fridge",Yoghurt,Single Serve,,$3.00,,$3.40,$1.20 per 100g,7324281,"Queensland Yoghurt Company Lemon Myrtle and Macadamia, 250g. Lemon-Myrtle & MacadamiaThe flavour of lemon-myrtle is distinctly lemony and tangy with a note of lime which lingers pleasantly on the palate. Our unique blend of lemon-myrtle with a scattering of crushed macadamia provides a taste sensation reminiscent of the Australian bush. Great for any occasion; breakfast, lunch, snack or dessert, this decadent yoghurt is a multiple award winner and once your tastebuds savour the flavour you will understand why.",,,"Per 100g/ml
Per Serving
%DI
Energy
513kJ
513kJ
Protein
5g
5g
Total Fat
5g
5g
Saturated Fat
3.5g
3.5g
Carbohydrate
12g
12g
Sugars
10g
10g
Sodium
62mg
62mg
* Percentage Daily Intakes are based on an average adult diet of 8700 kJ. Your daily intakes may be higher or lower depending on your energy needs.",,https://www.coles.com.au/product/queensland-yoghurt-company-lemon-myrtle-yoghurt-250g-7324281,,,2024-06-18T01:41:53.736603-04:00
"Ind56SColes_ADairy, Eggs & Fridge_SAYoghurt_IChobani No Sugar Added Yogurt Mixed Berry | 150g",Chobani No Sugar Added Yogurt Mixed Berry | 150g,Chobani,"Dairy, Eggs & Fridge",Yoghurt,Single Serve,,$2.70,,,$1.80 per 100g,5937585,"Chobani Greek Yogurt is deliciously simple. Made with just milk and cultures, our yogurt is strained so it's naturally thick and creamy. We then blend it with mixed berries, for the perfect everyday snack.



Contains One Billion Probiotics

High in natural protein

No sweeteners added

No preservatives, artificial colours or flavours

Source of calcium

Made in Australia",,,"Per 100g/ml
Per Serving
%DI
Energy
329kJ
493kJ
Protein
7.0g
10.5g
Total Fat
3.5g
5.3g
Saturated Fat
2.2g
3.3g
Carbohydrate
4.5g
6.8g
Sugars
3.3g
4.9g
Calcium
104mg
156mg
19% RDI*
Sodium
28mg
43mg
Energy (Cal)
79Cal
118Cal
Dietary Fibre (total)
0.2g
0.4g
* Percentage Daily Intakes are based on an average adult diet of 8700 kJ. Your daily intakes may be higher or lower depending on your energy needs.",,https://www.coles.com.au/product/chobani-no-sugar-added-yogurt-mixed-berry-150g-5937585,,,2024-06-18T01:42:06.288349-04:00
"Ind56SColes_ADairy, Eggs & Fridge_SAYoghurt_IColes Greek Style Yoghurt 6 Pack | 750g",Coles Greek Style Yoghurt 6 Pack | 750g,Coles,"Dairy, Eggs & Fridge",Yoghurt,Yoghurt Tubs,,$5.50,,,$0.73 per 100g,3890877,No Added Sugar 2 x Vanilla Flavoured 2 x Strawberry 2 x Mango,,,"Per 100g/ml
Per Serving
%DI
Energy
291.06
363.83
Protein
5.06
6.33
Total Fat
1.65
2.06
Carbohydrate
8.30
10.38
Sugars
6.60
8.25
Calcium
175.00
218.75
Sodium
54.00
67.50
Saturated
1.10
1.38
Energy (Cal)
69.63
87.04
Dietary Fibre (total)
0.90
1.13
* Percentage Daily Intakes are based on an average adult diet of 8700 kJ. Your daily intakes may be higher or lower depending on your energy needs.",,https://www.coles.com.au/product/coles-greek-style-yoghurt-6-pack-750g-3890877,,,2024-06-18T01:42:20.688622-04:00
"Ind56SColes_ADairy, Eggs & Fridge_SAYoghurt_IChobani Fit High Protein Greek Yogurt Natural | 680g",Chobani Fit High Protein Greek Yogurt Natural | 680g,Chobani,"Dairy, Eggs & Fridge",Yoghurt,Yoghurt Tubs,,$7.50,,,$1.10 per 100g,7650263,"Train fit with Chobani Fit yogurt with high quality protein, no added sugar and 9 essential amino acids.

5 Star Health Rating

16g of Natural Protein per serve

9 Essential Amino Acids

No Added Sugar or Artificial Sweeteners

Lactose Free Greek Yogurt

5 Star Heath Rating

Less than 0.5% Fat per serve",,,"Per 100g/ml
Per Serving
%DI
Energy
247
395
Protein
10.1
16.2
Total Fat
0.2
0.3
Saturated Fat
0.1
0.2
Carbohydrate
4.0
6.4
Sugars
3.3
5.3
Calcium
116
186
23
Sodium
36
58
Energy (Cal)
59
95
Dietary Fibre (total)
0.0
* Percentage Daily Intakes are based on an average adult diet of 8700 kJ. Your daily intakes may be higher or lower depending on your energy needs.",,https://www.coles.com.au/product/chobani-fit-high-protein-greek-yogurt-natural-680g-7650263,,,2024-06-18T01:42:32.075097-04:00
"Ind56SColes_ADairy, Eggs & Fridge_SAYoghurt_IJalna Greek Yoghurt Lactose Free | 170g",Jalna Greek Yoghurt Lactose Free | 170g,Jalna,"Dairy, Eggs & Fridge",Yoghurt,Yoghurt Tubs,,$2.80,,,$1.65 per 100g,5939570,"We believe nature got it right. For over 60 years, we've made yoghurt the traditional, natural way in our special pots. We start with fresh milk from Aussie dairy farms, add all-natural ingredients, then with a little time and a great deal of care we create uniquely thick and delicious pot set yoghurt.
Now everybody can enjoy our delicious yoghurt with the Jalna Lactose Free Range. Giving you the goodness of dairy like calcium, protein and probiotic benefits, but without any lactose. It's perfect for lactose sensitive tummies and it tastes delicious, plus it's FODMAP friendly.
Delightful in a bowl by itself or on fresh fruit, it's a delicious yoghurt the whole family will enjoy, made the traditional pot set way.
It comes in 1kg Greek, Natural and Vanilla.
100% All Natural
5 culture strains
Free from: Gluten, Gelatine, Thickeners, Preservatives, Artificial Colours, Artificial Flavours and Artificial Sweeteners
Australian Made",,,"Per 100g/ml
Per Serving
%DI
Energy
513kJ
513kJ
0%
Protein
3.7g
3.7g
0%
Total Fat
10.4g
10.4g
0%
Saturated Fat
7.6g
7.6g
0%
Carbohydrate
3.9g
3.9g
0%
Sugars
3g
3g
0%
Calcium
124mg
124mg
15%
Sodium
36mg
36mg
0%
Dietary Fibre (total)
0g
0g
0%
* Percentage Daily Intakes are based on an average adult diet of 8700 kJ. Your daily intakes may be higher or lower depending on your energy needs.",,https://www.coles.com.au/product/jalna-greek-yoghurt-lactose-free-170g-5939570,,,2024-06-18T01:42:44.094456-04:00
"Ind56SColes_ADairy, Eggs & Fridge_SAYoghurt_IJalna Pot Set Greek Style Natural Yoghurt | 2kg",Jalna Pot Set Greek Style Natural Yoghurt | 2kg,Jalna,"Dairy, Eggs & Fridge",Yoghurt,Yoghurt Tubs,,$12.60,,,"$0.63 per 100g
Was $14.00 on Oct 2023",5763167,"We believe nature got it right. For over 60 years, we've made yoghurt the traditional, natural way in our special pots. We start with fresh milk and cream from Aussie dairy farms, add all-natural ingredients, then with a little time and a great deal of care we create uniquely thick and delicious pot set yoghurt.
With only 3 natural ingredients, our award winning all-natural Greek Yoghurt is made without the need for stabilisers. Fresh milk and a generous amount of cream is fermented with live cultures to produce a full-bodied, smooth yoghurt with the perfect amount of tang.
With a uniquely thick and creamy texture, it is delicious straight off the spoon, served with fruit, or as a versatile ingredient when cooking.
100% All Natural
3 culture strains
Free from: Gluten, Gelatine, Thickeners, Preservatives, Artificial Colours, Artificial Flavours and Artificial Sweeteners
Australian Made",,,"Per 100g/ml
Per Serving
%DI
Energy
540kJ
540kJ
0%
Protein
3.8g
3.8g
0%
Total Fat
10g
10g
0%
Saturated Fat
7.1g
7.1g
0%
Carbohydrate
6.1g
6.1g
0%
Sugars
4.8g
4.8g
0%
Calcium
130mg
130mg
16%
Sodium
78mg
78mg
0%
Dietary Fibre (total)
0g
0g
0%
* Percentage Daily Intakes are based on an average adult diet of 8700 kJ. Your daily intakes may be higher or lower depending on your energy needs.",,https://www.coles.com.au/product/jalna-pot-set-greek-style-natural-yoghurt-2kg-5763167,,,2024-06-18T01:42:55.526906-04:00
"Ind56SColes_ADairy, Eggs & Fridge_SAYoghurt_ISiggi's Yoghurt Pouch Vanilla | 150g",Siggi's Yoghurt Pouch Vanilla | 150g,Siggis,"Dairy, Eggs & Fridge",Yoghurt,Pouch,,$2.50,,,$1.67 per 100g,7671693,"siggi's. Simple ingredients, not a lot of sugar (at least 25% less sugar than the average of the top 3 leading fruit yoghurt brands: Siggi's at 7-9 vs. 10-16g per 100g). 

At Siggi's, we make yoghurts that have simple and natural ingredients. Our products are based on Icelandic dairy traditions such as skyr, the traditional Icelandic yoghurt. Also, our products don't contain any artificial sweeteners and are made using milk from Australian farms. I hope you enjoy. 

Siggi. 
All natural.

No aspartame.

No gluten.

No preservatives.

No stevia.

No sucralose..

No artificial colours..",,,"Per 100g/ml
Per Serving
%DI
Energy
316kJ
474kJ
Protein
9.5g
14.2g
Total Fat
0.3g
0.4g
Saturated Fat
0.2g
0.3g
Carbohydrate
7.8g
11.7g
Sugars
6.9g
10.3g
Calcium
113 mg
170 mg
21% RDI^
Sodium
38mg
57mg
Monounsaturated
0g
0g
Energy (Cal)
76Cal
113Cal
Dietary Fibre (total)
0.1g
0.2g
Polyunsaturated
0g
0g
Gluten
Nil
Nil
Trans
0g
0g
* Percentage Daily Intakes are based on an average adult diet of 8700 kJ. Your daily intakes may be higher or lower depending on your energy needs.",,https://www.coles.com.au/product/siggi's-yoghurt-pouch-vanilla-150g-7671693,,,2024-06-18T01:43:07.737829-04:00
"Ind56SColes_ADairy, Eggs & Fridge_SAYoghurt_IDairy Farmers Thick & Creamy Strawberry Yoghurt | 150g",Dairy Farmers Thick & Creamy Strawberry Yoghurt | 150g,Dairy Farmers,"Dairy, Eggs & Fridge",Yoghurt,Single Serve,,$1.30,,$2.60,$0.87 per 100g,1198468,"Proudly working with farming communities to create high quality and nutritious dairy products. Australian made, owned and loved, Dairy Farmers yoghurt has been proudly nourishing Australian families since 1900. 

Enjoy delicious Dairy Farmers Yoghurt with breakfast, as a protein snack or even for dessert!

No artificial colours, flavours or preservatives 
 Gelatine free
Source of calcium and protein

Illustrations by Carla Ellis
Made with the generosity of the country, Dairy Farmers yoghurt is made with real and luscious fruit stirred through full cream milk and creamy yoghurt.

It's made with with yoghurt cultures, has no artificial colours and flavours or preservatives, and is gelatine free.

It's a source of calcium and protein.

It's available in both the 150 gms and 600 gms pack size and can be enjoyed with breakfast, as a snack or for dessert.

It's made in Victoria, Australia.

Proudly Australian Made & Owned.",,,"Per 100g/ml
Per Serving
%DI
Energy
475kJ
713kJ
8%
Protein
3.6g
5.4g
11%
Total Fat
6.3g
9.5g
14%
Saturated Fat
4.1g
6.2g
26.00%
Carbohydrate
10.6g
15.9g
5%
Sugars
10.3g
15.5g
17%
Calcium
137mg
206mg
Sodium
39mg
59mg
3%
Monounsaturated
0
0
0
Energy (Cal)
113Cal
170Cal
Dietary Fibre (total)
0.2g
0.3g
1%
Polyunsaturated
0
0
0
Gluten
0mg
0mg
Trans
0
0
0
* Percentage Daily Intakes are based on an average adult diet of 8700 kJ. Your daily intakes may be higher or lower depending on your energy needs.",,https://www.coles.com.au/product/dairy-farmers-thick-and-creamy-strawberry-yoghurt-150g-1198468,,,2024-06-18T01:43:19.260373-04:00
"Ind56SColes_ADairy, Eggs & Fridge_SAYoghurt_IPauls Kids Custard Pouch Bluey Banana | 70g",Pauls Kids Custard Pouch Bluey Banana | 70g,Pauls,"Dairy, Eggs & Fridge",Yoghurt,Pouch,,$1.50,,$1.90,$2.14 per 100g,5295455,"Enjoy snack time with Bluey!
Pauls Bluey Banana Custard is a delicious, perfectly portioned snack, ready to enjoy on the go.
With dairy goodness for growing kids, Pauls Kids custard contains no preservatives and no artificial colours. It's a great source of calcium, is low in fat and is gluten-free.
Perfect for lunch boxes, snack time, or a quick pick-me-up, our custard pouches are a convenient and tasty addition to any day.
- Source of calcium
- Low in Fat
- No artificial colours
- No preservatives
- Squeezable
- No Spoon Required

BLUEY TM and BLUEY character logos TM & Â© Ludo Studio Pty Ltd 2023
Source of calcium

Low in fat

No artificial colours

No preservatives",,,"Per 100g/ml
Per Serving
%DI
Energy
385
270
Protein
3.4g
2.4g
Total Fat
1.7g
1.2g
Saturated Fat
1.1g
0.8g
Carbohydrate
15.4g
10.9g
Sugars
13.0g
9.1g
Calcium
115mg
80mg
10%
Sodium
66mg
46mg
Monounsaturated
0g
0g
Energy (Cal)
92
64
Dietary Fibre (total)
0g
0g
Polyunsaturated
0g
0g
Trans
0g
0g
* Percentage Daily Intakes are based on an average adult diet of 8700 kJ. Your daily intakes may be higher or lower depending on your energy needs.",,https://www.coles.com.au/product/pauls-kids-custard-pouch-bluey-banana-70g-5295455,,,2024-06-18T01:43:31.139080-04:00
"Ind56SColes_ADairy, Eggs & Fridge_SAYoghurt_ITamar Valley The Creamery Yoghurt Vanilla Bean | 170g",Tamar Valley The Creamery Yoghurt Vanilla Bean | 170g,Tamar Valley,"Dairy, Eggs & Fridge",Yoghurt,Single Serve,,$2.90,,,$1.71 per 100g,7675173,"There's nowhere quite as pure and natural as the rolling hills of Tasmania.
We believe Tasmania's pristine environment is the perfect place to source milk for our delicious, thick and creamy yoghurt. 
Our yoghurts are made with natural ingredients, real vanilla bean and fresh Tasmanian milk. Just pure and simple goodness - nothing else. 
Greek Style Yoghurt

All natural

Made with Tasmanian milk

Gluten & Gelatin Free

The Creamery, The Better.",,,"Per 100g/ml
Per Serving
%DI
Energy
576 kJ
979 kJ
Protein
5.3 g
9.0 g
Total Fat
5.0 g
8.5 g
Saturated Fat
3.3 g
5.6 g
Carbohydrate
17.7 g
30.1 g
Sugars
13.8 g
23.5 g
Calcium
198 mg
337 mg
42%
Iron
0
0
Vitamin A
0
0
Coenzyme Q10
0
0
Vitamin E
0
0
Vitamin B
0
0
Vitamin C
0
0
Dietary Fibre (total)
0
0
Omega - 6
0
0
Magnesium
0
0
Selenium
0
0
Copper
0
0
Trans
0
0
Iodine
0
0
Bioflavoids
0
Folic Acid
0
0
Biotin
0
0
Molybdenum
0
0
Zinc
0
0
Sodium
42 mg
71 mg
Choline
0
0
Monounsaturated
0
0
Chromium
0
0
Polyunsaturated
0
0
Potassium
0
0
Manganese
0
0
* Percentage Daily Intakes are based on an average adult diet of 8700 kJ. Your daily intakes may be higher or lower depending on your energy needs.",,https://www.coles.com.au/product/tamar-valley-the-creamery-yoghurt-vanilla-bean-170g-7675173,,,2024-06-18T01:43:42.327154-04:00
"Ind56SColes_ADairy, Eggs & Fridge_SAYoghurt_IChobani Flip Cookies & Cream Crunch Yoghurt | 140g",Chobani Flip Cookies & Cream Crunch Yoghurt | 140g,Chobani,"Dairy, Eggs & Fridge",Yoghurt,Single Serve,,$3.50,,,$2.50 per 100g,3246700,"Nothing says snack-time like creamy Chobani Greek Yogurt paired with a side of crave-worthy crunch. Our Chobani Flip range is deliciously designed to curb those 3pm cravings with the perfect better-for-you snack.

At Chobani we believe yogurt should be simple: just milk and cultures, which we strain using a centuries-old authentic process to make it deliciously thick. It takes 3 cups of milk to make 1 cup of Chobani Yogurt which is why it's so creamy and packed with protein.

No preservatives, artificial colours or flavours.

High in natural protein

To discover our full range of products & more, visit chobani.com.au",,,"Per 100g/ml
Per Serving
%DI
Energy
546kJ
764kJ
Protein
7.7g
10.8g
Total Fat
3.6g
5.1g
Saturated Fat
2.3g
3.2g
Carbohydrate
16.3g
22.8g
Sugars
13.2g
18.5g
Calcium
102mg
143mg
Sodium
55mg
77mg
Energy (Cal)
131Cal
183Cal
* Percentage Daily Intakes are based on an average adult diet of 8700 kJ. Your daily intakes may be higher or lower depending on your energy needs.",,https://www.coles.com.au/product/chobani-flip-cookies-and-cream-crunch-yoghurt-140g-3246700,,,2024-06-18T01:43:53.527334-04:00
"Ind56SColes_ADairy, Eggs & Fridge_SAYoghurt_IColes Kids Yoghurt 12 Pack | 1.14kg",Coles Kids Yoghurt 12 Pack | 1.14kg,Coles,"Dairy, Eggs & Fridge",Yoghurt,Multipacks,,$5.40,,,$0.47 per 100g,7132451,12 PackSOURCE OF CALCIUMMade with Australian Milk,,,"Per 100g/ml
Per Serving
%DI
Energy
347.38
330.01
Protein
3.8
3.61
Total Fat
3
2.85
Saturated Fat
2.1
2
Carbohydrate
10.1
9.6
Calcium
188
178.6
Sodium
40
38
Energy (Cal)
83.11
78.95
Dietary Fibre
0.01
0.01
* Percentage Daily Intakes are based on an average adult diet of 8700 kJ. Your daily intakes may be higher or lower depending on your energy needs.",,https://www.coles.com.au/product/coles-kids-yoghurt-12-pack-1.14kg-7132451,,,2024-06-18T01:44:04.559420-04:00
"Ind56SColes_ADairy, Eggs & Fridge_SAYoghurt_IChobani Greek Yogurt Vanilla | 160g",Chobani Greek Yogurt Vanilla | 160g,Chobani,"Dairy, Eggs & Fridge",Yoghurt,Single Serve,,$2.70,,,$1.69 per 100g,5938668,"Chobani Greek Yogurt is deliciously simple. Made using just milk and cultures, which we triple strain using an authentic process so it's naturally thick and creamy, then blended with vanilla.



Strained to be naturally thick

High in natural protein

No preservatives, artificial colours or flavours

Source of calcium

Contains Live & Active Cultures

Made in Australia",,,"Per 100g/ml
Per Serving
%DI
Energy
326kJ
522kJ
Protein
8.3g
13.3g
Total Fat
0.2g
0.3g
Saturated Fat
0.1g
0.2g
Carbohydrate
10.5g
16.8g
Sugars
9.6g
15.3g
Calcium
107mg
171mg
Sodium
31mg
50mg
Energy (Cal)
78Cal
125Cal
* Percentage Daily Intakes are based on an average adult diet of 8700 kJ. Your daily intakes may be higher or lower depending on your energy needs.",,https://www.coles.com.au/product/chobani-greek-yogurt-vanilla-160g-5938668,,,2024-06-18T01:44:16.736646-04:00
"Ind56SColes_ADairy, Eggs & Fridge_SAYoghurt_ILiddells Yoghurt Mango | 700g",Liddells Yoghurt Mango | 700g,Liddells,"Dairy, Eggs & Fridge",Yoghurt,Yoghurt Tubs,,$6.50,,,$0.93 per 100g,4339511,"If you love dairy, but your digestive system doesn't, Liddells lactose free mango yoghurt is for you. Because it's made with real Aussie milk, you get all the goodness and great taste you want, without the lactose and now with the goodness of probiotics. Perfect tub size for your breakfast and snacking occasions.
Lactose free
Source of calcium
Gluten free
Probiotics
Real dairy
Australian dairy.
Fodmap friendly.
Breakfast.",,,"Per 100g/ml
Per Serving
%DI
Energy
375kJ
526kJ
Protein
4.1g
5.7g
Total Fat
2.9g
4.1g
Saturated Fat
1.9g
2.7g
Carbohydrate
11.6g
16.2g
Sugars
10.3g
14.4g
Lactose
Nil
Nil
Calcium
127mg
178mg
Sodium
42mg
59mg
Energy (Cal)
90Cal
126Cal
Galactose
2.2g
3.1g
* Percentage Daily Intakes are based on an average adult diet of 8700 kJ. Your daily intakes may be higher or lower depending on your energy needs.","Whole Milk, Mango (6.4%), Sugar, Milk Solids, Gelatine, Thickener (1442), Stabiliser (440), Flavour, Live Lactic Acid Cultures (Streptococcus thermophilus, Lactobacillus acidophilus, Bifodobacterium lactis), Milk Minerals, Natural Flavour, Lemon Juice Concentrate.",https://www.coles.com.au/product/liddells-yoghurt-mango-700g-4339511,,,2024-06-18T01:44:28.214053-04:00
"Ind56SColes_ADairy, Eggs & Fridge_SAYoghurt_IColes Coconut Yoghurt Vanilla | 500g",Coles Coconut Yoghurt Vanilla | 500g,Coles,"Dairy, Eggs & Fridge",Yoghurt,Dairy Free,,$5.40,,,$1.08 per 100g,5318980,"Enjoy Dairy Free coconut yoghurt with your morning muesli. Vegan and certified organic, the better way to start your morning.",,,"Per 100g/ml
Per Serving
%DI
Energy
647.9
647.9
Protein
0.9
0.9
Carbohydrate
3.6
3.6
Sugars
2.4
2.4
Sodium
4.4
4.4
Saturated
14.6
14.6
Energy (Cal)
155
155
Fat
15.4
15.4
Dietary Fibre (total)
0.2
0.2
* Percentage Daily Intakes are based on an average adult diet of 8700 kJ. Your daily intakes may be higher or lower depending on your energy needs.",,https://www.coles.com.au/product/coles-coconut-yoghurt-vanilla-500g-5318980,,,2024-06-18T01:44:39.826747-04:00
"Ind56SColes_ADairy, Eggs & Fridge_SAYoghurt_IChobani Greek Yogurt Mango | 160g",Chobani Greek Yogurt Mango | 160g,Chobani,"Dairy, Eggs & Fridge",Yoghurt,Single Serve,,$2.70,,,$1.69 per 100g,5938690,"Chobani Greek Yogurt is deliciously simple. Made using just milk and cultures, which we triple strain using an authentic process so it's naturally thick and creamy, then layered onto mango.



Strained to be naturally thick

High in natural protein

No preservatives, artificial colours or flavours

Source of calcium

Contains Live & Active Cultures

Made in Australia",,,"Per 100g/ml
Per Serving
%DI
Energy
358kJ
573kJ
Protein
7.5g
11.9g
Total Fat
1.6g
2.5g
Saturated Fat
1.0g
1.6g
Carbohydrate
10.0g
16.0g
Sugars
9.2g
14.8g
Calcium
102mg
163mg
Sodium
29mg
46mg
Energy (Cal)
86Cal
137Cal
* Percentage Daily Intakes are based on an average adult diet of 8700 kJ. Your daily intakes may be higher or lower depending on your energy needs.",,https://www.coles.com.au/product/chobani-greek-yogurt-mango-160g-5938690,,,2024-06-18T01:44:50.893416-04:00
"Ind56SColes_ADairy, Eggs & Fridge_SAYoghurt_IPauls Kids Yoghurt Limited Edition | 70g",Pauls Kids Yoghurt Limited Edition | 70g,Pauls,"Dairy, Eggs & Fridge",Yoghurt,Pouch,,$0.90,,$1.20,$1.29 per 100g,4348374,"Enjoy snack time with Minions!

Pauls Birthday Cake flavoured yoghurt is a delicious, perfectly portioned snack, ready to enjoy on the go.
With dairy goodness for growing kids, Pauls Kids yoghurt contains no preservatives and no artificial colours. It's a great source of Calcium, is low in fat and is gluten-free.
Perfect for lunch boxes, snack time, or a quick pick-me-up, our yoghurt pouches are a convenient and tasty addition to any day.
- Source of calcium
- Smooth yoghurt
- Contains active cultures
- Calcium & Vitamin D for strong bones & teeth (as part of a healthy diet from a wide variety of foods for children aged 1-3).
- No artificial colours, flavours or sweeteners.
- No preservatives
- Squeezable
- No Spoon Required",,,"Per 100g/ml
Per Serving
%DI
Energy
379kJ
265kJ
Protein
4.0g
2.8g
Total Fat
3.1g
2.2g
Saturated Fat
2.0g
1.4g
Carbohydrate
11.6g
8.1g
Sugars
9.2g
6.4g
Vitamin D
0.7ug
0.5ug (10% RDI*)
Calcium
296mg
207mg (29% RDI*)
Sodium
44mg
30mg
Energy (Cal)
90Cal
63Cal
Gluten
Nil
Nil
* Percentage Daily Intakes are based on an average adult diet of 8700 kJ. Your daily intakes may be higher or lower depending on your energy needs.",,https://www.coles.com.au/product/pauls-kids-yoghurt-limited-edition-70g-4348374,,,2024-06-18T01:45:02.250918-04:00
"Ind56SColes_ADairy, Eggs & Fridge_SAYoghurt_IPauls Plus Protein Yoghurt Strawberry | 160g",Pauls Plus Protein Yoghurt Strawberry | 160g,Pauls,"Dairy, Eggs & Fridge",Yoghurt,Single Serve,,$2.90,,,$1.81 per 100g,7657477,"Our high protein strawberry yoghurt is created with 16g of natural dairy protein which delivers a smooth, thick and creamy tasty yoghurt blended with delicious strawberry flavour throughout. With the added benefit of having no added sugar, it provides for a great anytime snack.
16 g PROTEIN

NO ADDED SUGAR

98 CAL

0.3 g FAT

GLUTEN FREE

SOURCE OF CALCIUM.

IDEAL FOR BREAKFAST.

PERFECT FOR SMOOTHIES.",,,"Per 100g/ml
Per Serving
%DI
Energy
257
410
Protein
10.1
16.2
Total Fat
0.2
0.3
Saturated Fat
0.1
0.1
Carbohydrate
4.6
7.3
Sugars
3.4
5.5
Calcium
110
176
22
Sodium
43
68
Monounsaturated
0
0
Energy (Cal)
61
98
Dietary Fibre (total)
0
0
Polyunsaturated
0
0
Trans
0
0
* Percentage Daily Intakes are based on an average adult diet of 8700 kJ. Your daily intakes may be higher or lower depending on your energy needs.",,https://www.coles.com.au/product/pauls-plus-protein-yoghurt-strawberry-160g-7657477,,,2024-06-18T01:45:14.550557-04:00
"Ind56SColes_ADairy, Eggs & Fridge_SAYoghurt_IFarmers Union Greek Style Passionfruit Yoghurt Pouch | 130g",Farmers Union Greek Style Passionfruit Yoghurt Pouch | 130g,Farmers Union,"Dairy, Eggs & Fridge",Yoghurt,Pouch,,$2.20,Pick any 2 for $2.60,,$1.69 per 100g,3306765,"In a convenient yogurt pouch, it's the perfect kids yogurt or snack for when you're on the go! 
 
4 Health Star Rating. No artificial colours, flavours or preservatives.  
 
Proudly Aussie owned, made and loved. 

^B. Lactis (BB-12) supports gut health by improving regularity in adults as part of a balanced diet.

BB-12 is a trademark of CHR. Hansen A/S.
Perfect on the go yogurt snack with a hint of Real Passionfruit

Contains 1 billion probiotics per serve

Made with yogurt cultures

No artificial colours, preservatives or sweeteners

Gelatine free and gluten free

Goodness of calcium.

Australian Made & Owned.",,,"Per 100g/ml
Per Serving
%DI
Energy
382kJ
497kJ
Protein
5.0g
6.5g
Total Fat
2.9g
3.8g
Saturated Fat
1.9g
2.5g
Carbohydrate
11.1g
14.4g
Sugars
10.7g
13.9g
Calcium
226mg
294mg
37% RDI
Sodium
51mg
66mg
Energy (Cal)
91Cal
118Cal
Dietary Fibre (total)
0.0g
0.0g
Gluten
0
0
* Percentage Daily Intakes are based on an average adult diet of 8700 kJ. Your daily intakes may be higher or lower depending on your energy needs.",,https://www.coles.com.au/product/farmers-union-greek-style-passionfruit-yoghurt-pouch-130g-3306765,,,2024-06-18T01:45:27.131684-04:00
"Ind56SColes_ADairy, Eggs & Fridge_SA_IJalna Kids Organic Yoghurt Blueberry | 100g",Jalna Kids Organic Yoghurt Blueberry | 100g,Jalna,"Dairy, Eggs & Fridge",,,,$1.95,,,$1.95 per 100g,7657375,"5 Live Cultures
S. thermophilus, L. bulgaricus, L. rhamnosus, L. acidophilus, Bifidobacterium (BB-12)
Free From: Gluten, Gelatine, Preservatives, Artificial Colours, Artificial Flavours, Artificial Sweeteners or Added Sugar.",,,"Per 100g/ml
Per Serving
%DI
Energy
320kJ
320kJ
Protein
3.8g
3.8g
Total Fat
4.3g
4.3g
Saturated Fat
2.6g
2.6g
Carbohydrate
5.2g
5.2g
Sugars
4.6g
4.6g
Calcium
130mg
130mg
16%
Sodium
65mg
65mg
Dietary Fibre (total)
0g
0g
Gluten
Undetected
Undetected
* Percentage Daily Intakes are based on an average adult diet of 8700 kJ. Your daily intakes may be higher or lower depending on your energy needs.",,https://www.coles.com.au/product/jalna-kids-organic-yoghurt-blueberry-100g-7657375,,,2024-06-18T01:45:39.268585-04:00
"Ind56SColes_ADairy, Eggs & Fridge_SAYoghurt_IJalna Pot Set Yoghurt Natural Greek | 170g",Jalna Pot Set Yoghurt Natural Greek | 170g,Jalna,"Dairy, Eggs & Fridge",Yoghurt,Single Serve,,$2.15,,$2.40,$1.26 per 100g,3537316,"We believe nature got it right. For over 60 years, we've made yoghurt the traditional, natural way in our special pots. We start with fresh milk and cream from Aussie dairy farms, add all-natural ingredients, then with a little time and a great deal of care we create uniquely thick and delicious pot set yoghurt.
With only 3 natural ingredients, our award winning all-natural Greek Yoghurt is made without the need for stabilisers. Fresh milk and a generous amount of cream is fermented with live cultures to produce a full-bodied, smooth yoghurt with the perfect amount of tang.
With a uniquely thick and creamy texture, it is delicious straight off the spoon, served with fruit, or as a versatile ingredient when cooking.
100% All Natural
3 culture strains
Free from: Gluten, Gelatine, Thickeners, Preservatives, Artificial Colours, Artificial Flavours and Artificial Sweeteners
Australian Made",,,"Per 100g/ml
Per Serving
%DI
Energy
540kJ
540kJ
0%
Protein
3.8g
3.8g
0%
Total Fat
10g
10g
0%
Saturated Fat
7.1g
7.1g
0%
Carbohydrate
6.1g
6.1g
0%
Sugars
4.8g
4.8g
0%
Calcium
130mg
130mg
16%
Sodium
78mg
78mg
0%
Dietary Fibre (total)
0g
0g
0%
* Percentage Daily Intakes are based on an average adult diet of 8700 kJ. Your daily intakes may be higher or lower depending on your energy needs.",,https://www.coles.com.au/product/jalna-pot-set-yoghurt-natural-greek-170g-3537316,,,2024-06-18T01:45:50.280002-04:00
"Ind56SColes_ADairy, Eggs & Fridge_SAYoghurt_IGippsland Dairy Blueberry Twist Yoghurt | 160g",Gippsland Dairy Blueberry Twist Yoghurt | 160g,Gippsland Dairy,"Dairy, Eggs & Fridge",Yoghurt,Single Serve,,$3.00,,,$1.88 per 100g,9907917,"Our thick, creamy yogurt is combined with an extraordinary fruit twist to create a taste so breathtaking, you'd be forgiven for going to extreme lengths to experience it.
Gippsland Dairy, The Taste Made Me Do It.",,,"Per 100g/ml
Per Serving
%DI
Energy
607kJ
971kJ
Protein
5.9g
9.4g
Total Fat
5.7g
9.1g
Saturated Fat
4.0g
6.3g
Carbohydrate
17.4g
27.8g
Sugars
15.9g
25.4g
Calcium
192mg
308mg
38.0%
Sodium
56mg
89mg
Energy (Cal)
145Cal
232Cal
* Percentage Daily Intakes are based on an average adult diet of 8700 kJ. Your daily intakes may be higher or lower depending on your energy needs.",,https://www.coles.com.au/product/gippsland-dairy-blueberry-twist-yoghurt-160g-9907917,,,2024-06-18T01:46:03.293456-04:00
"Ind56SColes_ADairy, Eggs & Fridge_SAYoghurt_IYog'N Oats Yogurt Blueberry & Coconut | 150g",Yog'N Oats Yogurt Blueberry & Coconut | 150g,YogN Oats,"Dairy, Eggs & Fridge",Yoghurt,Single Serve,,$3.20,,,$2.13 per 100g,6616645,,,,,,https://www.coles.com.au/product/yog'n-oats-yogurt-blueberry-and-coconut-150g-6616645,,,2024-06-18T01:46:12.801532-04:00
"Ind56SColes_ADairy, Eggs & Fridge_SA_ITamar Valley Kids Greek Natural Raspberry Yoghurt Pouch | 110g",Tamar Valley Kids Greek Natural Raspberry Yoghurt Pouch | 110g,Tamar Valley,"Dairy, Eggs & Fridge",,,,$2.40,Pick any 3 for $5,,$2.18 per 100g,3245570,"Introduce your kids to the delicious, healthy world of yoghurt with our tasty, nutritious, all-natural raspberry yoghurt pouch. With no added sugar, Tamar Valley Kids Greek Yoghurt is perfect for lunch boxes, snack time, or a quick pick-me-up, it's a no-mess, convenient and tasty addition to any day!
- All-natural Greek yoghurt.
- Contains yoghurt cultures.
- Source of calcium.
- Gluten-free & gelatine-free.
- No sweeteners, nothing artificial.
- Made in Tasmania",,,"Per 100g/ml
Per Serving
%DI
Energy
398kJ
438kJ
Protein
3.7g
4.1g
Total Fat
7.1g
7.8g
Saturated Fat
4.7g
5.2g
Carbohydrate
4.1g
4.5g
Sugars
3.1g
3.4g
Calcium
151mg
Sodium
32mg
35mg
Energy (Cal)
95Cal
105Cal
Gluten
Nil
Nil
* Percentage Daily Intakes are based on an average adult diet of 8700 kJ. Your daily intakes may be higher or lower depending on your energy needs.",,https://www.coles.com.au/product/tamar-valley-kids-greek-natural-raspberry-yoghurt-pouch-110g-3245570,,,2024-06-18T01:46:25.633599-04:00
"Ind56SColes_ADairy, Eggs & Fridge_SAYoghurt_IVaalia Kids Lactose Free Vanilla Yoghurt Pouch | 140g",Vaalia Kids Lactose Free Vanilla Yoghurt Pouch | 140g,Vaalia,"Dairy, Eggs & Fridge",Yoghurt,Pouch,,$1.20,,$2.40,$0.86 per 100g,1199245,"Vaalia Kids Probiotic Yoghurt Lactose Free Vanilla is made with 3 probiotics including LGG which can help strengthen the immune system*.

Full of calcium for strong bones and teeth
Protein for growing bodies'
Contains the vitamin B12 for sustained energy and concentration.
Lactose Free
Suitable for children 12+ months.

Vaalia Kids yoghurt is available in a variety of delicious flavours the kids will love, making them the perfect delicious snack to pop in the lunchbox or when your kids are on-the-go!

*LGG in Vaalia yoghurt at a daily intake of at least 1 billion CFU can strengthen the immune system in the general population. As part of a varied and healthy diet.
'Protein for normal growth and development for children 4 years and over.
LGG and BB-12 are registered trademarks of Chr. Hansen.
- Lactose Free

- LGG can help strengthen the immune system*

- Protein for growing bodies'

- Calcium for strong bones and teeth

- Vitamin B12 for sustained energy and concentration

- No artificial colours, flavours or sweeteners..

- No preservatives..

- Gluten free..",,,"Per 100g/ml
Per Serving
%DI
Energy
378kJ
529kJ
Protein
4.6g
6.4g
Total Fat
2.5g
3.5g
Saturated Fat
1.7g
2.4g
Carbohydrate
12.3g
17.2g
Sugars
9.4g
13.2g
Calcium
156mg
218mg
27% RDI*
Vitamin B12
0.19ug
0.27ug
13% RDI*
Lactose
NIL
NIL
Sodium
55mg
77mg
Monounsaturated
0g
0g
Energy (Cal)
378Cal
127Cal
Dietary Fibre (total)
0.0g
0.0g
Polyunsaturated
0g
0g
Galactose
3.0g
4.2g
Gluten
NIL
NIL
Trans
0g
0g
* Percentage Daily Intakes are based on an average adult diet of 8700 kJ. Your daily intakes may be higher or lower depending on your energy needs.",,https://www.coles.com.au/product/vaalia-kids-lactose-free-vanilla-yoghurt-pouch-140g-1199245,,,2024-06-18T01:46:37.902916-04:00
"Ind56SColes_ADairy, Eggs & Fridge_SADairy, chilled & frozen_IDanone Ultimate Greek Yoghurt Limited Edition 4 pack | 460g",Danone Ultimate Greek Yoghurt Limited Edition 4 pack | 460g,Danone,"Dairy, Eggs & Fridge","Dairy, chilled & frozen",Cheese & yoghurt,,$4.50,,,"$0.98 per 100g
Was $5.75 on May 2024",3310161,"Danone's master yoghurt makers have been perfecting Ultimate's irresistibly thick, rich and creamy yoghurt since 1919. Every spoonful of delicious decadence is crafted with high quality ingredients and Australian milk at our creamery in Kiewa, Victoria.
Double cream

Thick, creamy, indulgent

Greek-style yoghurt

Live yoghurt cultures

Visit the site to discover the secret in every spoonful",,,"Per 100g/ml
Per Serving
%DI
Energy
602
692
8.00%
Protein
3.1
3.6
7.10%
Total Fat
8.3
9.5
13.60%
Saturated Fat
5
5.8
24.00%
Carbohydrate
14.2
16.3
5.30%
Sugars
13.7
15.8
17.50%
Calcium
102
117
16
Sodium
53
61
2.70%
Energy (Cal)
144
165
8.00%
* Percentage Daily Intakes are based on an average adult diet of 8700 kJ. Your daily intakes may be higher or lower depending on your energy needs.",,https://www.coles.com.au/product/danone-ultimate-greek-yoghurt-limited-edition-4-pack-460g-3310161,,,2024-06-18T01:46:49.649105-04:00
"Ind56SColes_ADairy, Eggs & Fridge_SAYoghurt_IGippsland Dairy Toffee & Honeycomb Twist Yoghurt | 160g",Gippsland Dairy Toffee & Honeycomb Twist Yoghurt | 160g,Gippsland Dairy,"Dairy, Eggs & Fridge",Yoghurt,Single Serve,,$3.00,,,$1.88 per 100g,1436420,"Our thick, creamy yogurt is combined with an extraordinary fruit twist to create a taste so breathtaking, you'd be forgiven for going to extreme lengths to experience it.
Gippsland Dairy, The Taste Made Me Do It.",,,"Per 100g/ml
Per Serving
%DI
Energy
649kJ
1039kJ
Protein
5.9g
9.4g
Total Fat
5.7g
9.1g
Saturated Fat
4.0g
6.3g
Carbohydrate
20.0g
32.0g
Sugars
16.7g
26.8g
Calcium
192mg
307mg
38.0%
Sodium
64mg
102mg
Energy (Cal)
155Cal
249Cal
* Percentage Daily Intakes are based on an average adult diet of 8700 kJ. Your daily intakes may be higher or lower depending on your energy needs.",,https://www.coles.com.au/product/gippsland-dairy-toffee-and-honeycomb-twist-yoghurt-160g-1436420,,,2024-06-18T01:47:02.010808-04:00
"Ind56SColes_ADairy, Eggs & Fridge_SAYoghurt_INestle Milo Energy Dairy Snack | 150g",Nestle Milo Energy Dairy Snack | 150g,Nestle,"Dairy, Eggs & Fridge",Yoghurt,Pouch,,$2.50,,,$1.67 per 100g,3116078,"The taste of MILO, on the go!

Nestle MILO Energy Dairy Snack gives kids the energy they need to help them perform. Contains protein, calcium, iron, 8 vitamins & minerals & is perfect for the kid's lunchbox!
Protein

Calcium & Iron

8 Vitamins & minerals",,,"Per 100g/ml
Per Serving
%DI
Energy
496kJ
744kJ
Protein
4.4g
6.6g
Total Fat
4.4g
6.6g
Saturated Fat
2.9g
4.3g
Carbohydrate
17.1g
25.7g
Sugars
12.9g
19.4g
Vitamin B2
0.2mg
(Riboflavin) 0.3mg (31% RDI*)
Vitamin B3
1.4mg
(Niacin) 2.1mg (41% RDI*)
Calcium
201mg
301mg (38% RDI*)
Iron
1.6mg
1.6mg
Vitamin B12
0.2ug
0.3ug (33% RDI*)
Vitamin D
1.8ug
2.7ug (53% RDI*)
Sodium
68mg
102mg
Monounsaturated
0g
0g
Energy (Cal)
119Cal
178Cal
Dietary Fibre (total)
0g
0g
Polyunsaturated
0g
0g
Trans
0g
0g
Vitamin B6
0.2mg
0.3mg (47% RDI*)
* Percentage Daily Intakes are based on an average adult diet of 8700 kJ. Your daily intakes may be higher or lower depending on your energy needs.",,https://www.coles.com.au/product/nestle-milo-energy-dairy-snack-150g-3116078,,,2024-06-18T01:47:13.339988-04:00
"Ind56SColes_ADairy, Eggs & Fridge_SAYoghurt_IVitasoy Soy Yogurt Mango Passionfruit | 140g",Vitasoy Soy Yogurt Mango Passionfruit | 140g,Vitasoy,"Dairy, Eggs & Fridge",Yoghurt,Dairy Free,,$2.70,,,$1.93 per 100g,6614581,,,,,,https://www.coles.com.au/product/vitasoy-soy-yogurt-mango-passionfruit-140g-6614581,,,2024-06-18T01:47:22.364657-04:00
"Ind56SColes_ADairy, Eggs & Fridge_SAYoghurt_IColes Squeezie Banana Yoghurt Pouch | 70g",Coles Squeezie Banana Yoghurt Pouch | 70g,Coles,"Dairy, Eggs & Fridge",Yoghurt,Pouch,,$0.75,,,$1.07 per 100g,1013493,"Coles Dairy banana yoghurt pouch, 70g. Made with Australian milk, yoghurt pouches provide a source of calcium. Great for lunchboxes and kids snacks on the go.",,,"Per 100g/ml
Per Serving
%DI
Energy
336.86
235.8
Protein
3.88
2.72
Total Fat
1.7
1.19
Carbohydrate
12
8.4
Sugars
9.1
6.37
Calcium
213
149.1
Sodium
40
28
Saturated
1.1
0.77
Energy (Cal)
80.59
56.41
Dietary Fibre (total)
0.5
0.35
* Percentage Daily Intakes are based on an average adult diet of 8700 kJ. Your daily intakes may be higher or lower depending on your energy needs.",,https://www.coles.com.au/product/coles-squeezie-banana-yoghurt-pouch-70g-1013493,,,2024-06-18T01:47:34.652170-04:00
"Ind56SColes_ADairy, Eggs & Fridge_SA_ICocobella Coconut Yoghurt Pouch Vanilla | 110g",Cocobella Coconut Yoghurt Pouch Vanilla | 110g,Cocobella,"Dairy, Eggs & Fridge",,,,$2.00,,,$1.82 per 100g,7653658,,,,,,https://www.coles.com.au/product/cocobella-coconut-yoghurt-pouch-vanilla-110g-7653658,,,2024-06-18T01:47:44.201665-04:00
"Ind56SColes_ADairy, Eggs & Fridge_SAYoghurt_IVaalia Kids Tropical Yoghurt Pouch | 140g",Vaalia Kids Tropical Yoghurt Pouch | 140g,Vaalia,"Dairy, Eggs & Fridge",Yoghurt,Pouch,,$1.20,,$2.40,$0.86 per 100g,7246870,"Our delicious Tropical flavoured yoghurt pouch is the perfect snack for kids, with a delicious creamy texture, and ingredients that helps kids feel good!
Perfect for lunch boxes, snack time, or a quick pick-me-up, Vaalia Kids yoghurt pouches are a convenient and tasty addition to any day for kids big and small!
Vaalia Kids yoghurt pouches are made with no artificial colours, flavours, sweeteners or preservatives and Vitamin B12 for sustained energy and concentration

- 3 probiotics including LGG
- LGG can help strengthen the immune system*
- Protein for growing bodies.
- Calcium for strong bones and teeth.
- Vitamin B12 for sustained energy and concentration.
- No artificial colours, flavours or sweeteners.
- No preservatives.
- Gluten free.

*LGG in Vaalia yoghurt at a daily intake of at least 1 billion CFU can strengthen the immune system in the general population. As part of a varied and healthy diet.
'Protein for normal growth and development for children 4 years and over.
LGG and BB-12 are registered trademarks of Chr. Hansen.
3 probiotics including LGG.

LGG can help strengthen the immune system*.

Protein for growing bodies.

Calcium for strong bones and teeth.

Vitamin B12 for sustained energy and concentration.

No artificial colours, flavours or sweeteners..

No preservatives..

Gluten free.",,,"Per 100g/ml
Per Serving
%DI
Energy
371kJ
519kJ
Protein
4.5g
6.3g
Total Fat
2.5g
3.5g
Saturated Fat
1.7g
2.4g
Carbohydrate
12.0g
16.8g
Sugars
9.1g
12.7g
Calcium
157 mg
219 mg
27% RDI*
Vitamin B12
0.2 ug
0.3 ug
14% RDI*
Sodium
49mg
69mg
Monounsaturated
0g
0g
Energy (Cal)
88Cal
124Cal
Dietary Fibre (total)
0g
0g
Polyunsaturated
0g
0g
Gluten
NIL
NIL
Trans
0g
0g
* Percentage Daily Intakes are based on an average adult diet of 8700 kJ. Your daily intakes may be higher or lower depending on your energy needs.",,https://www.coles.com.au/product/vaalia-kids-tropical-yoghurt-pouch-140g-7246870,,,2024-06-18T01:47:55.444028-04:00
"Ind56SColes_ADairy, Eggs & Fridge_SAYoghurt_IMungalli Creek Organic Rainforest Honey Yoghurt | 500g",Mungalli Creek Organic Rainforest Honey Yoghurt | 500g,Mungalli Creek,"Dairy, Eggs & Fridge",Yoghurt,Yoghurt Tubs,,$6.30,,,$1.26 per 100g,9220312,"Our Bush Honey yoghurt is lovingly handcrafted on our farm which borders beautiful World Heritage Rainforest. Looking after the earth is at the foundation of our farming practices and we have farmed biodynamically for over 30 years. Our happy cows graze on lush mountain pastures producing nutritious products for you and your family without any nasties. 100% Australian family farmer owned and made,",,,,,https://www.coles.com.au/product/mungalli-creek-organic-rainforest-honey-yoghurt-500g-9220312,,,2024-06-18T01:48:04.562433-04:00
"Ind56SColes_ADairy, Eggs & Fridge_SAYoghurt_IChobani Greek Yogurt Tropical | 160g",Chobani Greek Yogurt Tropical | 160g,Chobani,"Dairy, Eggs & Fridge",Yoghurt,Single Serve,,$2.70,,,$1.69 per 100g,6627030,"Chobani Greek Yogurt is deliciously simple. Made using just milk and cultures, which we triple strain using an authentic process so it's naturally thick and creamy, then layered onto a mix of mango, pineapple, banana and passion fruit.



Strained to be naturally thick

High in natural protein

No preservatives, artificial colours or flavours

Source of calcium

Contains Live & Active Cultures

Made in Australia",,,"Per 100g/ml
Per Serving
%DI
Energy
352kJ
563kJ
Protein
7.7g
12.3g
Total Fat
1.6g
2.6g
Saturated Fat
1.0g
1.6g
Carbohydrate
9.4g
15.0g
Sugars
8.6g
13.7g
Calcium
106mg
169mg
Sodium
30mg
49mg
Energy (Cal)
84Cal
135Cal
* Percentage Daily Intakes are based on an average adult diet of 8700 kJ. Your daily intakes may be higher or lower depending on your energy needs.",,https://www.coles.com.au/product/chobani-greek-yogurt-tropical-160g-6627030,,,2024-06-18T01:48:15.839506-04:00
"Ind56SColes_ADairy, Eggs & Fridge_SAYoghurt_IDanone Yopro Mango Yoghurt | 160g",Danone Yopro Mango Yoghurt | 160g,Danone,"Dairy, Eggs & Fridge",Yoghurt,Single Serve,,$3.00,,,$1.88 per 100g,3246856,,,,"Per 100g/ml
Per Serving
%DI
Energy
244kJ
390kJ
Protein
9.5g
15.2g
Total Fat
0.3g
0.5g
Saturated Fat
0.2g
0.3g
Carbohydrate
4.1g
6.6g
Sugars
3.8g
6.1g
Calcium
117mg
187mg
23.00%
Sodium
40mg
64mg
Energy (Cal)
58Cal
93Cal
* Percentage Daily Intakes are based on an average adult diet of 8700 kJ. Your daily intakes may be higher or lower depending on your energy needs.",,https://www.coles.com.au/product/danone-yopro-mango-yoghurt-160g-3246856,,,2024-06-18T01:48:27.878403-04:00
"Ind56SColes_ADairy, Eggs & Fridge_SAYoghurt_IChobani Greek Yogurt Natural Whole Milk | 907g",Chobani Greek Yogurt Natural Whole Milk | 907g,Chobani,"Dairy, Eggs & Fridge",Yoghurt,Yoghurt Tubs,,$7.90,,,$0.87 per 100g,2745340,"Chobani Greek Yogurt is deliciously simple. Made using just milk and cultures, which we triple strain using an authentic process so it's naturally thick and creamy.



13g natural protein per serve

Strained to be naturally thick

High in natural protein

No preservatives, artificial colours or flavours

Source of calcium

Contains Live & Active Cultures

Made in Australia.",,,"Per 100g/ml
Per Serving
%DI
Energy
360kJ
576kJ
Protein
8.6g
13.7g
Total Fat
4.0g
6.4g
Saturated Fat
2.6g
4.2g
Carbohydrate
3.9g
6.2g
Sugars
2.7g
4.3g
Calcium
100mg
160mg
Sodium
32mg
52mg
Energy (Cal)
86Cal
138Cal
* Percentage Daily Intakes are based on an average adult diet of 8700 kJ. Your daily intakes may be higher or lower depending on your energy needs.",,https://www.coles.com.au/product/chobani-greek-yogurt-natural-whole-milk-907g-2745340,,,2024-06-18T01:48:39.660923-04:00
"Ind56SColes_ADairy, Eggs & Fridge_SAYoghurt_IPauls Kids Yoghurt Pouch Mango | 70g",Pauls Kids Yoghurt Pouch Mango | 70g,Pauls,"Dairy, Eggs & Fridge",Yoghurt,Pouch,,$0.90,,$1.20,$1.29 per 100g,7657648,"Pauls Kids mango flavoured yoghurt is a delicious snack with dairy goodness for growing kids. Pauls Kids yoghurt contains no preservatives, no artificial colours and no artifical flavours.
No artificIal colours

No artifical flavours

No preservatives

Contains active cultures

Calcium & Vitamin D for strong bones and teeth",,,"Per 100g/ml
Per Serving
%DI
Energy
352 Kj
246 kJ
Protein
4.0 g
2.8 g
Total Fat
3.0 g
2.1 g
Saturated Fat
2.0 g
1.4 g
Carbohydrate
9.0 g
6.3 g
Sugars
6.8 g
4.8 g
Calcium
213 mg
149 mg
21%
Iron
0
0
Vitamin A
0
0
Coenzyme Q10
0
0
Vitamin E
0
0
Vitamin B
0
0
Vitamin C
0
0
Dietary Fibre (total)
0.00
0.00
Omega - 6
0
0
Magnesium
0
0
Selenium
0
0
Copper
0
0
Trans
0.00
0.00
Iodine
0
0
Bioflavoids
0
Folic Acid
0
0
Biotin
0
0
Molybdenum
0
0
Zinc
0
0
Sodium
41 mg
29 mg
Choline
0
0
Monounsaturated
0.00
0.00
Chromium
0
0
Polyunsaturated
0.00
0.00
Potassium
0
0
Manganese
0
0
* Percentage Daily Intakes are based on an average adult diet of 8700 kJ. Your daily intakes may be higher or lower depending on your energy needs.",,https://www.coles.com.au/product/pauls-kids-yoghurt-pouch-mango-70g-7657648,,,2024-06-18T01:48:51.798502-04:00
"Ind56SColes_ADairy, Eggs & Fridge_SAYoghurt_IYoplait Mango Yoghurt | 1kg",Yoplait Mango Yoghurt | 1kg,Yoplait,"Dairy, Eggs & Fridge",Yoghurt,Yoghurt Tubs,,$4.90,,,$0.49 per 100g,5892512,"Made in Australia and available in 4 delicious flavours including Vanilla, Strawberry, Mango and Passionfruit.

4 Health Star Rating.

As part of a balanced diet, Yoplait naturally provides essential nutrients for a healthy mind and body:

Protein - for muscle growth, development and repair 
Calcium and phosphorous - for strong bones and teeth 
Iodine and vitamin B5 - for brain health
Potassium - for muscle function and hydration 
Vitamin B2 - for energy maintenance 
Vitamin B12 - for immune support 

*Circana Total Business, Top 10 Brands by volume (litres 000), MAT to 26.03.23
Made with real fruit and goodness of milk

loved by Australians since 1982

8 essential nutrients

simple & delicious yoghurt for the whole family

no artifical flavours, colours or preservatives

Made in Victoria, Australia..

1kg share tub for the whole family.",,,"Per 100g/ml
Per Serving
%DI
Energy
361kJ
578kJ
7%
Protein
4.4g
7.0g
14%
Total Fat
1.9g
3.0g
4%
Saturated Fat
1.2g
1.9g
8%
Carbohydrate
12.7g
20.3g
7%
Sugars
12.6g
20.1g
22%
Vitamin B2
0.21mg
0.34mg
20% RDI*
Calcium
139mg
222mg
28% RDI*
Vitamin B12
0.24ug
0.38ug
19% RDI*
Sodium
46mg
74mg
3%
Energy (Cal)
86Cal
138Cal
Dietary Fibre (total)
0.1g
0.2g
1%
Gluten
0mg
0mg
Potassium
211mg
338mg
Vitamin B5
0.32mg
0.51mg
10% RDI*
Iodine
19ug
30ug
20% RDI*
* Percentage Daily Intakes are based on an average adult diet of 8700 kJ. Your daily intakes may be higher or lower depending on your energy needs.",,https://www.coles.com.au/product/yoplait-mango-yoghurt-1kg-5892512,,,2024-06-18T01:49:03.016601-04:00
"Ind56SColes_ADairy, Eggs & Fridge_SAYoghurt_IBrownes Dairy Wiggles Yoghurt Pouch Strawberry | 90g",Brownes Dairy Wiggles Yoghurt Pouch Strawberry | 90g,Brownes Dairy,"Dairy, Eggs & Fridge",Yoghurt,Pouch,,$1.00,,$1.40,$1.11 per 100g,6623378,"Our creamy and smooth natural yoghurt is especially made for little growing bodies*. They are made with whole milk and enriched with prebiotic and probiotic cultures. They contain no artificial colours, flavours or preservatives and are gluten, gelatin and lactose free! Our Wiggles Strawberry Yoghurt is the perfect Yummy Yummy snack for little tummies!
Our yoghurt is crafted with the purest fresh milk from the pristine pastures of WA's gourmet South West region.
Enjoy the natural goodness of yoghurt from Australia's Oldest Dairy.
*When consumed as part of a varied and healthy diet.",,,"Per 100g/ml
Per Serving
%DI
Energy
321kJ
289kJ
3%
Protein
4.3g
3.9g
8%
Total Fat
3.7g
3.3g
5%
Saturated Fat
2.4g
2.2g
9%
Carbohydrate
6.2g
5.6g
2%
Sugars
4g
3.6g
4%
Calcium
135mg
122mg
15%
Sodium
48mg
43mg
2%
* Percentage Daily Intakes are based on an average adult diet of 8700 kJ. Your daily intakes may be higher or lower depending on your energy needs.",,https://www.coles.com.au/product/brownes-dairy-wiggles-yoghurt-pouch-strawberry-90g-6623378,,,2024-06-18T01:49:14.577353-04:00
"Ind56SColes_ADairy, Eggs & Fridge_SAYoghurt_IDairy Farmers Thick & Creamy Yoghurt Pineapple & Bundaberg Passionfruit | 550g",Dairy Farmers Thick & Creamy Yoghurt Pineapple & Bundaberg Passionfruit | 550g,Dairy Farmers,"Dairy, Eggs & Fridge",Yoghurt,Yoghurt Tubs,,$5.50,,,$1.00 per 100g,6604271,"Tropical and juicy pineapples grown in sunny Queensland are juiced and blended with aromatic passionfruit juice from Queensland, then layered under our delicious Thick & Creamy yoghurt.

Dairy Farmers Thick & Creamy yoghurt is made from pure, quality milk farmed locally in Victoria - the Dairy Farmers way.",,,,"Milk, Milk Solids, Cream (Milk), Water, Sugar, Pineapple (2.6%) (Juice Pulp), Skim Milk, Passionfruit (1.5%), Brown Sugar, Thickener (Modified Starch), Natural Flavours, Natural Colour (Carthamus Extract), Lemon Juice Concentrate, Live Yoghurt Cultures (Milk): S. Thermophilus, B. Lactis, L. Acidophilus, L. Bulgaricus.",https://www.coles.com.au/product/dairy-farmers-thick-and-creamy-yoghurt-pineapple-and-bundaberg-passionfruit-550g-6604271,,,2024-06-18T01:49:23.664954-04:00
"Ind56SColes_ADairy, Eggs & Fridge_SAYoghurt_IVitasoy Soy Yogurt Strawberry | 140g",Vitasoy Soy Yogurt Strawberry | 140g,Vitasoy,"Dairy, Eggs & Fridge",Yoghurt,Dairy Free,,$2.70,,,$1.93 per 100g,6614592,"It's the Vitasoy way to yogurt! Brimming with plant-based goodness, plus the creamy texture and zing of a Greek Style yogurt. The perfect snack, dolloped on your breakfast or as an ingredient to cook with.
Live cultured with probiotics

Thick and creamy

Source of calcium

8g protein/ serve

Proudly Australian made with Australian whole soybeans

Source of Vit D & B12.",,,"Per 100g/ml
Per Serving
%DI
Energy
415
581
7
Protein
6.0
8.4
17
Total Fat
4.2
5.9
8
Saturated Fat
1.4
2.0
8
Carbohydrate
0
0
Sugars
9.1
12.7
4
Calcium
120
168
21
Vitamin B12
0.20
0.28
14
Vitamin D
0.72
1.0
10
Sodium
76
106
5
Monounsaturated
1.2
1.7
Energy (Cal)
99
139
Dietary Fibre (total)
0.3
0.4
1
Polyunsaturated
1.4
2.2
8
Trans
0
0
* Percentage Daily Intakes are based on an average adult diet of 8700 kJ. Your daily intakes may be higher or lower depending on your energy needs.",,https://www.coles.com.au/product/vitasoy-soy-yogurt-strawberry-140g-6614592,,,2024-06-18T01:49:35.202297-04:00
"Ind56SColes_ADairy, Eggs & Fridge_SAYoghurt_IDairy Farmers Thick & Creamy Caramelised Fig Yoghurt | 600g",Dairy Farmers Thick & Creamy Caramelised Fig Yoghurt | 600g,Dairy Farmers,"Dairy, Eggs & Fridge",Yoghurt,Yoghurt Tubs,,$5.50,,,$0.92 per 100g,1870540,"Caramelised Fig

Real and luscious fruit stirred through full cream milk and cream yoghurt. Made with the generosity of the country. 

Illustrated by Carla Ellis. 
Made with the generosity of the country, Dairy Farmers yoghurt is made with real and luscious fruit stirred through full cream milk and creamy yoghurt.

It's made with with yoghurt cultures, has no artificial colours and flavours or preservatives, and is gelatine free.

It's a source of calcium and protein.

It's available in a range of flavours including the limited-edition provenance range, generously filled with delicious provenance fruits.

It's available in both the 150 gms and 600 gms pack size and can be enjoyed with breakfast, as a snack or for dessert.

It's made in Victoria, Australia.",,,"Per 100g/ml
Per Serving
%DI
Energy
554kJ
831kJ
10%
Protein
3.7g
5.6g
11%
Total Fat
6.3g
9.5g
14%
Saturated Fat
4.1g
6.2g
26%
Carbohydrate
15.1g
22.7g
7%
Sugars
14.5g
21.8g
24%
Calcium
124mg
186mg
23% RDI*
Sodium
38mg
57mg
2%
Energy (Cal)
133Cal
199Cal
Gluten
0mg
0mg
* Percentage Daily Intakes are based on an average adult diet of 8700 kJ. Your daily intakes may be higher or lower depending on your energy needs.",,https://www.coles.com.au/product/dairy-farmers-thick-and-creamy-caramelised-fig-yoghurt-600g-1870540,,,2024-06-18T01:49:47.142192-04:00
"Ind56SColes_ADairy, Eggs & Fridge_SAYoghurt_IDanone YoPro Pouch Mixed Berries | 150g",Danone YoPro Pouch Mixed Berries | 150g,Danone,"Dairy, Eggs & Fridge",Yoghurt,Pouch,,$2.20,,$3.00,$1.47 per 100g,5312328,YoPRO is a protein brand looking to fuel athletes and amateurs alike using the best quality ingredients and in the most natural way possible.,,,"Per 100g/ml
Per Serving
%DI
Energy
264kJ
395kJ
Protein
10.0g
15.0g
Total Fat
0.3g
0.5g
Saturated Fat
0.2g
0.3g
Carbohydrate
4.8g
7.2g
Sugars
3.5g
5.3g
Calcium
125mg
188mg
23.00%
Sodium
42mg
63mg
Energy (Cal)
63Cal
94Cal
* Percentage Daily Intakes are based on an average adult diet of 8700 kJ. Your daily intakes may be higher or lower depending on your energy needs.",,https://www.coles.com.au/product/danone-yopro-pouch-mixed-berries-150g-5312328,,,2024-06-18T01:49:58.241741-04:00
"Ind56SColes_ADairy, Eggs & Fridge_SAYoghurt_IActivia Low Fat Strawberry Yoghurt 4x125g | 500g",Activia Low Fat Strawberry Yoghurt 4x125g | 500g,Activia,"Dairy, Eggs & Fridge",Yoghurt,Multipacks,,$5.75,,,$1.15 per 100g,8169424,"At the forefront of research and innovation, Danone has developed Activia to help take care of gut health* every day. Only Activia contains exclusive probiotics, Bifidus ActiRegularis, proven to survive through your stomach and reach the intestines alive, with more than 30 years of research.

*Activia helps improve digestive comfort when 250g is consumed daily for at least 4 weeks as part of a healthy lifestyle and balanced diet.

 

Activia offers you a delicious strawberry yoghurt with no added sugar and no artificial sweeteners, keeping its original creaminess and great taste.
Probiotics

Gut Health

No added sugar

Digestive health

no artificial sweeteners, no artificial colours & no preservatives

Gelatine free.

good source of calcium.",,,"Per 100g/ml
Per Serving
%DI
Energy
353kJ
441kJ
5.10%
Protein
5.2g
6.5g
13%
Total Fat
3.8g
4.8g
6.80%
Saturated Fat
2.6g
3.2g
13.30%
Carbohydrate
7.2g
9.0g
2.90%
Sugars
6.5g
8.1g
9.00%
Calcium
169mg
211mg
26%
Sodium
55mg
69mg
3.00%
Energy (Cal)
84Cal
105Cal
5.10%
* Percentage Daily Intakes are based on an average adult diet of 8700 kJ. Your daily intakes may be higher or lower depending on your energy needs.","Milk, strawberry (6%), milk solids, thickeners (1442, 407), flavours, live lactic acid cultures (milk) (Bifidobacterium animalis subspecies lactis CNCM I-2494, Streptococcus thermophilus, Lactococcus lactis and Lactobacillus bulgaricus), natural colours (black carrot and blackcurrant), milk minerals, enzyme (lactase), sweetener (steviol glycosides), salt, lemon pulp.",https://www.coles.com.au/product/activia-low-fat-strawberry-yoghurt-4x125g-500g-8169424,,,2024-06-18T01:50:09.565367-04:00
"Ind56SColes_ADairy, Eggs & Fridge_SAYoghurt_IDairy Farmers Thick & Creamy Yoghurt Strawberry & Wattleseed | 140g",Dairy Farmers Thick & Creamy Yoghurt Strawberry & Wattleseed | 140g,Dairy Farmers,"Dairy, Eggs & Fridge",Yoghurt,Single Serve,,$1.30,,$2.60,$0.93 per 100g,6621281,Dairy Farmers Thick & Creamy Queensland Strawberry & Australian Wattleseed is yoghurt with fruit. Proudly Australian.,,,,"Milk, Milk Solids, Sugar, Cream (Milk), Water, Strawberry Puree (4.0%), Skim Milk, Thickeners (Modified Starch, Pectin), Natural Flavours, Natural Colour (Carmine), Mineral Salt (509), Acidity Regulators (331), Wattleseed (0.01%), Live Yoghurt Cultures (Milk): S. Thermophilus, B. Lactis, L. Acidophilus, L. Bulgaricus.",https://www.coles.com.au/product/dairy-farmers-thick-and-creamy-yoghurt-strawberry-and-wattleseed-140g-6621281,,,2024-06-18T01:50:18.826971-04:00
"Ind56SColes_ADairy, Eggs & Fridge_SADairy, chilled & frozen_IPauls Plus Protein Yoghurt Vanilla | 700g",Pauls Plus Protein Yoghurt Vanilla | 700g,Pauls,"Dairy, Eggs & Fridge","Dairy, chilled & frozen",Cheese & yoghurt,,$7.00,,,"$1.00 per 100g
Was $7.80 on May 2024",7657422,"Our high protein vanilla yoghurt is created with 16g of natural dairy protein which delivers a smooth, thick and creamy tasty yoghurt blended with delicious vanilla flavour throughout. With the added benefit of having no added sugar, it provides for a great anytime snack.
16 g PROTEIN

NO ADDED SUGAR

97 CAL

0.3 g FAT

GLUTEN FREE

SOURCE OF CALCIUM.

IDEAL FOR BREAKFAST.

PERFECT FOR SMOOTHIES.",,,"Per 100g/ml
Per Serving
%DI
Energy
253
405
Protein
10
16.1
Total Fat
0.2
0.3
Saturated Fat
0.1
0.1
Carbohydrate
4.5
7.1
Sugars
3.4
5.5
Calcium
112
179
22
Sodium
42
67
Monounsaturated
0
0
Energy (Cal)
61
97
Dietary Fibre (total)
0
0
Polyunsaturated
0
0
Trans
0
0
* Percentage Daily Intakes are based on an average adult diet of 8700 kJ. Your daily intakes may be higher or lower depending on your energy needs.",,https://www.coles.com.au/product/pauls-plus-protein-yoghurt-vanilla-700g-7657422,,,2024-06-18T01:50:29.893595-04:00
"Ind56SColes_ADairy, Eggs & Fridge_SAYoghurt_IGippsland Dairy Flip Apple Pie | 140g",Gippsland Dairy Flip Apple Pie | 140g,Gippsland Dairy,"Dairy, Eggs & Fridge",Yoghurt,Single Serve,,$2.75,,$3.85,$1.96 per 100g,5310672,Enjoy a delicious Gippsland Dairy moment when you mix delightfully creamy apple cinnamon yogurt with crunchy graham cookies and white chocolate pieces.,,,"Per 100g/ml
Per Serving
%DI
Energy
774kJ
1083kJ
Protein
5.8g
8.2g
Total Fat
7.4g
10.4g
Saturated Fat
4.3g
6.0g
Carbohydrate
23.2g
32.5g
Sugars
18.7g
26.2g
Calcium
182mg
254mg
Sodium
72mg
101mg
Energy (Cal)
185Cal
259Cal
* Percentage Daily Intakes are based on an average adult diet of 8700 kJ. Your daily intakes may be higher or lower depending on your energy needs.","Apple Cinnamon Yogurt (90%) [Skim Milk Concentrate, Milk Protein, Water, Cream (Milk), Sugar, Apple (3%), Thickener (1442), Natural Flavours, Cinnamon (0.01%), Caramelised Sugar, Acidity Regulator (330), Live Cultures (Milk)], Graham Cookie (7%) [Wheat Flour, Brown Sugar, Soybean Oil (Soy), Natural Flavours (Milk), Honey, Salt, Raising Agent (500), Cinnamon, White Vinegar], White Chocolate (3%) (Milk, Soy).",https://www.coles.com.au/product/gippsland-dairy-flip-apple-pie-140g-5310672,,,2024-06-18T01:50:41.099300-04:00
"Ind56SColes_ADairy, Eggs & Fridge_SAYoghurt_IDanone Yopro Perform Protein Yoghurt Mango Passionfruit | 175g",Danone Yopro Perform Protein Yoghurt Mango Passionfruit | 175g,Danone,"Dairy, Eggs & Fridge",Yoghurt,Single Serve,,$2.80,,$3.70,$1.60 per 100g,4934901,,,,"Per 100g/ml
Per Serving
%DI
Energy
287kJ
502kJ
Protein
11.5g
20.1g
Total Fat
0.7g
1.2g
Saturated Fat
0.4g
0.7g
Carbohydrate
3.9g
6.8g
Sugars
3.6g
6.3g
Calcium
251mg
439mg
55.00%
Sodium
52mg
91mg
Energy (Cal)
69Cal
120Cal
* Percentage Daily Intakes are based on an average adult diet of 8700 kJ. Your daily intakes may be higher or lower depending on your energy needs.",,https://www.coles.com.au/product/danone-yopro-perform-protein-yoghurt-mango-passionfruit-175g-4934901,,,2024-06-18T01:50:52.367982-04:00
"Ind56SColes_ADairy, Eggs & Fridge_SAYoghurt_IFarmers Union Greek Style Vanilla Bean Yoghurt | 130g",Farmers Union Greek Style Vanilla Bean Yoghurt | 130g,Farmers Union,"Dairy, Eggs & Fridge",Yoghurt,Pouch,,$2.20,Pick any 2 for $2.60,,$1.69 per 100g,3087060,"In a convenient yogurt pouch, it's the perfect kids yogurt or snack for when you're on the go! 
 
4 Health Star Rating. No artificial colours, flavours or preservatives.  
 
Proudly Aussie owned, made and loved. 

^B. Lactis (BB-12) supports gut health by improving regularity in adults as part of a balanced diet.

BB-12 is a trademark of CHR. Hansen A/S.
Perfect on the go yogurt snack with a hint of Real Vanilla Bean

Contains 1 billion probiotics per serve

Goodness of calcium

No artificial colours, preservatives or sweeteners

Gelatine free and gluten free

Australian Made and Owned.",,,"Per 100g/ml
Per Serving
%DI
Energy
401kJ
521kJ
Protein
4.9g
6.4g
Total Fat
2.9g
3.8g
Saturated Fat
1.9g
2.5g
Carbohydrate
12.3g
16.0g
Sugars
11.8g
15.3g
Calcium
174mg
226mg
28% RDI*
Sodium
50mg
65mg
Energy (Cal)
95Cal
124Cal
Dietary Fibre (total)
0g
0g
Gluten
0mg
0mg
* Percentage Daily Intakes are based on an average adult diet of 8700 kJ. Your daily intakes may be higher or lower depending on your energy needs.","Milk, Milk Solids, Water, Sugar, Cream (Milk), Thickener (Modified Starch), Natural Flavour, Acidity Regulators (Citric Acid, Sodium Citrate), Probiotic Cultures (Milk): B. lactis (BB-12), Yoghurt Cultures (Milk): S. Thermophilus, L. Bulgaricus, Vanilla Bean (0.01%), Natural Colour (Carotene)",https://www.coles.com.au/product/farmers-union-greek-style-vanilla-bean-yoghurt-130g-3087060,,,2024-06-18T01:51:03.709350-04:00
"Ind56SColes_ADairy, Eggs & Fridge_SAYoghurt_ICocobella Dairy Free Mango Coconut Yoghurt | 500g",Cocobella Dairy Free Mango Coconut Yoghurt | 500g,Cocobella,"Dairy, Eggs & Fridge",Yoghurt,Dairy Free,,$4.50,,$6.00,$0.90 per 100g,3246437,"At Cocobella, we source only the best quality coconut straight from paradise where the coconuts are grown. The delicious white coconut is pressed to make coconut milk which we deliberately ferment with live yoghurt cultures and probiotics, creating a naturally dairy-free yoghurt. Our Natural yoghurt is also naturally low in sugar. Cocobella Coconut Yoghurt can be enjoyed on it's own as a snack, topped onto your breakfast or used as a versatile ingredient within recipes.",,,"Per 100g/ml
Per Serving
%DI
Energy
558kJ
697kJ
Protein
0.8g
1.1g
Total Fat
8.3g
10.3g
Saturated Fat
7.4g
9.3g
Carbohydrate
11.1g
13.9g
Sugars
5.4g
6.8g
Sodium
14mg
18mg
* Percentage Daily Intakes are based on an average adult diet of 8700 kJ. Your daily intakes may be higher or lower depending on your energy needs.",,https://www.coles.com.au/product/cocobella-dairy-free-mango-coconut-yoghurt-500g-3246437,,,2024-06-18T01:51:14.991798-04:00
"Ind56SColes_ADairy, Eggs & Fridge_SAYoghurt_IFarmers Union Light Greek Style Natural Yoghurt | 1kg",Farmers Union Light Greek Style Natural Yoghurt | 1kg,Farmers Union,"Dairy, Eggs & Fridge",Yoghurt,Yoghurt Tubs,,$6.50,,,$0.65 per 100g,6567776,"Naturally providing a good source of calcium with no added sugar, Farmers Union Greek Style Yogurt is Australia's most loved plain Greek Style Yogurt*.

4 Health Star Rating.

Delicious and creamy, it's the perfect accompaniment to meals and snacks. Proudly Aussie owned, made and loved. 

*Data sourced from Circana MarketEdge based on data definitions provided by Bega Dairy & Drinks, MAT ending 5/3/23
Signature Farmers Union Greek Style taste & creamy texture

Made with just milk, cream & cultures

No artificial colours, flavours or preservatives

No added sugar

Goodness of Calcium

Gelatine free.

Australian Owned & Made.",,,"Per 100g/ml
Per Serving
%DI
Energy
345
431
5
Protein
5.8
7.3
15
Total Fat
3.9
4.9
7
Saturated Fat
2.6
3.3
14
Carbohydrate
6
7.5
2
Sugars
6
7.5
8
Calcium
197
246
31
Sodium
66
83
4
Energy (Cal)
83
104
5
Dietary Fibre (total)
0
0
0
Gluten
0
0
* Percentage Daily Intakes are based on an average adult diet of 8700 kJ. Your daily intakes may be higher or lower depending on your energy needs.",,https://www.coles.com.au/product/farmers-union-light-greek-style-natural-yoghurt-1kg-6567776,,,2024-06-18T01:51:26.592997-04:00
"Ind56SColes_ADairy, Eggs & Fridge_SAYoghurt_IDairy Farmers Thick & Creamy Mango Passionfruit Yoghurt | 150g",Dairy Farmers Thick & Creamy Mango Passionfruit Yoghurt | 150g,Dairy Farmers,"Dairy, Eggs & Fridge",Yoghurt,Single Serve,,$1.30,,$2.60,$0.87 per 100g,1198515,"Proudly working with farming communities to create high quality and nutritious dairy products. Australian made, owned and loved, Dairy Farmers yoghurt has been proudly nourishing Australian families since 1900. 

Enjoy delicious Dairy Farmers Yoghurt with breakfast, as a protein snack or even for dessert!

No artificial colours, flavours or preservatives 
 Gelatine free
Source of calcium and protein

Illustrations by Carla Ellis",,,,"Yoghurt with Fruit. Milk, Milk Solids, Cream (Milk), Sugar, Mango (4.1%), Passionfruit (2.8%), Thickener (Modified Starch), Natural Flavours, Milk Minerals, Live Yoghurt Cultures (Milk): S. Thermophilus, B. Lactis, L. Acidophilus & L. Bulgaricus.",https://www.coles.com.au/product/dairy-farmers-thick-and-creamy-mango-passionfruit-yoghurt-150g-1198515,,,2024-06-18T01:51:35.654774-04:00
"Ind56SColes_ADairy, Eggs & Fridge_SAYoghurt_IVitasoy Oat Yogurt Summer Fruits | 140g",Vitasoy Oat Yogurt Summer Fruits | 140g,Vitasoy,"Dairy, Eggs & Fridge",Yoghurt,Dairy Free,,$3.00,,,$2.14 per 100g,6614640,"Indulge yourself with our delicious Oat yogurt packed with Summer Fruits. Mango, pineapple, guava and passionfruit, all in one for a classic tropical zing!

With a smooth and creamy taste our yogurts are also a great source of protein & calcium.

Plus, with a 4 star health rating, Vitasoy Oat Yogurt is the perfect breakfast addition, snack or cooking companion.
Live cultured with probiotics

Smooth & creamy

Source of calcium

5g protein per serve

Mango, Guava, Passionfruit, Pineapple and Australian oats

Source of Vit D & B12.",,,"Per 100g/ml
Per Serving
%DI
Energy
417
583
7
Protein
3.8
5.3
11
Total Fat
3.1
4.3
6
Saturated Fat
1.5
2.1
9
Carbohydrate
13.5
18.6
6
Sugars
6.6
9.2
10
Calcium
120
168
21
Vitamin B12
0.20
0.28
14
Vitamin D
0.72
1.0
10
Sodium
66
92
4
Monounsaturated
1.0
1.4
Energy (Cal)
100
139
Dietary Fibre (total)
0.5
0.7
2
Polyunsaturated
0.7
1.0
Trans
0
0
* Percentage Daily Intakes are based on an average adult diet of 8700 kJ. Your daily intakes may be higher or lower depending on your energy needs.",,https://www.coles.com.au/product/vitasoy-oat-yogurt-summer-fruits-140g-6614640,,,2024-06-18T01:51:46.754782-04:00
"Ind56SColes_ADairy, Eggs & Fridge_SAYoghurt_IDairy Farmers Thick & Creamy Yoghurt Yellow Box Honey | 150g",Dairy Farmers Thick & Creamy Yoghurt Yellow Box Honey | 150g,Dairy Farmers,"Dairy, Eggs & Fridge",Yoghurt,Yoghurt Tubs,,,,,,1198490,"Proudly working with farming communities to create high quality and nutritious dairy products. Australian made, owned and loved, Dairy Farmers yoghurt has been proudly nourishing Australian families since 1900. 

Enjoy delicious Dairy Farmers Yoghurt with breakfast, as a protein snack or even for dessert!

No artificial colours, flavours or preservatives 
 Gelatine free
Source of calcium and protein

Illustrations by Carla Ellis",,,"Per 100g/ml
Per Serving
%DI
Energy
514J
771kJ
Protein
3.5g
5.3g
Total Fat
6.3g
Saturated Fat
4.1g
Carbohydrate
13.1g
Sugars
12.8g
Sodium
39mg
* Percentage Daily Intakes are based on an average adult diet of 8700 kJ. Your daily intakes may be higher or lower depending on your energy needs.",,https://www.coles.com.au/product/dairy-farmers-thick-and-creamy-yoghurt-yellow-box-honey-150g-1198490,,,2024-06-18T01:51:58.123986-04:00
"Ind56SColes_ADairy, Eggs & Fridge_SAYoghurt_IActivia Low Fat Vanilla Yoghurt 4x125g | 500g",Activia Low Fat Vanilla Yoghurt 4x125g | 500g,Activia,"Dairy, Eggs & Fridge",Yoghurt,Multipacks,,$5.75,,,$1.15 per 100g,8169355,"At the forefront of research and innovation, Danone has developed Activia to help take care of gut health* every day. Only Activia contains exclusive probiotics, Bifidus ActiRegularis, proven to survive through your stomach and reach the intestines alive, with more than 30 years of research.

*Activia helps improve digestive comfort when 250g is consumed daily for at least 4 weeks as part of a healthy lifestyle and balanced diet.

 

Activia offers you a delicious vanilla yoghurt with no added sugar and no artificial sweeteners, keeping its original creaminess and great taste.
Probiotics

Gut Health

Digestive health

No added sugar

no artificial sweeteners, no artificial colours & no preservatives

Gelatine free.

good source of calcium.",,,"Per 100g/ml
Per Serving
%DI
Energy
324kJ
406kJ
4.70%
Protein
4.7g
6.0g
11.80%
Total Fat
3.8g
4.8g
6.80%
Saturated Fat
2.4g
3.0g
12.70%
Carbohydrate
6.1g
7.6g
2.50%
Sugars
5.1g
6.4g
7.10%
Calcium
150mg
188mg
23%
Sodium
59mg
74mg
3.20%
Energy (Cal)
77Cal
97Cal
* Percentage Daily Intakes are based on an average adult diet of 8700 kJ. Your daily intakes may be higher or lower depending on your energy needs.",,https://www.coles.com.au/product/activia-low-fat-vanilla-yoghurt-4x125g-500g-8169355,,,2024-06-18T01:52:10.335373-04:00
"Ind56SColes_ADairy, Eggs & Fridge_SAYoghurt_IYoplait Berry Punnet Yoghurt 100g | 12 Pack",Yoplait Berry Punnet Yoghurt 100g | 12 Pack,Yoplait,"Dairy, Eggs & Fridge",Yoghurt,Multipacks,,$8.00,,,$0.67 per 100g,8877195,"Made in Australia and available in 5 delicious flavours including Vanilla, Strawberry, Mango, Passionfruit and Mixed Berry. 

4 Health Star Rating.

As part of a balanced diet, Yoplait naturally provides essential nutrients for a healthy mind and body:
Calcium and phosphorous - for strong bones and teeth 
Iodine and vitamin B5 - for brain health
Potassium - for muscle function and hydration 
Vitamin B2 - for energy maintenance 
Vitamin B12 - for immune support 

*Circana Total Business, Top 10 Brands by volume (litres 000), MAT to 26.03.23
Made with real fruit and goodness of milk

loved by Australians since 1982

6 essential nutrients

simple & delicious yoghurt for the whole family

no artifical flavours, colours or preservatives

Made in Victoria, Australia..

12 x single serve tubs - perfect for a snack.",,,,"Strawberry: Milk, Skim Milk, Milk Solids, Strawberry (7%), Sugar, Thickeners (Modified Starch, Gelatine, Carrageenan), Natural Flavours, Acidity Regulators (Sodium Citrate, Citric Acid), Carrot Concentrates, Calcium Chloride, Live Yoghurt Cultures (Milk): S. Thermophilus & L. Bulgaricus. Mixed berry: Milk, Skim Milk, Milk Solids, Sugar, Fruits (6.5%) [Strawberry, Blackberry, Blueberry], Thickeners (Gelatine, Modified Starch, Pectin), Natural Flavours, Acidity Regulator (Sodium Citrate), Black Carrot & Blackcurrant Concentrate, Mineral Salt (Calcium Chloride), Live Yoghurt Cultures (Milk): S. Thermophilus & L. Bulgaricus. Raspberry: Milk, Skim Milk, Milk Solids, Sugar, Raspberry (6%), Thickeners (Gelatine, Modified Starch, Guar Gum), Natural Flavours, Acidity Regulator (Sodium Citrate), Black Carrot & Blackcurrant Concentrate, Live Yoghurt Cultures (Milk): S. Thermophilus & L. Bulgaricus.",https://www.coles.com.au/product/yoplait-berry-punnet-yoghurt-100g-12-pack-8877195,,,2024-06-18T01:52:19.460115-04:00
"Ind56SColes_ADairy, Eggs & Fridge_SAYoghurt_IActivia Low Fat Field Berries Yoghurt 4x125g | 500g",Activia Low Fat Field Berries Yoghurt 4x125g | 500g,Activia,"Dairy, Eggs & Fridge",Yoghurt,Multipacks,,$5.75,,,$1.15 per 100g,8169435,"At the forefront of research and innovation, Danone has developed Activia to help take care of gut health* every day. Only Activia contains exclusive probiotics, Bifidus ActiRegularis, proven to survive through your stomach and reach the intestines alive, with more than 30 years of research.

*Activia helps improve digestive comfort when 250g is consumed daily for at least 4 weeks as part of a healthy lifestyle and balanced diet.

 

Activia offers you a delicious mixed berries yoghurt with no added sugar and no artificial sweeteners, keeping its original creaminess and great taste.
Probiotics

Gut Health

Digestive health

No added sugar

no artificial sweeteners, no artificial colours & no preservatives

Gelatine free.

good source of calcium.",,,"Per 100g/ml
Per Serving
%DI
Energy
360kJ
450kJ
5.20%
Protein
5.2g
6.5g
13.00%
Total Fat
3.8g
4.8g
6.80%
Saturated Fat
2.6g
3.2g
13.30%
Carbohydrate
7.6g
9.5g
3.10%
Sugars
6.8g
8.5g
9.40%
Calcium
176mg
220mg
28%
Sodium
55mg
69mg
3.00%
Energy (Cal)
86Cal
108Cal
5.20%
* Percentage Daily Intakes are based on an average adult diet of 8700 kJ. Your daily intakes may be higher or lower depending on your energy needs.",,https://www.coles.com.au/product/activia-low-fat-field-berries-yoghurt-4x125g-500g-8169435,,,2024-06-18T01:52:30.936271-04:00
"Ind56SColes_ADairy, Eggs & Fridge_SAChips, crackers & snacks_ISunbeam Australian Nuts Slivered Almonds | 100g",Sunbeam Australian Nuts Slivered Almonds | 100g,Sunbeam,"Dairy, Eggs & Fridge","Chips, crackers & snacks",Nuts & trail mix,,$5.50,,,$55.00 per 1kg,5619568,,,,,,https://www.coles.com.au/product/sunbeam-australian-nuts-slivered-almonds-100g-5619568,,,2024-06-18T01:52:41.020357-04:00
"Ind56SColes_ADairy, Eggs & Fridge_SAYoghurt_IYoplait Vanilla Yoghurt | 1kg",Yoplait Vanilla Yoghurt | 1kg,Yoplait,"Dairy, Eggs & Fridge",Yoghurt,Yoghurt Tubs,,$4.90,,,$0.49 per 100g,8716913,"Made in Australia and available in 4 delicious flavours including Vanilla, Strawberry, Mango and Passionfruit.

4 Health Star Rating.

As part of a balanced diet, Yoplait naturally provides essential nutrients for a healthy mind and body:

Protein - for muscle growth, development and repair 
Calcium and phosphorous - for strong bones and teeth 
Iodine and vitamin B5 - for brain health
Potassium - for muscle function and hydration 
Vitamin B2 - for energy maintenance 
Vitamin B12 - for immune support 

*Circana Total Business, Top 10 Brands by volume (litres 000), MAT to 26.03.23
Made with real vanilla and goodness of milk

loved by Australians since 1982

8 essential nutrients

simple & delicious yoghurt for the whole family

no artifical flavours, colours or preservatives

Made in Victoria, Australia..

1kg share tub for the whole family.",,,"Per 100g/ml
Per Serving
%DI
Energy
366kJ
586kJ
7%
Protein
4.4g
7.0g
14%
Total Fat
1.9g
3.0g
4%
Saturated Fat
1.2g
1.9g
8%
Carbohydrate
13.0g
20.8g
7%
Sugars
12.6g
20.1g
22%
Vitamin B2
0.22mg
0.35mg
21% RDI*
Calcium
142mg
227mg
28% RDI*
Vitamin B12
0.24ug
0.38ug
19% RDI*
Sodium
48mg
77mg
3%
Energy (Cal)
87Cal
139Cal
Dietary Fibre (total)
0g
0g
0%
Gluten
0mg
0mg
Potassium
198mg
317mg
Vitamin B5
0.32mg
0.51mg
10% RDI*
Iodine
20ug
32ug
21% RDI*
* Percentage Daily Intakes are based on an average adult diet of 8700 kJ. Your daily intakes may be higher or lower depending on your energy needs.",,https://www.coles.com.au/product/yoplait-vanilla-yoghurt-1kg-8716913,,,2024-06-18T01:52:52.370971-04:00
"Ind56SColes_ADairy, Eggs & Fridge_SAYoghurt_ITamar Valley Greek Style Vanilla Bean Yoghurt | 700g",Tamar Valley Greek Style Vanilla Bean Yoghurt | 700g,Tamar Valley,"Dairy, Eggs & Fridge",Yoghurt,Yoghurt Tubs,,$7.50,,,$1.07 per 100g,2980012,"There's nowhere quite as pure and natural as the rolling hills of Tasmania. 
We believe Tasmania's pristine environment is the perfect place to source milk for our delicious, thick and creamy yoghurts. 

Our yoghurts are made with natural ingredients, real vanilla bean and fresh Tasmanian milk. Just pure and simple goodness - nothing else. 

Explore the creamery range and taste the all natural goodness of Tamar Valley Dairy for yourself. 
All natural

Made with Tasmanian milk

Greek Style

Thick & creamy

Gelatine free

Gluten free.",,,"Per 100g/ml
Per Serving
%DI
Energy
576kJ
576kJ
Protein
5.3g
5.3g
Total Fat
5.0g
5.0g
Saturated Fat
3.3g
3.3g
Carbohydrate
17.7g
17.7g
Sugars
13.8g
13.8g
Calcium
198mg
198mg
Sodium
42mg
42mg
Monounsaturated
0
0
Energy (Cal)
138Cal
138Cal
Dietary Fibre (total)
0
0
Polyunsaturated
0
0
Gluten
Nil
Nil
Trans
0
0
* Percentage Daily Intakes are based on an average adult diet of 8700 kJ. Your daily intakes may be higher or lower depending on your energy needs.","Milk, Sugar, Milk Solids, Cream, Rice Starch, Natural Flavours, Caramelised Sugar, Vanilla Bean (0.01%), Lemon Juice Concentrate, Live Cultures.",https://www.coles.com.au/product/tamar-valley-greek-style-vanilla-bean-yoghurt-700g-2980012,,,2024-06-18T01:53:05.358270-04:00
"Ind56SColes_ADairy, Eggs & Fridge_SADairy, chilled & frozen_IDanone The Ultimate Tropical Mango Yoghurt 4x115g | 4 pack",Danone The Ultimate Tropical Mango Yoghurt 4x115g | 4 pack,Danone,"Dairy, Eggs & Fridge","Dairy, chilled & frozen",Cheese & yoghurt,,$4.50,,,"$0.98 per 100g
Was $5.75 on May 2024",3310194,"Our Creamery in Victoria's alpine highlands, surrounded by dairy country, is home to some of the best yoghurt makers in Australia. Danone adds its expertise and artistry from Australia and Europe to create the irresistible indulgent experience. Ultimate yoghurt is made with the creamiest of milks and a dreamy double cream texture.
Perfectly crafted decadence experience to crave your PM snack occasion.
Double cream

Thick, rich, creamy indulgent yoghurt

Greek-style yoghurt

Live yoghurt cultures

Visit the site to discover more about Kiewa creamery",,,"Per 100g/ml
Per Serving
%DI
Energy
571
657
7.60%
Protein
3.1
3.6
7.10%
Total Fat
7.9
9.1
13%
Saturated Fat
4.7
5.4
22.50%
Carbohydrate
13.2
15.2
4.90%
Sugars
13
15
16.60%
Calcium
103
118
15%
Sodium
31
36
1.60%
Energy (Cal)
136
157
7%
* Percentage Daily Intakes are based on an average adult diet of 8700 kJ. Your daily intakes may be higher or lower depending on your energy needs.",,https://www.coles.com.au/product/danone-the-ultimate-tropical-mango-yoghurt-4x115g-4-pack-3310194,,,2024-06-18T01:53:16.790211-04:00
"Ind56SColes_ADairy, Eggs & Fridge_SAYoghurt_IJalna A2 Protien Yoghurt Vanilla | 1kg",Jalna A2 Protien Yoghurt Vanilla | 1kg,Jalna,"Dairy, Eggs & Fridge",Yoghurt,Yoghurt Tubs,,$8.80,,,$0.88 per 100g,7654413,"3 Live Cultures
S. thermophilus, L. bulgaricus, Bifidobacterium
Free From: Gluten, Gelatine, Thickeners, Preservatives, Artificial Colours, Artificial Flavours and Artificial Sweeteners.",,,"Per 100g/ml
Per Serving
%DI
Energy
339kJ
576kJ
Protein
3.1g
5.3g
Total Fat
3.3g
5.6g
Saturated Fat
2.5g
4.3g
Carbohydrate
7.7g
13.1g
Sugars
7.2g
12.2g
Calcium
110mg
187mg
23%
Sodium
34mg
58mg
Dietary Fibre (total)
2.3g
3.9g
Gluten
Undetected
Undetected
* Percentage Daily Intakes are based on an average adult diet of 8700 kJ. Your daily intakes may be higher or lower depending on your energy needs.","A2 Protein Milk, Sugar, Vegetable Fibre, Whey Protein Concentrate (from Milk), Natural Flavour, Enzyme (Lactase), Live Yoghurt Cultures (from Milk) [incl. S. Thermophilus, L. Bulgaricus, Bifidobacterium]",https://www.coles.com.au/product/jalna-a2-protien-yoghurt-vanilla-1kg-7654413,,,2024-06-18T01:53:27.780311-04:00
"Ind56SColes_ADairy, Eggs & Fridge_SAYoghurt_IChobani Greek Yogurt Lemon | 160g",Chobani Greek Yogurt Lemon | 160g,Chobani,"Dairy, Eggs & Fridge",Yoghurt,Single Serve,,$2.70,,,$1.69 per 100g,5938613,"Chobani Greek Yogurt is deliciously simple. Made using just milk and cultures, which we triple strain using an authentic process so it's naturally thick and creamy, then layered onto lemon.



Strained to be naturally thick

High in natural protein

No preservatives, artificial colours or flavours

Source of calcium

Contains Live & Active Cultures

Made in Australia",,,"Per 100g/ml
Per Serving
%DI
Energy
371kJ
594kJ
Protein
7.7g
12.4g
Total Fat
1.7g
2.7g
Saturated Fat
1.0g
1.7g
Carbohydrate
10.5g
16.8g
Sugars
9.3g
14.9g
Calcium
106mg
170mg
Sodium
65mg
104mg
Energy (Cal)
89Cal
142Cal
* Percentage Daily Intakes are based on an average adult diet of 8700 kJ. Your daily intakes may be higher or lower depending on your energy needs.",,https://www.coles.com.au/product/chobani-greek-yogurt-lemon-160g-5938613,,,2024-06-18T01:53:38.950951-04:00
"Ind56SColes_ADairy, Eggs & Fridge_SAYoghurt_IVaalia Plain Yoghurt Low Fat | 900g",Vaalia Plain Yoghurt Low Fat | 900g,Vaalia,"Dairy, Eggs & Fridge",Yoghurt,Yoghurt Tubs,,$5.50,,,$0.61 per 100g,7019460,"Get Gut Happy! Experience the goodness of Vaalia Probiotic Yoghurt, a delicious and nutritious addition to your daily routine, which is proven to boost your digestion and immunity*. Vaalia Natural Probiotic Yoghurt is a delicious probiotic yoghurt with billions of live & active cultures, no artificial colours or sweeteners and no preservatives.

Did you know not all yoghurts contain probiotics?

Probiotic Powerhouse: Vaalia Probiotic Yoghurt is made with a carefully selected, unique blend of probiotic cultures that support your digestive system, your immune system and contribute to overall gut wellness.

Whether enjoyed on its own, mixed with fruits and granola, or as a creamy base for your smoothies, Vaalia Probiotic Yogurt is a versatile delight that can be enjoyed in countless ways. Packed with protein, calcium, and other essential vitamins, it's a wholesome snack that contributes to your overall wellbeing.

- Billions of live & active cultures
- No artificial colours or sweeteners.
- No preservatives.
- Source of protein.
- High source of calcium.
- Source of dietary fibre.
- Low fat.
- Gelatin free.

*As part of a varied and healthy diet, LGG and BB-12 probiotics in Vaalia yoghurt at a daily intake of at least 1 billion CFU each can strengthen the immune system and improve bowel function in the general adult population, also with dietary fibre for regularity.
LGG and BB-12 are registered trademarks of Chr. Hansen.
- 4.5 Billions of live & active cultures'

- LGG probiotic can help strengthen your immune system*

- BB-12 probiotic and dietary fibre for digestive support*

- Source of protein

- Source of prebiotic dietary fibre

- Low fat.

- High source of calcium.

- No artificial colours or sweeteners - No preservatives.",,,"Per 100g/ml
Per Serving
%DI
Energy
340kJ
510kJ
6%
Protein
6.0g
9.0g
18%
Total Fat
1.9g
2.9g
4%
Saturated Fat
1.2g
1.8g
7%
Carbohydrate
8.8g
13.2g
4%
Sugars
7.4g
11.1g
12%
Calcium
200 mg
300 mg
37% RDI*
Sodium
89mg
133mg
6%
Monounsaturated
0g
0g
Energy (Cal)
81Cal
122Cal
6%
Dietary Fibre (total)
1.8g
2.7g
9%
Polyunsaturated
0g
0g
Trans
0g
0g
* Percentage Daily Intakes are based on an average adult diet of 8700 kJ. Your daily intakes may be higher or lower depending on your energy needs.",,https://www.coles.com.au/product/vaalia-plain-yoghurt-low-fat-900g-7019460,,,2024-06-18T01:53:51.247326-04:00
"Ind56SColes_ADairy, Eggs & Fridge_SAYoghurt_IVaalia Kids Vanilla Yoghurt Pouch | 140g",Vaalia Kids Vanilla Yoghurt Pouch | 140g,Vaalia,"Dairy, Eggs & Fridge",Yoghurt,Pouch,,$1.20,,$2.40,$0.86 per 100g,7246869,"Vaalia Kids Probiotic Yoghurt Vanilla is made with 3 probiotics including LGG which can help strengthen the immune system*.

Full of calcium for strong bones and teeth
Protein for growing bodies'
Contains the vitamin B12 for sustained energy and concentration.

Vaalia Kids yoghurt is available in a variety of delicious flavours the kids will love, making them the perfect delicious snack to pop in the lunchbox or when your kids are on-the-go!


*LGG in Vaalia yoghurt at a daily intake of at least 1 billion CFU can strengthen the immune system in the general population. As part of a varied and healthy diet.
'Protein for normal growth and development for children 4 years and over.
LGG and BB-12 are registered trademarks of Chr. Hansen.
- LGG can help strengthen the immune system*.

- Protein for growing bodies.

- Calcium for strong bones and teeth.

- Vitamin B12 for sustained energy and concentration.

- No artificial colours, flavours or sweeteners.

- No preservatives..

- Gluten free..

- Suitable for children 12+ months..",,,"Per 100g/ml
Per Serving
%DI
Energy
378kJ
529kJ
Protein
4.6g
6.4g
Total Fat
2.5g
3.5g
Saturated Fat
1.7g
2.4g
Carbohydrate
12.2g
17.1g
Sugars
9.4g
13.2g
Calcium
160 mg
224 mg
28% RDI*
Vitamin B12
0.2 ug
0.3 ug
14% RDI*
Sodium
48mg
67mg
Monounsaturated
0g
0g
Energy (Cal)
90Cal
127Cal
Dietary Fibre (total)
0g
0g
Polyunsaturated
0g
0g
Gluten
NIL
NIL
Trans
0g
0g
* Percentage Daily Intakes are based on an average adult diet of 8700 kJ. Your daily intakes may be higher or lower depending on your energy needs.",,https://www.coles.com.au/product/vaalia-kids-vanilla-yoghurt-pouch-140g-7246869,,,2024-06-18T01:54:02.519980-04:00
"Ind56SColes_ADairy, Eggs & Fridge_SAYoghurt_IChobani Greek Yogurt Pouch Mango | 140g",Chobani Greek Yogurt Pouch Mango | 140g,Chobani,"Dairy, Eggs & Fridge",Yoghurt,Pouch,,$2.70,,,$1.93 per 100g,4348975,"Chobani Greek Yogurt is deliciously simple. Made using just milk and cultures, which we triple strain using an authentic process so it's naturally thick and creamy, then blended with peach.


Less than 0.5% fat

Strained to be naturally thick

High in natural protein

No preservatives, artificial colours or flavours

Source of calcium

Contains Live & Active Cultures

Made in Australia.",,,"Per 100g/ml
Per Serving
%DI
Energy
300kJ
420kJ
Protein
7.9g
11.0g
Total Fat
0.2g
0.3g
Saturated Fat
0.1g
0.1g
Carbohydrate
9.4g
13.1g
Sugars
8.7g
12.2g
Calcium
105mg
147mg
Sodium
29mg
40mg
Energy (Cal)
72Cal
100Cal
* Percentage Daily Intakes are based on an average adult diet of 8700 kJ. Your daily intakes may be higher or lower depending on your energy needs.",,https://www.coles.com.au/product/chobani-greek-yogurt-pouch-mango-140g-4348975,,,2024-06-18T01:54:13.610553-04:00
"Ind56SColes_ADairy, Eggs & Fridge_SAYoghurt_IChobani Greek Yogurt Pouch Raspberry | 140g",Chobani Greek Yogurt Pouch Raspberry | 140g,Chobani,"Dairy, Eggs & Fridge",Yoghurt,Pouch,,$2.70,,,$1.93 per 100g,1872885,"Chobani Greek Yogurt is deliciously simple. Made using just milk and cultures, which we triple strain using an authentic process so it's naturally thick and creamy, then blended with raspberry.


Less than 0.5% fat

Strained to be naturally thick

High in natural protein

No preservatives, artificial colours or flavours

Source of calcium

Contains Live & Active Cultures

Made in Australia.

At Chobani we believe yogurt should be simple: just milk and cultures, which we strain using a centuries-old authentic process to make it deliciously thick. It takes 3 cups of milk to make 1 cup of Chobani Yogurt which is why it's so creamy and packed with protein.

No preservatives, artificial colours or flavours.

High in natural protein

To discover our full range of products & more, visit chobani.com.au",,,"Per 100g/ml
Per Serving
%DI
Energy
338kJ
473kJ
Protein
8.0g
11.1g
Total Fat
0.2g
0.3g
Saturated Fat
0.1g
0.1g
Carbohydrate
11.3g
15.9g
Sugars
10.7g
15.0g
Calcium
107mg
150mg
Sodium
33mg
47mg
Energy (Cal)
81Cal
113Cal
* Percentage Daily Intakes are based on an average adult diet of 8700 kJ. Your daily intakes may be higher or lower depending on your energy needs.","Skim Milk, Sugar, Raspberry (4%), Water, Vegetable Gums (Pectin, Locust Bean Gum), Natural Flavours, Mineral Salt (Calcium Citrate), Acidity Regulators (Citric Acid, Sodium Citrate), Vegetable Concentrate, Live Cultures (Milk).",https://www.coles.com.au/product/chobani-greek-yogurt-pouch-raspberry-140g-1872885,,,2024-06-18T01:54:24.688883-04:00
"Ind56SColes_ADairy, Eggs & Fridge_SAYoghurt_IFarmers Union Greek Style Natural Yoghurt | 1kg",Farmers Union Greek Style Natural Yoghurt | 1kg,Farmers Union,"Dairy, Eggs & Fridge",Yoghurt,Yoghurt Tubs,,$6.50,,,$0.65 per 100g,5266865,"Naturally providing a good source of calcium with no added sugar, Farmers Union Greek Style Yogurt is Australia's most loved plain Greek Style Yogurt*.

Delicious and creamy, it's the perfect accompaniment to meals and snacks. Proudly Aussie owned, made and loved. 

*Data sourced from Circana MarketEdge based on data definitions provided by Bega Dairy & Drinks, MAT ending 5/3/23
Signature Farmers Union Greek Style taste & creamy texture

Made with just milk, cream & cultures

No artificial colours, flavours or preservatives

No added sugar

Goodness of Calcium

Gelatine free.

Australian Owned & Made.",,,"Per 100g/ml
Per Serving
%DI
Energy
513
641
7
Protein
4.5g
5.6g
11
Total Fat
9.4g
11.8g
17
Saturated Fat
6.1g
7.6g
32
Carbohydrate
5.2g
6.5g
2
Sugars
5.2g
6.5g
7
Calcium
162mg
203mg
25
Sodium
57mg
71mg
3
Energy (Cal)
122
153
7
Dietary Fibre (total)
0
0
0
Gluten
0
0
* Percentage Daily Intakes are based on an average adult diet of 8700 kJ. Your daily intakes may be higher or lower depending on your energy needs.",,https://www.coles.com.au/product/farmers-union-greek-style-natural-yoghurt-1kg-5266865,,,2024-06-18T01:54:36.191097-04:00
"Ind56SColes_ADairy, Eggs & Fridge_SAYoghurt_IYoplait Petit Miam Squeezie Banana Yoghurt Pouch | 70g",Yoplait Petit Miam Squeezie Banana Yoghurt Pouch | 70g,Yoplait,"Dairy, Eggs & Fridge",Yoghurt,Pouch,,$1.10,Pick any 5 for $4.25,,$1.57 per 100g,6569240,"Made in Australia. 4.5 health star rating.

With no artificial colours, flavours or preservatives, Yoplait Petit Miam is an ideal snack for busy kids on the go. 

With innovative packaging to enjoy anywhere, anytime, Yoplait's nutritious yoghurt leaves behind no mess and zero dirty dishes! 

Made in Australia and available in delicious flavours including Plain, Strawberry, Mango, Blueberry, Vanilla, Banana & Fruit Salad. 

*Circana Total Business, Top 10 Brands by volume (litres 000), MAT to 26.03.23

^As part of a balanced diet. 
Yoplait Petit Miam Banana Yoghurt Pouch is a tasty nutritious snack for kids made with real fruit and goodness of milk

Made with live cultures and high in calcium for strong bones

It has NO artificial colours, flavours or preservatives.

Convenient on the go snack or freeze for lunch box.

Available in Strawberry, Vanilla, Blueberry, Mango, Banana and Fruit Salad flavours

Made in Victoria from at least 92% Australian ingredients.",,,"Per 100g/ml
Per Serving
%DI
Energy
301kJ
211kJ
Protein
3.4g
2.4g
Total Fat
2.3g
1.6g
Saturated Fat
1.5g
1.1g
Carbohydrate
9.2g
6.4g
Sugars
7.4g
5.2g
Calcium
207mg
145mg
Sodium
43mg
30mg
Energy (Cal)
72Cal
50Cal
* Percentage Daily Intakes are based on an average adult diet of 8700 kJ. Your daily intakes may be higher or lower depending on your energy needs.","Milk (min. 70%) [Milk, Skim Milk], Water, Milk Solids, Banana (5%), Sugar, Thickener (1442), Mineral Calcium (341), Natural Flavours, Acidity Regulators (330, 331), Natural Colour (160b), Vitamin D, Yoghurt Cultures: S. Thermophilus, L. Bulgaricus & B. Lactis.",https://www.coles.com.au/product/yoplait-petit-miam-squeezie-banana-yoghurt-pouch-70g-6569240,,,2024-06-18T01:54:47.559233-04:00
"Ind56SColes_ADairy, Eggs & Fridge_SAYoghurt_ICoyo Dairy Free Yoghurt Probiotic No Added Sugar Yoghurt Natural | 500g",Coyo Dairy Free Yoghurt Probiotic No Added Sugar Yoghurt Natural | 500g,Coyo,"Dairy, Eggs & Fridge",Yoghurt,Dairy Free,,$8.50,,,$1.70 per 100g,2993411,"Your Favourite Natural Dairy Free Yoghurt With No Added Sugar!


COYO Dairy Free Natural Coconut Yoghurt is a much loved classic and contains no added sugar! Our master yoghurt makers have produced a deliciously silky smooth, super creamy and multi-award winning dairy free yoghurt made using certified organic coconut cream and exclusive probiotics.


Packed with Prebiotic Fibre and Clinically Researched Probiotics.
 

We've partnered with Chr. Hansen to include beneficial live cultures and plant powered probiotics that help nourish your microbiome! Supported by chicory root as a source of prebiotic fibre to help the good bacteria thrive, COYO Dairy Free Yoghurt contains clinically researched probiotic strains BB-12 and L-CASEI 431.


Made with Certified Organic Coconut.
 

Each tub of COYO Dairy Free Yoghurt harnesses the goodness of organic coconuts so you can taste the COYO difference in every creamy dollop! Ethically farmed using permaculture principles, the farming practices of our coconuts put people, the planet, and nutrition first.


COYO is a Delicious and Easy Way to Keep Well.
 

For a nutritional dollop at every meal, simply just add COYO. Give your smoothies a probiotic boost, enjoy a healthful snack with a serving of fruit, replace heavy creams with fresh whipped COYO, or simply dollop on your breakfast. Get creative and remember the joy of eating and keeping well! You can discover delicious dairy-free recipes at coyo.com.


What You'll Love:

Dairy Free 
No Added Sugar
Organic Coconut 
Probiotic 
Prebiotic Fibre 
Certified Kosher 
Aussie Made 
Family Owned 
Award-Winning ",,,"Per 100g/ml
Per Serving
%DI
Energy
654kJ
654kJ
Protein
1.3g
1.3g
Total Fat
14.9g
14.9g
Saturated Fat
14.1g
14.1g
Carbohydrate
4.7g
4.7g
Sugars
1.4g
1.4g
Sodium
7mg
7mg
* Percentage Daily Intakes are based on an average adult diet of 8700 kJ. Your daily intakes may be higher or lower depending on your energy needs.",,https://www.coles.com.au/product/coyo-dairy-free-yoghurt-probiotic-no-added-sugar-yoghurt-natural-500g-2993411,,,2024-06-18T01:54:58.628990-04:00
"Ind56SColes_ADairy, Eggs & Fridge_SAYoghurt_IFive:AM Organic Vanilla Bean Yoghurt | 170g",Five:AM Organic Vanilla Bean Yoghurt | 170g,Five:AM,"Dairy, Eggs & Fridge",Yoghurt,Single Serve,,$3.00,Pick any 2 for $4,,$1.76 per 100g,1196360,"We are passionate about starting each day with positivity and living with an appetite for life.
Our thick, creamy organic yoghurt is farm gate fresh, so you can eat what makes you feel good.
Organic

Aussie made & owned",,,"Per 100g/ml
Per Serving
%DI
Energy
474
805
Protein
4.5
7.6
Total Fat
5.3
9
Saturated Fat
3.4
5.8
Carbohydrate
11.2
19
Sugars
10.4
17.7
Calcium
90
153
Sodium
64
153
* Percentage Daily Intakes are based on an average adult diet of 8700 kJ. Your daily intakes may be higher or lower depending on your energy needs.",,https://www.coles.com.au/product/five:am-organic-vanilla-bean-yoghurt-170g-1196360,,,2024-06-18T01:55:10.552335-04:00
"Ind56SColes_ADairy, Eggs & Fridge_SAYoghurt_IJalna Farm To Pot Organic Yoghurt Greek | 1kg",Jalna Farm To Pot Organic Yoghurt Greek | 1kg,Jalna,"Dairy, Eggs & Fridge",Yoghurt,Yoghurt Tubs,,$7.80,,,"$0.78 per 100g
Was $8.80 on Mar 2024",3816954,"Just like it says on the label, we use only whole milk from Certified Organic Australian dairy farms and pour it directly into our pots to make pure organic yoghurt the natural Jalna pot set way. Sourcing from certi?ed organic farms ensures milk is as pure as it can be, free from any nasties, like pesticides and preservatives. It's exclusively sourced from Australian dairy farms that employ ethical and sustainable farming practices. Just whole milk and all-natural cultures blended together to create the highest quality, deliciously creamy and most pure yoghurt possible - that you and your family will love.",,,"Per 100g/ml
Per Serving
%DI
Energy
452kJ
452kJ
0%
Protein
3.4g
3.4g
0%
Total Fat
8.5g
8.5g
0%
Saturated Fat
5.9g
5.9g
0%
Carbohydrate
4.7g
4.7g
0%
Sugars
3.2g
3.2g
0%
Calcium
124mg
124mg
16%
Sodium
36mg
36mg
0%
Dietary Fibre (total)
0g
0g
0%
Gluten
Undetected
Undetected
0%
* Percentage Daily Intakes are based on an average adult diet of 8700 kJ. Your daily intakes may be higher or lower depending on your energy needs.",,https://www.coles.com.au/product/jalna-farm-to-pot-organic-yoghurt-greek-1kg-3816954,,,2024-06-18T01:55:21.621060-04:00
"Ind56SColes_ADairy, Eggs & Fridge_SAYoghurt_IVaalia Blueberry Yoghurt | 900g",Vaalia Blueberry Yoghurt | 900g,Vaalia,"Dairy, Eggs & Fridge",Yoghurt,Yoghurt Tubs,,$5.50,,,$0.61 per 100g,3725000,"Get Gut Happy! Experience the goodness of Vaalia Probiotic Yoghurt, a delicious and nutritious addition to your daily routine, which is proven to boost your digestion and immunity*. Vaalia Probiotic Blueberry Yoghurt is a delicious probiotic yoghurt with billions of live & active cultures, no artificial colours or sweeteners and no preservatives.

 

Did you know not all yoghurts contain probiotics?

Probiotic Powerhouse: Vaalia Probiotic Yoghurt is made with a carefully selected, unique blend of probiotic cultures that support your digestive system, your immune system and contribute to overall gut wellness.

 

Whether enjoyed on its own, mixed with fruits and granola, or as a creamy base for your smoothies, Vaalia Probiotic Yogurt is a versatile delight that can be enjoyed in countless ways. Packed with protein, calcium, and other essential vitamins, it's a wholesome snack that contributes to your overall wellbeing.

 

Proudly made in Australia with 100% Australian milk.

 

*(As part of a varied and healthy diet, LGG and BB-12 probiotics in Vaalia yoghurt at a daily intake of at least 1 billion CFU each can strengthen the immune system and improve bowel function in the general adult population, also with dietary fibre for regularity.)

LGG and BB-12 are registered trademarks of Chr. Hansen.
LGG probiotic can help strengthen your immune system*

BB-12 probiotic and dietary fibre for digestive support*

No artificial colours or sweeteners

No preservatives

Source of protein

High source of calcium.

Source of dietary fibre.

Low fat.",,,"Per 100g/ml
Per Serving
%DI
Energy
377kJ
566kJ
6%
Protein
4.5g
6.8g
14%
Total Fat
2.1g
3.2g
5%
Saturated Fat
1.4g
2g
8%
Carbohydrate
12.1g
18.2g
6%
Sugars
9.4g
14.1g
16%
Calcium
144 mg
216 mg
27% RDI*
Sodium
58mg
87mg
4%
Monounsaturated
0g
0g
0%
Energy (Cal)
90Cal
135Cal
6%
Dietary Fibre (total)
1.4g
2.2g
7%
Polyunsaturated
0g
0g
0%
Trans
0g
0g
0%
* Percentage Daily Intakes are based on an average adult diet of 8700 kJ. Your daily intakes may be higher or lower depending on your energy needs.",,https://www.coles.com.au/product/vaalia-blueberry-yoghurt-900g-3725000,,,2024-06-18T01:55:32.787243-04:00
"Ind56SColes_ADairy, Eggs & Fridge_SAYoghurt_IChobani Flip Yogurt Triple Choc Brownie | 140g",Chobani Flip Yogurt Triple Choc Brownie | 140g,Chobani,"Dairy, Eggs & Fridge",Yoghurt,Single Serve,,$3.50,,,$2.50 per 100g,6621645,"Chobani Flip is a great way to curb those 3pm cravings. The perfect better-for-you snack, perfectly portioned, packed with natural protein and no artificial flavours, colours or preservatives.



High in natural protein

No preservatives, artificial colours or flavours

Source of calcium

Contains Live & Active Cultures

Made in Australia",,,"Per 100g/ml
Per Serving
%DI
Energy
570kJ
798kJ
Protein
7.7g
10.8g
Total Fat
3.6g
5.0g
Saturated Fat
2.1g
2.9g
Carbohydrate
17.8g
24.9g
Sugars
15.3g
21.5g
Calcium
104mg
145mg
Sodium
57mg
80mg
Energy (Cal)
136Cal
191Cal
* Percentage Daily Intakes are based on an average adult diet of 8700 kJ. Your daily intakes may be higher or lower depending on your energy needs.",,https://www.coles.com.au/product/chobani-flip-yogurt-triple-choc-brownie-140g-6621645,,,2024-06-18T01:55:45.304361-04:00
"Ind56SColes_ADairy, Eggs & Fridge_SAYoghurt_IJalna Lactose Free Whole Milk Natural Yoghurt | 1kg",Jalna Lactose Free Whole Milk Natural Yoghurt | 1kg,Jalna,"Dairy, Eggs & Fridge",Yoghurt,Yoghurt Tubs,,$7.80,,,"$0.78 per 100g
Was $8.80 on Mar 2024",3242968,"We believe nature got it right. For over 60 years, we've made yoghurt the traditional, natural way in our special pots. We start with fresh milk from Aussie dairy farms, add all-natural ingredients, then with a little time and a great deal of care we create uniquely thick and delicious pot set yoghurt.
Now everybody can enjoy our delicious yoghurt with the Jalna Lactose Free Range. Giving you the goodness of dairy like calcium, protein and probiotic benefits, but without any lactose. It's perfect for lactose sensitive tummies and it tastes delicious, plus it's FODMAP friendly.
Delightful in a bowl by itself or on fresh fruit, it's a delicious yoghurt the whole family will enjoy, made the traditional pot set way.
It comes in 1kg Greek, Natural and Vanilla.
100% All Natural
5 culture strains
Free from: Gluten, Gelatine, Thickeners, Preservatives, Artificial Colours, Artificial Flavours and Artificial Sweeteners
Australian Made",,,"Per 100g/ml
Per Serving
%DI
Energy
359kJ
359kJ
0%
Protein
4.8g
4.8g
0%
Total Fat
4.4g
4.4g
0%
Saturated Fat
3g
3g
0%
Carbohydrate
5.8g
5.8g
0%
Sugars
5.8g
5.8g
0%
Calcium
156mg
156mg
20%
Sodium
43mg
43mg
0%
Dietary Fibre (total)
0g
0g
0%
* Percentage Daily Intakes are based on an average adult diet of 8700 kJ. Your daily intakes may be higher or lower depending on your energy needs.",,https://www.coles.com.au/product/jalna-lactose-free-whole-milk-natural-yoghurt-1kg-3242968,,,2024-06-18T01:55:56.670085-04:00
"Ind56SColes_ADairy, Eggs & Fridge_SA_IChobani No Sugar Added Yogurt Vanilla | 150g",Chobani No Sugar Added Yogurt Vanilla | 150g,Chobani,"Dairy, Eggs & Fridge",,,,$2.70,,,$1.80 per 100g,5937600,"Chobani Greek Yogurt is deliciously simple. Made with just milk and cultures, our yogurt is strained so it's naturally thick and creamy. We then blend it with vanilla bean, for the perfect everyday snack.



Contains One Billion Probiotics

High in natural protein

No sweeteners added

No preservatives, artificial colours or flavours

Source of calcium

Made in Australia",,,"Per 100g/ml
Per Serving
%DI
Energy
331kJ
496kJ
Protein
7.0g
10.4g
Total Fat
3.5g
5.3g
Saturated Fat
2.2g
3.3g
Carbohydrate
4.8g
7.2g
Sugars
3.1g
4.7g
Calcium
96mg
144mg
18% RDI*
Sodium
30mg
45mg
Energy (Cal)
79Cal
119Cal
Dietary Fibre (total)
0.1g
0.1g
* Percentage Daily Intakes are based on an average adult diet of 8700 kJ. Your daily intakes may be higher or lower depending on your energy needs.",,https://www.coles.com.au/product/chobani-no-sugar-added-yogurt-vanilla-150g-5937600,,,2024-06-18T01:56:07.957220-04:00
"Ind56SColes_ADairy, Eggs & Fridge_SAYoghurt_IChobani Fit High Protein Greek Yogurt Strawberry | 680g",Chobani Fit High Protein Greek Yogurt Strawberry | 680g,Chobani,"Dairy, Eggs & Fridge",Yoghurt,Yoghurt Tubs,,$7.00,,,$1.03 per 100g,7110561,"Feel fit with Chobani Fit yogurt with high quality protein, no added sugar and 9 essential amino acids.


15g of Natural Protein per serve

9 Essential Amino Acids

No Added Sugar or Artificial Sweeteners

Lactose Free Greek Yogurt

5 Star Heath Rating

Less than 0.5% Fat per serve",,,"Per 100g/ml
Per Serving
%DI
Energy
242
388
Protein
9.6
15.4
Total Fat
0.2
0.3
Saturated Fat
0.1
0.2
Carbohydrate
4.2
6.7
Sugars
3.2
5.1
Calcium
111
177
22
Sodium
36
58
Energy (Cal)
58
93
Dietary Fibre (total)
0.0
0.1
* Percentage Daily Intakes are based on an average adult diet of 8700 kJ. Your daily intakes may be higher or lower depending on your energy needs.",,https://www.coles.com.au/product/chobani-fit-high-protein-greek-yogurt-strawberry-680g-7110561,,,2024-06-18T01:56:19.603841-04:00
"Ind56SColes_ADairy, Eggs & Fridge_SAYoghurt_IChobani Greek Yogurt Pouch Blueberry | 140g",Chobani Greek Yogurt Pouch Blueberry | 140g,Chobani,"Dairy, Eggs & Fridge",Yoghurt,Pouch,,$2.70,,,$1.93 per 100g,1434720,"Chobani Greek Yogurt is deliciously simple. Made using just milk and cultures, which we triple strain using an authentic process so it's naturally thick and creamy, then blended with blueberry.


Less than 0.5% fat

Strained to be naturally thick

High in natural protein

No preservatives, artificial colours or flavours

Source of calcium

Contains Live & Active Cultures

Made in Australia.

At Chobani we believe yogurt should be simple: just milk and cultures, which we strain using a centuries-old authentic process to make it deliciously thick. It takes 3 cups of milk to make 1 cup of Chobani Yogurt which is why it's so creamy and packed with protein.

No preservatives, artificial colours or flavours.

High in natural protein

To discover our full range of products & more, visit chobani.com.au",,,"Per 100g/ml
Per Serving
%DI
Energy
357kJ
500kJ
Protein
7.5g
10.5g
Total Fat
0.2g
0.2g
Saturated Fat
0.1g
0.1g
Carbohydrate
13.0g
18.3g
Sugars
12.3g
17.2g
Calcium
101mg
142mg
Sodium
38mg
53mg
Energy (Cal)
85Cal
120Cal
* Percentage Daily Intakes are based on an average adult diet of 8700 kJ. Your daily intakes may be higher or lower depending on your energy needs.",,https://www.coles.com.au/product/chobani-greek-yogurt-pouch-blueberry-140g-1434720,,,2024-06-18T01:56:30.584233-04:00
"Ind56SColes_ADairy, Eggs & Fridge_SAYoghurt_IVitasoy Soy Yogurt Vanilla | 450g",Vitasoy Soy Yogurt Vanilla | 450g,Vitasoy,"Dairy, Eggs & Fridge",Yoghurt,Dairy Free,,$5.80,,,$1.29 per 100g,6614617,"It's the Vitasoy way to yogurt! Brimming with plant-based goodness, plus the creamy texture and zing of a Greek Style yogurt. The perfect snack, dolloped on your breakfast or as an ingredient to cook with.
Live cultured with probiotics

Thick and creamy

Source of calcium

8g protein/ serve

Proudly Australian made with Australian whole soybeans

Source of Vit D & B12.",,,"Per 100g/ml
Per Serving
%DI
Energy
416
582
7
Protein
6
8.4
17
Total Fat
4.1
5.7
8
Saturated Fat
1.3
1.8
8
Carbohydrate
9.3
13
4
Sugars
6.6
9.2
10
Calcium
120
168
21
Vitamin B12
0.2
0.28
14
Vitamin D
0.72
1
10
Sodium
62
87
4
Monounsaturated
1.2
1.7
Energy (Cal)
99
139
Dietary Fibre (total)
0.3
0.4
1
Polyunsaturated
1.6
2.2
Trans
0
0
* Percentage Daily Intakes are based on an average adult diet of 8700 kJ. Your daily intakes may be higher or lower depending on your energy needs.",,https://www.coles.com.au/product/vitasoy-soy-yogurt-vanilla-450g-6614617,,,2024-06-18T01:56:42.166647-04:00
"Ind56SColes_ADairy, Eggs & Fridge_SAYoghurt_IGippsland Dairy Boysenberry Twist Yoghurt | 700g",Gippsland Dairy Boysenberry Twist Yoghurt | 700g,Gippsland Dairy,"Dairy, Eggs & Fridge",Yoghurt,Yoghurt Tubs,,$5.50,,$7.90,$0.79 per 100g,2975045,"Our thick, creamy yogurt is combined with an extraordinary fruit twist to create a taste so breathtaking, you'd be forgiven for going to extreme lengths to experience it.
Gippsland Dairy, The Taste Made Me Do It.",,,"Per 100g/ml
Per Serving
%DI
Energy
623kJ
545kJ
Protein
5.9g
5.1g
Total Fat
5.7g
5.0g
Saturated Fat
4.0g
3.5g
Carbohydrate
18.3g
16.1g
Sugars
16.7g
14.6g
Calcium
193mg
168mg
21% RDI*
Sodium
61mg
53mg
Energy (Cal)
149Cal
135Cal
Gluten
0mg
0mg
* Percentage Daily Intakes are based on an average adult diet of 8700 kJ. Your daily intakes may be higher or lower depending on your energy needs.",,https://www.coles.com.au/product/gippsland-dairy-boysenberry-twist-yoghurt-700g-2975045,,,2024-06-18T01:56:53.463002-04:00
"Ind56SColes_ADairy, Eggs & Fridge_SAYoghurt_ICocobella Protein Coconut Yoghurt Strawberry | 160g",Cocobella Protein Coconut Yoghurt Strawberry | 160g,Cocobella,"Dairy, Eggs & Fridge",Yoghurt,Dairy Free,,$2.90,,,$1.81 per 100g,7671354,,,,,,https://www.coles.com.au/product/cocobella-protein-coconut-yoghurt-strawberry-160g-7671354,,,2024-06-18T01:57:02.440914-04:00
"Ind56SColes_ADairy, Eggs & Fridge_SAYoghurt_IDanone Yopro Vanilla Yoghurt | 700g",Danone Yopro Vanilla Yoghurt | 700g,Danone,"Dairy, Eggs & Fridge",Yoghurt,Yoghurt Tubs,,$7.50,,,$1.07 per 100g,3246914,"YoPRO is a protein brand looking to fuel athletes and amateurs alike using the best quality ingredients and in the most natural way possible.
High Protein

0 added sugar

0 artificial sweeteners

0 artificial flavours or artificial colours

0 gelatine

Breakfast.",,,"Per 100g/ml
Per Serving
%DI
Energy
238kJ
380kJ
Protein
9.5g
15.2g
Total Fat
0.3g
0.5g
Saturated Fat
0.2g
0.3g
Carbohydrate
3.8g
6.1g
Sugars
3.2g
5.1g
Calcium
117mg
187mg
23.00%
Sodium
40mg
64mg
Energy (Cal)
57Cal
91Cal
* Percentage Daily Intakes are based on an average adult diet of 8700 kJ. Your daily intakes may be higher or lower depending on your energy needs.",,https://www.coles.com.au/product/danone-yopro-vanilla-yoghurt-700g-3246914,,,2024-06-18T01:57:14.871860-04:00
"Ind56SColes_ADairy, Eggs & Fridge_SAYoghurt_IChobani Greek Yogurt Natural Light | 907g",Chobani Greek Yogurt Natural Light | 907g,Chobani,"Dairy, Eggs & Fridge",Yoghurt,Yoghurt Tubs,,$7.90,,,$0.87 per 100g,1435100,"Chobani Greek Yogurt is deliciously simple. Made using just milk and cultures, which we triple strain using an authentic process so it's naturally thick and creamy.



14g natural protein per serve

Strained to be naturally thick

High in natural protein

No preservatives, artificial colours or flavours

Source of calcium

Contains Live & Active Cultures

Made in Australia",,,"Per 100g/ml
Per Serving
%DI
Energy
234kJ
374kJ
Protein
9.3g
14.9g
Total Fat
0.2g
0.3g
Saturated Fat
0.1g
0.2g
Carbohydrate
4.0g
6.4g
Sugars
3.3g
5.3g
Calcium
120mg
192mg
Sodium
32mg
51mg
Energy (Cal)
56Cal
89Cal
* Percentage Daily Intakes are based on an average adult diet of 8700 kJ. Your daily intakes may be higher or lower depending on your energy needs.","Skim Milk, Live Cultures (Milk). Live and Active Cultures: S. thermophilus, L. bulgaricus, L. acidophilus, Bifidus and L. casei.",https://www.coles.com.au/product/chobani-greek-yogurt-natural-light-907g-1435100,,,2024-06-18T01:57:26.240515-04:00
"Ind56SColes_ADairy, Eggs & Fridge_SAYoghurt_ILiddells Strawberry Yoghurt 4X140g | 4 Pack",Liddells Strawberry Yoghurt 4X140g | 4 Pack,Liddells,"Dairy, Eggs & Fridge",Yoghurt,Multipacks,,$6.20,,,$1.11 per 100g,1200118,"If you love dairy, but your digestive system doesn't, Liddells lactose free Strawberry yoghurt is for you. Because it's made with real Aussie milk, you get all the goodness and great taste you want, without the lactose.
Lactose free
Live bacteria cultures
Source of calcium
Gluten free
Real dairy
Fodmap friendly.
Australian dairy.
Snack.",,,"Per 100g/ml
Per Serving
%DI
Energy
365kJ
511kJ
Protein
3.8g
5.3g
Total Fat
2.5g
3.5g
Saturated Fat
1.7g
2.4g
Carbohydrate
12.2g
17.1g
Sugars
10.7g
15g
Lactose
Nil
Nil
Calcium
140mg
196mg
Sodium
50mg
70mg
Energy (Cal)
87Cal
122Cal
Galactose
2.2g
3.1g
* Percentage Daily Intakes are based on an average adult diet of 8700 kJ. Your daily intakes may be higher or lower depending on your energy needs.",,https://www.coles.com.au/product/liddells-strawberry-yoghurt-4x140g-4-pack-1200118,,,2024-06-18T01:57:37.313154-04:00
"Ind56SColes_ADairy, Eggs & Fridge_SAYoghurt_ITamar Valley The Creamery Yoghurt Strawberries & Cream | 700g",Tamar Valley The Creamery Yoghurt Strawberries & Cream | 700g,Tamar Valley,"Dairy, Eggs & Fridge",Yoghurt,Yoghurt Tubs,,$7.50,,,$1.07 per 100g,4345015,"There's nowhere quite as pure and natural as the rolling hills of Tasmania.

We believe Tasmania's pristine environment is the perfect place to source milk for our delicious, thick and creamy yoghurts.

Our yoghurts are made with natural ingredients, real fruit and fresh Tamanian milk. Just pure and simple goodness - nothing else. 

Explore the Creamery range & taste the all natural goodness of Tamar Valley Dairy for yourself.
All natural

Made with Tasmanian milk

Thick & creamy

Gelatine free

Gluten free",,,"Per 100g/ml
Per Serving
%DI
Energy
571kJ
571kJ
Protein
5.2g
5.2g
Total Fat
4.8g
4.8g
Saturated Fat
3.2g
3.2g
Carbohydrate
17.8g
17.8g
Sugars
15.6g
15.6g
Calcium
201mg
201mg
Sodium
59mg
59mg
Energy (Cal)
136Cal
136Cal
Gluten
Nil
Nil
* Percentage Daily Intakes are based on an average adult diet of 8700 kJ. Your daily intakes may be higher or lower depending on your energy needs.",,https://www.coles.com.au/product/tamar-valley-the-creamery-yoghurt-strawberries-and-cream-700g-4345015,,,2024-06-18T01:57:48.406384-04:00
"Ind56SColes_ADairy, Eggs & Fridge_SA_IFarmers Union No Added Sugar Kids Yogurt Pouch Blueberry | 130g",Farmers Union No Added Sugar Kids Yogurt Pouch Blueberry | 130g,Farmers Union,"Dairy, Eggs & Fridge",,,,$2.20,Pick any 2 for $2.60,,$1.69 per 100g,6600805,"Nourishing yoghurt for growing kids. High in Calcium, with 30% of your daily calcium needs and NO ADDED SUGAR.
- No artificial colours, flavours, sweeteners or preservatives
- Vitamin B12 to support immune health
- Probiotics (1 billion per serve)
- Iodine and vitamin B12 for brain health
- Sweetened with fruit",,,"Per 100g/ml
Per Serving
%DI
Energy
314
408
5
Protein
4.9
6.4
13
Total Fat
2.9
3.8
5
Saturated Fat
1.9
2.5
10
Carbohydrate
7.3
9.2
3
Sugars
6.6
8.6
10
Calcium
188
244
31
Sodium
51
66
3
Energy (Cal)
75
98
Dietary Fibre (total)
0.1
0.1
Vitamin B12
.32
.42
21
Iodine
31
40
27
* Percentage Daily Intakes are based on an average adult diet of 8700 kJ. Your daily intakes may be higher or lower depending on your energy needs.",,https://www.coles.com.au/product/farmers-union-no-added-sugar-kids-yogurt-pouch-blueberry-130g-6600805,,,2024-06-18T01:58:00.662600-04:00
"Ind56SColes_ADairy, Eggs & Fridge_SAYoghurt_IYoplait Strawberry Yoghurt | 1kg",Yoplait Strawberry Yoghurt | 1kg,Yoplait,"Dairy, Eggs & Fridge",Yoghurt,Yoghurt Tubs,,$4.90,,,$0.49 per 100g,5586017,"Made in Australia and available in 4 delicious flavours including Vanilla, Strawberry, Mango and Passionfruit.

4 Health Star Rating.

As part of a balanced diet, Yoplait naturally provides essential nutrients for a healthy mind and body:

Protein - for muscle growth, development and repair 
Calcium and phosphorous - for strong bones and teeth 
Iodine and vitamin B5 - for brain health
Potassium - for muscle function and hydration 
Vitamin B2 - for energy maintenance 
Vitamin B12 - for immune support 

*Circana Total Business, Top 10 Brands by volume (litres 000), MAT to 26.03.23
Made with real fruit and goodness of milk

loved by Australians since 1982

8 essential nutrients

simple & delicious yoghurt for the whole family

no artifical flavours, colours or preservatives

Made in Victoria, Australia..

1kg share tub for the whole family.",,,"Per 100g/ml
Per Serving
%DI
Energy
357kJ
571kJ
7%
Protein
4.4g
7.0g
14%
Total Fat
1.9g
3.0g
4%
Saturated Fat
1.2g
1.9g
8%
Carbohydrate
12.5g
20.0g
6%
Sugars
12.2g
19.4g
22%
Vitamin B2
0.21mg
0.34mg
20% RDI*
Calcium
142mg
227mg
28% RDI*
Vitamin B12
0.24ug
0.38ug
19% RDI*
Sodium
56mg
90mg
4%
Energy (Cal)
85Cal
136Cal
Dietary Fibre (total)
0.1g
0.2g
1%
Gluten
0mg
0mg
Potassium
194mg
310mg
Vitamin B5
0.32mg
0.51mg
10% RDI*
Iodine
19ug
30ug
20% RDI*
* Percentage Daily Intakes are based on an average adult diet of 8700 kJ. Your daily intakes may be higher or lower depending on your energy needs.",,https://www.coles.com.au/product/yoplait-strawberry-yoghurt-1kg-5586017,,,2024-06-18T01:58:11.798442-04:00
"Ind56SColes_ADairy, Eggs & Fridge_SADairy, chilled & frozen_IDanone The Ultimate Golden Honey Yoghurt 4x115g | 4 Pack",Danone The Ultimate Golden Honey Yoghurt 4x115g | 4 Pack,Danone,"Dairy, Eggs & Fridge","Dairy, chilled & frozen",Cheese & yoghurt,,$4.50,,,"$0.98 per 100g
Was $5.75 on May 2024",3310139,"Our Creamery in Victoria's alpine highlands, surrounded by dairy country, is home to some of the best yoghurt makers in Australia. Danone adds its expertise and artistry from Australia and Europe to create the irresistible indulgent experience. Ultimate yoghurt is made with the creamiest of milks and a dreamy double cream texture.
Perfectly crafted decadence experience to crave your PM snack occasion.
Double cream

Thick, rich, creamy indulgent yoghurt

Greek-style yoghurt

Live yoghurt cultures

Visit the site to see the Ultimate Parfait recipe",,,"Per 100g/ml
Per Serving
%DI
Energy
621
715
8%
Protein
3.2g
3.7
7%
Total Fat
8.1
9.3
13%
Saturated Fat
4.9
4.9
23%
Carbohydrate
15.7g
18.8g
5%
Sugars
15.0g
17.7g
18.00%
Calcium
103
118
15%
Sodium
33
38
2%
Energy (Cal)
148
171
8%
* Percentage Daily Intakes are based on an average adult diet of 8700 kJ. Your daily intakes may be higher or lower depending on your energy needs.",,https://www.coles.com.au/product/danone-the-ultimate-golden-honey-yoghurt-4x115g-4-pack-3310139,,,2024-06-18T01:58:24.499270-04:00
"Ind56SColes_ADairy, Eggs & Fridge_SAYoghurt_IDairy Farmers Thick & Creamy Yoghurt Strawberry & Wattleseed | 550g",Dairy Farmers Thick & Creamy Yoghurt Strawberry & Wattleseed | 550g,Dairy Farmers,"Dairy, Eggs & Fridge",Yoghurt,Yoghurt Tubs,,$5.50,,,$1.00 per 100g,6604330,"Bright, juicy, and bursting with sweetness, local strawberries grown in sunny Queensland are pureed with a pinch of Australian native wattleseed, then layered under our delicious Thick & Cream yoghurt.

Dairy Farmers Thick & Creamy yoghurt is made from pure, quality milk farmed locally in Victoria - the Dairy Farmers way.",,,,"Milk, Milk Solids, Sugar, Cream (Milk), Water, Strawberry Puree (4.0%), Skim Milk, Thickeners (Modified Starch, Pectin), Natural Flavours, Natural Colour (Carmine), Mineral Salt (509), Acidity Regulator (331), Wattleseed (0.01%), Live Yoghurt Cultures (Milk): S. Thermophilus, B. Lactis, L. Acidophilus, L. Bulgaricus.",https://www.coles.com.au/product/dairy-farmers-thick-and-creamy-yoghurt-strawberry-and-wattleseed-550g-6604330,,,2024-06-18T01:58:33.670042-04:00
"Ind56SColes_ADairy, Eggs & Fridge_SAYoghurt_IMungalli Creek Biodynamic Mango Tango Yoghurt | 375g",Mungalli Creek Biodynamic Mango Tango Yoghurt | 375g,Mungalli Creek,"Dairy, Eggs & Fridge",Yoghurt,Yoghurt Tubs,,$6.35,,,$1.69 per 100g,6842393,"BIODYNAMIC - âEnhanced Organic'

Our Greek yoghurt is lovingly handcrafted on our family farm which borders beautiful World Heritage Rainforest. Our yoghurt is just milk and cultures with an enzyme, lactase, added to break down the lactose in the milk. Our yoghurt is made traditionally and strained through a cheesecloth, leaving you with a delicious creamy yoghurt. As Biodynamic farmers for over 30 years, we work with nature to enhance our soil quality which ensures a high nutritional value, great taste and no nasties.",,,"Per 100g/ml
Per Serving
%DI
Energy
474
474
Protein
5.2
5.2
Total Fat
5..6
5.6
Saturated Fat
4
4
Carbohydrate
10.8
10.8
Sugars
8
8
Sodium
33
33
* Percentage Daily Intakes are based on an average adult diet of 8700 kJ. Your daily intakes may be higher or lower depending on your energy needs.",,https://www.coles.com.au/product/mungalli-creek-biodynamic-mango-tango-yoghurt-375g-6842393,,,2024-06-18T01:58:44.861261-04:00
"Ind56SColes_ADairy, Eggs & Fridge_SAYoghurt_IDanone Yopro Perform Yoghurt Strawberry | 175g",Danone Yopro Perform Yoghurt Strawberry | 175g,Danone,"Dairy, Eggs & Fridge",Yoghurt,Single Serve,,$2.80,,$3.70,$1.60 per 100g,4935008,,,,"Per 100g/ml
Per Serving
%DI
Energy
285kJ
499kJ
Protein
1.5g
20.1g
Total Fat
0.7g
1.2g
Saturated Fat
0.4g
0.7g
Carbohydrate
3.8g
6.7g
Sugars
3.4g
6.0g
Calcium
251mg
439mg
55%
Sodium
52mg
91mg
Energy (Cal)
68Cal
119Cal
* Percentage Daily Intakes are based on an average adult diet of 8700 kJ. Your daily intakes may be higher or lower depending on your energy needs.",,https://www.coles.com.au/product/danone-yopro-perform-yoghurt-strawberry-175g-4935008,,,2024-06-18T01:58:55.906411-04:00
"Ind56SColes_ADairy, Eggs & Fridge_SAYoghurt_IJalna Yoghurt Natural | 2kg",Jalna Yoghurt Natural | 2kg,Jalna,"Dairy, Eggs & Fridge",Yoghurt,Yoghurt Tubs,,$14.00,,,$0.70 per 100g,4339770,"Jalna Yoghurt Natural 2 Kg. Our Whole Milk Creamy Yoghurt is a unique yoghurt, that will appeal to gourmet food lovers. Pot set perfection, this yoghurt is thick and creamy, with a well-balanced tartness typical of natural yoghurt and a clean, rich finish. Perfect in so many recipes, or scrumptious on its own.",,,"Per 100g/ml
Per Serving
%DI
Energy
363kJ
363kJ
0%
Protein
5g
5g
0%
Total Fat
5.3g
5.3g
0%
Saturated Fat
3.9g
3.9g
0%
Carbohydrate
4.8g
4.8g
0%
Sugars
4.7g
4.7g
0%
Calcium
162mg
162mg
20%
Sodium
49mg
49mg
0%
Dietary Fibre (total)
0g
0g
0%
Gluten
Undetected
Undetected
0%
* Percentage Daily Intakes are based on an average adult diet of 8700 kJ. Your daily intakes may be higher or lower depending on your energy needs.",,https://www.coles.com.au/product/jalna-yoghurt-natural-2kg-4339770,,,2024-06-18T01:59:07.329332-04:00
"Ind56SColes_ADairy, Eggs & Fridge_SAYoghurt_IChobani Fit High Protein Greek Yogurt Vanilla | 680g",Chobani Fit High Protein Greek Yogurt Vanilla | 680g,Chobani,"Dairy, Eggs & Fridge",Yoghurt,Yoghurt Tubs,,$7.00,,,$1.03 per 100g,7110540,"Feel fit with Chobani Fit yogurt with high quality protein, no added sugar and 9 essential amino acids.


15g of Natural Protein per serve

9 Essential Amino Acids

No Added Sugar or Artificial Sweeteners

Lactose Free Greek Yogurt

5 Star Heath Rating

Less than 0.5% Fat per serve",,,"Per 100g/ml
Per Serving
%DI
Energy
242
387
Protein
9.6
15.4
Total Fat
0.2
0.3
Saturated Fat
0.1
0.2
Carbohydrate
4.2
6.8
Sugars
3.1
5.0
Calcium
110
176
22
Sodium
36
58
Energy (Cal)
58
93
Dietary Fibre (total)
0.0
0.0
* Percentage Daily Intakes are based on an average adult diet of 8700 kJ. Your daily intakes may be higher or lower depending on your energy needs.",,https://www.coles.com.au/product/chobani-fit-high-protein-greek-yogurt-vanilla-680g-7110540,,,2024-06-18T01:59:18.870033-04:00
"Ind56SColes_ADairy, Eggs & Fridge_SAYoghurt_ISiggi's Yoghurt Mixed Berry | 125g",Siggi's Yoghurt Mixed Berry | 125g,Siggis,"Dairy, Eggs & Fridge",Yoghurt,Single Serve,,$1.60,,$2.00,$1.28 per 100g,6625555,"At siggi's we make yoghurts with simple ingredients and not a lot of sugar. siggi's Mixed Berry Yoghurt is an all natural, high protein yoghurt that contains no artificial colours and no preservatives

 

HIGH PROTEIN: siggi's Mixed Berry Yoghurt has more protein than sugar - making for a quick breakfast, nutritious snack, or afternoon pick-me-up.

 

What is SKYR? Skyr is a thick, creamy yogurt that has its origins in Icelandic cuisine. Skyr is made from skim milk that has been strained to remove whey, resulting in a thick and protein-rich yogurt with a smooth and creamy consistency.

 

CRAFTED WITH LESS: Our products do not contain any artificial colours, flavours, sweeteners or high fructose corn syrup.

 

We only use fresh milk sourced from Australian farms where the cows are free to roam in the Australian sun in their natural environment",,,"Per 100g/ml
Per Serving
%DI
Energy
467kJ
583kJ
Protein
9.2g
11.5g
Total Fat
3.8g
4.8g
Saturated Fat
2.4g
3.0g
Carbohydrate
9.8g
12.3g
Sugars
8.1g
10.1g
Calcium
226mg
333mg (42% RDI*)
Sodium
41mg
51mg
Energy (Cal)
112Cal
139Cal
Gluten
Nil
Nil
* Percentage Daily Intakes are based on an average adult diet of 8700 kJ. Your daily intakes may be higher or lower depending on your energy needs.",,https://www.coles.com.au/product/siggi's-yoghurt-mixed-berry-125g-6625555,,,2024-06-18T01:59:29.979416-04:00
"Ind56SColes_ADairy, Eggs & Fridge_SAYoghurt_ITamar Valley Kids Greek Vanilla Yoghurt Pouch | 110g",Tamar Valley Kids Greek Vanilla Yoghurt Pouch | 110g,Tamar Valley,"Dairy, Eggs & Fridge",Yoghurt,Pouch,,$2.40,Pick any 3 for $5,,$2.18 per 100g,2744348,"Introduce your kids to the delicious, healthy world of yoghurt with our tasty, nutritious, all-natural vanilla yoghurt pouch. With no added sugar, Tamar Valley Kids Greek Yoghurt is perfect for lunch boxes, snack time, or a quick pick-me-up, it's a no-mess, convenient and tasty addition to any day!
- All-natural Greek yoghurt.
- Contains yoghurt cultures.
- Source of calcium.
- Gluten-free & gelatine-free.
- No sweeteners, nothing artificial.
- Made in Tasmania",,,"Per 100g/ml
Per Serving
%DI
Energy
389kJ
428kJ
Protein
3.6g
4.0g
Total Fat
6.9g
7.6g
Saturated Fat
4.6g
5.1g
Carbohydrate
4.2g
4.6g
Sugars
2.8g
3.1g
Calcium
141mg
Sodium
32mg
35mg
Monounsaturated
0
0
Energy (Cal)
93Cal
102Cal
Dietary Fibre (total)
0
0
Polyunsaturated
0
0
Gluten
Nil
Nil
Trans
0
0
* Percentage Daily Intakes are based on an average adult diet of 8700 kJ. Your daily intakes may be higher or lower depending on your energy needs.",,https://www.coles.com.au/product/tamar-valley-kids-greek-vanilla-yoghurt-pouch-110g-2744348,,,2024-06-18T01:59:41.588648-04:00
"Ind56SColes_ADairy, Eggs & Fridge_SAYoghurt_IPauls Plus Protien Yoghurt Vanilla | 160g",Pauls Plus Protien Yoghurt Vanilla | 160g,Pauls,"Dairy, Eggs & Fridge",Yoghurt,Single Serve,,$2.90,,,$1.81 per 100g,7657513,"Our high protein vanilla yoghurt is created with 16g of natural dairy protein which delivers a smooth, thick and creamy tasty yoghurt blended with delicious vanilla flavour throughout. With the added benefit of having no added sugar, it provides for a great anytime snack.
16 g PROTEIN

NO ADDED SUGAR

97 CAL

0.3 g FAT

GLUTEN FREE

SOURCE OF CALCIUM.

IDEAL FOR BREAKFAST.

PERFECT FOR SMOOTHIES.",,,"Per 100g/ml
Per Serving
%DI
Energy
253
405
Protein
10
16.1
Total Fat
0.2
0.3
Saturated Fat
0.1
0.1
Carbohydrate
4.5
7.1
Sugars
3.4
5.5
Calcium
112
179
22
Sodium
42
67
Monounsaturated
0
0
Energy (Cal)
61
97
Dietary Fibre (total)
0
0
Polyunsaturated
0
0
Trans
0
0
* Percentage Daily Intakes are based on an average adult diet of 8700 kJ. Your daily intakes may be higher or lower depending on your energy needs.",,https://www.coles.com.au/product/pauls-plus-protien-yoghurt-vanilla-160g-7657513,,,2024-06-18T01:59:52.936056-04:00
"Ind56SColes_ADairy, Eggs & Fridge_SAYoghurt_IChobani No Sugar Added Yogurt Vanilla Bean | 680g",Chobani No Sugar Added Yogurt Vanilla Bean | 680g,Chobani,"Dairy, Eggs & Fridge",Yoghurt,Yoghurt Tubs,,$6.80,,,$1.00 per 100g,6612994,"Chobani Greek Yogurt is deliciously simple. Made with just milk and cultures, our yogurt is strained so it's naturally thick and creamy, then blended with vanilla bean.



Contains One Billion Probiotics

High in natural protein

No sweeteners added

No preservatives, artificial colours or flavours

Source of calcium

Made in Australia",,,"Per 100g/ml
Per Serving
%DI
Energy
331kJ
496kJ
Protein
7.0g
10.4g
Total Fat
3.5g
5.3g
Saturated Fat
2.2g
3.3g
Carbohydrate
4.8g
7.2g
Sugars
3.1g
4.7g
Calcium
96mg
144mg
18% RDI*
Sodium
30mg
45mg
Energy (Cal)
79Cal
119Cal
Dietary Fibre (total)
0.1g
0.1g
* Percentage Daily Intakes are based on an average adult diet of 8700 kJ. Your daily intakes may be higher or lower depending on your energy needs.",,https://www.coles.com.au/product/chobani-no-sugar-added-yogurt-vanilla-bean-680g-6612994,,,2024-06-18T02:00:04.008938-04:00
"Ind56SColes_ADairy, Eggs & Fridge_SAYoghurt_IYog'N Oats Apple & Cinnamon Yoghurt | 150g",Yog'N Oats Apple & Cinnamon Yoghurt | 150g,YogN Oats,"Dairy, Eggs & Fridge",Yoghurt,Single Serve,,$3.20,,,$2.13 per 100g,6615212,,,,,,https://www.coles.com.au/product/yog'n-oats-apple-and-cinnamon-yoghurt-150g-6615212,,,2024-06-18T02:00:13.133046-04:00
"Ind56SColes_ADairy, Eggs & Fridge_SAYoghurt_ITamar Valley Kids Natural Greek Tropical Yoghurt Pouch | 110g",Tamar Valley Kids Natural Greek Tropical Yoghurt Pouch | 110g,Tamar Valley,"Dairy, Eggs & Fridge",Yoghurt,Pouch,,$2.40,Pick any 3 for $5,,$2.18 per 100g,2744360,"Introduce your kids to the delicious, healthy world of yoghurt with our tasty, nutritious, all-natural tropical yoghurt pouch. With no added sugar, Tamar Valley Kids Greek Yoghurt is perfect for lunch boxes, snack time, or a quick pick-me-up, it's a no-mess, convenient and tasty addition to any day!
- All-natural Greek yoghurt.
- Contains yoghurt cultures.
- Source of calcium.
- Gluten-free & gelatine-free.
- No sweeteners, nothing artificial.
- Made in Tasmania",,,"Per 100g/ml
Per Serving
%DI
Energy
396kJ
436kJ
Protein
3.6g
4.0g
Total Fat
7.0g
7.7g
Saturated Fat
4.6g
5.1g
Carbohydrate
4.5g
5.0g
Sugars
3.4g
3.7g
Calcium
142mg
Sodium
32mg
35mg
Monounsaturated
0
0
Energy (Cal)
95Cal
104Cal
Dietary Fibre (total)
0
0
Polyunsaturated
0
0
Gluten
Nil
Nil
Trans
0
0
* Percentage Daily Intakes are based on an average adult diet of 8700 kJ. Your daily intakes may be higher or lower depending on your energy needs.",,https://www.coles.com.au/product/tamar-valley-kids-natural-greek-tropical-yoghurt-pouch-110g-2744360,,,2024-06-18T02:00:25.168059-04:00
"Ind56SColes_ADairy, Eggs & Fridge_SAYoghurt_IQueensland Yoghurt Company Apple & Cinnamon Yoghurt | 250g",Queensland Yoghurt Company Apple & Cinnamon Yoghurt | 250g,Queensland Yoghurt Company,"Dairy, Eggs & Fridge",Yoghurt,Single Serve,,$3.00,,$3.40,$1.20 per 100g,7324226,"Queensland Yoghurt Company Apple Cinnamon, 250g. Apple and CinnamonThe combination of aromas and flavours of locally sourced fresh apples with a dusting of cinnamon is always a favourite, whether in a fresh baked pie or with our rich creamy full flavoured yoghurt. Enjoyable as a healthy snack alternative in the lunch box or for dessert, you and your tastebuds will not be disappointed. Grab a spoon, put your feet up and relax while your savour the sensation that is apple and cinnamon.",,,"Per 100g/ml
Per Serving
%DI
Energy
513
513
Protein
5g
5g
Total Fat
5g
5g
Saturated Fat
3.5g
3.5g
Carbohydrate
12g
12g
Sugars
10g
10g
Sodium
62mg
62mg
* Percentage Daily Intakes are based on an average adult diet of 8700 kJ. Your daily intakes may be higher or lower depending on your energy needs.",,https://www.coles.com.au/product/queensland-yoghurt-company-apple-and-cinnamon-yoghurt-250g-7324226,,,2024-06-18T02:00:36.832426-04:00
"Ind56SColes_ADairy, Eggs & Fridge_SAYoghurt_IColes Dairy Free Coconut Yoghurt | 500g",Coles Dairy Free Coconut Yoghurt | 500g,Coles,"Dairy, Eggs & Fridge",Yoghurt,Dairy Free,,$5.40,,,$1.08 per 100g,3251619,"Coles Organic dairy free coconut yoghurt, 500g. A natural vegan yoghurt with live cultures and no added sugar. ACO certified organic. Perfect for breakfasts or snacking.",,,"Per 100g/ml
Per Serving
%DI
Energy
565.50
565.50
Protein
1.30
1.30
Total Fat
12.30
12.30
Saturated Fat
11.60
11.60
Carbohydrate
5.10
5.10
Sugars
1.20
1.20
Sodium
4.10
4.10
Energy (Cal)
135.29
135.29
Dietary Fibre (total)
0.20
0.20
* Percentage Daily Intakes are based on an average adult diet of 8700 kJ. Your daily intakes may be higher or lower depending on your energy needs.",,https://www.coles.com.au/product/coles-dairy-free-coconut-yoghurt-500g-3251619,,,2024-06-18T02:00:48.190988-04:00
"Ind56SColes_ADairy, Eggs & Fridge_SAYoghurt_IFarmers Union Regular Greek Yoghurt 4 pack | 640g",Farmers Union Regular Greek Yoghurt 4 pack | 640g,Farmers Union,"Dairy, Eggs & Fridge",Yoghurt,Multipacks,,$6.00,,,$0.94 per 100g,1870573,"Naturally providing a good source of calcium with no added sugar, Farmers Union Greek Style Yogurt is Australia's most loved plain Greek Style Yogurt*.

Available in a convenient snack size, it's the perfect breakfast or healthy snack on the go. Proudly Aussie owned, made and loved. 

*Data sourced from Circana MarketEdge based on data definitions provided by Bega Dairy & Drinks, MAT ending 5/3/23
Signature Farmers Union Greek Style taste & creamy texture

Made with just milk, cream & cultures

No artificial colours, flavours or preservatives

No added sugar

Goodness of Calcium

Gelatine free.

Australian Owned & Made.",,,"Per 100g/ml
Per Serving
%DI
Energy
513
821
9
Protein
4.5g
7.2g
14
Total Fat
9.4g
15.0g
21
Saturated Fat
6.1g
9.8g
41
Carbohydrate
5.2g
8.3g
3
Sugars
5.2g
8.3g
9
Calcium
162mg
259mg
32
Sodium
57mg
91mg
4
Energy (Cal)
122
195
9
Dietary Fibre (total)
0
0
Gluten
0
0
* Percentage Daily Intakes are based on an average adult diet of 8700 kJ. Your daily intakes may be higher or lower depending on your energy needs.",,https://www.coles.com.au/product/farmers-union-regular-greek-yoghurt-4-pack-640g-1870573,,,2024-06-18T02:01:00.489691-04:00
"Ind56SColes_ADairy, Eggs & Fridge_SAYoghurt_IBrownes Dairy Wiggles Yoghurt Pouch Blueberry | 90g",Brownes Dairy Wiggles Yoghurt Pouch Blueberry | 90g,Brownes Dairy,"Dairy, Eggs & Fridge",Yoghurt,Pouch,,$1.00,,$1.40,$1.11 per 100g,6623356,"Our creamy and smooth natural yoghurt is especially made for little growing bodies*. They are made with whole milk and enriched with prebiotic and probiotic cultures. They contain no artificial colours, flavours or preservatives and are gluten, gelatine and lactose free! Our Wiggles Blueberry Yoghurt is the perfect Yummy Yummy snack for little tummies!
Our yoghurt is crafted with the purest fresh milk from the pristine pastures of WA's gourmet South West region.
Enjoy the natural goodness of yoghurt from Australia's Oldest Dairy.
*When consumed as part of a varied and healthy diet.",,,"Per 100g/ml
Per Serving
%DI
Energy
320kJ
288kJ
3%
Protein
4.2g
3.8g
8%
Total Fat
3.6g
3.3g
5%
Saturated Fat
2.4g
2.1g
9%
Carbohydrate
6.5g
5.8g
2%
Sugars
4.3g
3.9g
4%
Calcium
132mg
119mg
15%
Sodium
46mg
42mg
2%
* Percentage Daily Intakes are based on an average adult diet of 8700 kJ. Your daily intakes may be higher or lower depending on your energy needs.","Lactose Free Yoghurt (88%) (Milk, Milk Solids, Cream (From Milk), Prebiotic (Chicory Root Fibre (0.8%)), Enzyme (Lactase), Live Yoghurt Cultures (including probiotics - L. acidophilus, Bifidobacteria, L. casei)), Blueberry Sauce (12%) (Blueberry Puree (50%), Water, Apple Juice, Rice Starch, Natural Flavour, Acidity Regulator (Sodium Citrate), Lemon Pulp).",https://www.coles.com.au/product/brownes-dairy-wiggles-yoghurt-pouch-blueberry-90g-6623356,,,2024-06-18T02:01:11.617416-04:00
"Ind56SColes_ADairy, Eggs & Fridge_SAYoghurt_IChobani No Sugar Added Yogurt Mixed Berry | 680g",Chobani No Sugar Added Yogurt Mixed Berry | 680g,Chobani,"Dairy, Eggs & Fridge",Yoghurt,Yoghurt Tubs,,$6.80,,,$1.00 per 100g,6612859,"Chobani Greek Yogurt is deliciously simple. Made with just milk and cultures, our yogurt is strained so it's naturally thick and creamy, then blended with strawberry, blackberry and blueberry.



Contains One Billion Probiotics per serve

High in natural protein

No sweeteners added

No preservatives, artificial colours or flavours

Source of calcium

Made in Australia",,,"Per 100g/ml
Per Serving
%DI
Energy
329kJ
493kJ
Protein
7.0g
10.5g
Total Fat
3.5g
5.3g
Saturated Fat
2.2g
3.3g
Carbohydrate
4.5g
6.8g
Sugars
3.3g
4.9g
Calcium
104
156
19
Sodium
28g
43g
Energy (Cal)
79Cal
118Cal
* Percentage Daily Intakes are based on an average adult diet of 8700 kJ. Your daily intakes may be higher or lower depending on your energy needs.",,https://www.coles.com.au/product/chobani-no-sugar-added-yogurt-mixed-berry-680g-6612859,,,2024-06-18T02:01:23.172418-04:00
"Ind56SColes_ADairy, Eggs & Fridge_SAYoghurt_IFive:AM Organic Vanilla Bean Yoghurt | 700g",Five:AM Organic Vanilla Bean Yoghurt | 700g,Five:AM,"Dairy, Eggs & Fridge",Yoghurt,Yoghurt Tubs,,$7.00,,,$1.00 per 100g,1436125,"We are passionate about starting each day with positivity and living with an appetite for life.
Our thick, creamy organic yoghurt is farm gate fresh, so you can eat what makes you feel good.
Organic

Australian Made and Owned

1 Billion Probiotics per serve",,,"Per 100g/ml
Per Serving
%DI
Energy
474
711
Protein
4.5
6.8
Total Fat
5.3
8.0
Saturated Fat
3.4
5.1
Carbohydrate
11.2
16.8
Sugars
10.4
15.6
Calcium
90
135
Sodium
90
96
* Percentage Daily Intakes are based on an average adult diet of 8700 kJ. Your daily intakes may be higher or lower depending on your energy needs.",,https://www.coles.com.au/product/five:am-organic-vanilla-bean-yoghurt-700g-1436125,,,2024-06-18T02:01:34.189631-04:00
"Ind56SColes_ADairy, Eggs & Fridge_SA_IVaalia Probiotics Banana Kids Yoghurt Pouch | 140g",Vaalia Probiotics Banana Kids Yoghurt Pouch | 140g,Vaalia,"Dairy, Eggs & Fridge",,,,$1.20,,$2.40,$0.86 per 100g,8704346,"Vaalia Kids Probiotic Yoghurt Banana is made with 3 probiotics including LGG which can help strengthen the immune system*.

Full of calcium for strong bones and teeth
Protein for growing bodies'
Contains the vitamin B12 for sustained energy and concentration.

Vaalia Kids yoghurt is available in a variety of delicious flavours the kids will love, making them the perfect delicious snack to pop in the lunchbox or when your kids are on-the-go!

*LGG in Vaalia yoghurt at a daily intake of at least 1 billion CFU can strengthen the immune system in the general population. As part of a varied and healthy diet.
'Protein for normal growth and development for children 4 years and over.
LGG and BB-12 are registered trademarks of Chr. Hansen.
- Suitable for children 12+ months.

- LGG can help strengthen the immune system*.

- Protein for growing bodies'

- Calcium for strong bones and teeth.

- Vitamin B12 for sustained energy and concentration.

- No artificial colours, flavours or sweeteners..

- No preservatives..

- Gluten free..",,,"Per 100g/ml
Per Serving
%DI
Energy
380kJ
532kJ
Protein
4.7g
6.6g
Total Fat
2.5g
3.5g
Saturated Fat
1.8g
2.5g
Carbohydrate
12.2g
17.1g
Sugars
9.5g
13.3g
Calcium
160 mg
22 4mg
28% RDI*
Vitamin B12
0.2 ug
0.3 ug
16% RDI*
Sodium
48mg
67mg
Monounsaturated
0g
0g
Energy (Cal)
91Cal
127Cal
Dietary Fibre (total)
0g
0g
Polyunsaturated
0g
0g
Gluten
NIL
NIL
Trans
0g
0g
* Percentage Daily Intakes are based on an average adult diet of 8700 kJ. Your daily intakes may be higher or lower depending on your energy needs.",,https://www.coles.com.au/product/vaalia-probiotics-banana-kids-yoghurt-pouch-140g-8704346,,,2024-06-18T02:01:47.285169-04:00
"Ind56SColes_ADairy, Eggs & Fridge_SA_IColes Greek Style Natural Yoghurt | 1kg",Coles Greek Style Natural Yoghurt | 1kg,Coles,"Dairy, Eggs & Fridge",,,,$4.40,,,$0.44 per 100g,2273478,"Coles Dairy Greek style Natural yoghurt, 1kg. Made with Australian milk this thick and creamy yoghurt is perfect on its own or as a base for dips and smoothies.",,,"Per 100g/ml
Per Serving
%DI
Energy
569
569
Protein
5.3
5.3
11
Saturated Fat
7.1
7.1
30
Carbohydrate
5.7
5.7
Sugars
5.7
5.7
Calcium
192
192
Sodium
56
70
3
Saturated
7.1
7.1
Energy (Cal)
136
136
Fat
10
10
Dietary Fibre (total)
1.5
1.5
* Percentage Daily Intakes are based on an average adult diet of 8700 kJ. Your daily intakes may be higher or lower depending on your energy needs.",,https://www.coles.com.au/product/coles-greek-style-natural-yoghurt-1kg-2273478,,,2024-06-18T02:01:59.323876-04:00
"Ind56SColes_ADairy, Eggs & Fridge_SAYoghurt_IChobani No Sugar Added Yogurt Mango Passionfruit | 680g",Chobani No Sugar Added Yogurt Mango Passionfruit | 680g,Chobani,"Dairy, Eggs & Fridge",Yoghurt,Multipacks,,$6.80,,,$1.00 per 100g,6612688,"Chobani Greek Yogurt is deliciously simple. Made with just milk and cultures, our yogurt is strained so it's naturally thick and creamy, then blended with mango and passion fruit.



Contains One Billion Probiotics

High in natural protein

No sweeteners added

No preservatives, artificial colours or flavours

Source of calcium

Made in Australia",,,"Per 100g/ml
Per Serving
%DI
Energy
331kJ
496kJ
Protein
7.1g
10.6g
Total Fat
3.2g
4.8g
Saturated Fat
2.0g
3.0g
Carbohydrate
5.3g
7.9g
Sugars
3.9g
5.9g
Calcium
98mg
147mg
18% RDI*
Sodium
34mg
51mg
Energy (Cal)
79Cal
119Cal
Dietary Fibre (total)
0.5g
0.7g
* Percentage Daily Intakes are based on an average adult diet of 8700 kJ. Your daily intakes may be higher or lower depending on your energy needs.",,https://www.coles.com.au/product/chobani-no-sugar-added-yogurt-mango-passionfruit-680g-6612688,,,2024-06-18T02:02:11.971180-04:00
"Ind56SColes_ADairy, Eggs & Fridge_SAYoghurt_IChobani Greek Yogurt Passionfruit | 160g",Chobani Greek Yogurt Passionfruit | 160g,Chobani,"Dairy, Eggs & Fridge",Yoghurt,Single Serve,,$2.70,,,$1.69 per 100g,5938715,"Chobani Greek Yogurt is deliciously simple. Made using just milk and cultures, which we triple strain using an authentic process so it's naturally thick and creamy, then layered onto passion fruit.



Strained to be naturally thick

High in natural protein

No preservatives, artificial colours or flavours

Source of calcium

Contains Live & Active Cultures

Made in Australia",,,"Per 100g/ml
Per Serving
%DI
Energy
366kJ
586kJ
Protein
7.6g
12.1g
Total Fat
1.6g
2.5g
Saturated Fat
1.0g
1.6g
Carbohydrate
10.1g
16.1g
Sugars
9.3g
14.9g
Calcium
105mg
168mg
Sodium
38mg
61mg
Energy (Cal)
88Cal
140Cal
* Percentage Daily Intakes are based on an average adult diet of 8700 kJ. Your daily intakes may be higher or lower depending on your energy needs.",,https://www.coles.com.au/product/chobani-greek-yogurt-passionfruit-160g-5938715,,,2024-06-18T02:02:23.096081-04:00
"Ind56SColes_ADairy, Eggs & Fridge_SAYoghurt_IVitasoy Oat Yogurt Vanilla | 140g",Vitasoy Oat Yogurt Vanilla | 140g,Vitasoy,"Dairy, Eggs & Fridge",Yoghurt,Dairy Free,,$3.00,,,$2.14 per 100g,6614650,"Enjoy our tasty Oat yogurt with a hint of Vanilla!

With a smooth and creamy taste our yogurts are also a great source of protein & calcium.

Plus, with a 4 star health rating, Vitasoy Oat Yogurt is the perfect breakfast addition, snack or cooking companion.
Live cultured with probiotics

Smooth & creamy

Source of calcium

5g protein per serve

Real vanilla and Australian oats

Source of Vit D & B12.",,,"Per 100g/ml
Per Serving
%DI
Energy
433
606
7
Protein
3.8
5.3
11
Total Fat
3.1
4.3
6
Saturated Fat
1.5
2.1
9
Carbohydrate
14.1
19.7
6
Sugars
7.1
9.9
11
Calcium
120
168
21
Vitamin B12
0.20
0.28
14
Vitamin D
0.72
1.0
10
Sodium
63
88
4
Monounsaturated
1.0
1.4
Energy (Cal)
104
146
Dietary Fibre (total)
0.5
0.7
2
Polyunsaturated
0.6
0.8
Trans
0
0
* Percentage Daily Intakes are based on an average adult diet of 8700 kJ. Your daily intakes may be higher or lower depending on your energy needs.",,https://www.coles.com.au/product/vitasoy-oat-yogurt-vanilla-140g-6614650,,,2024-06-18T02:02:34.665592-04:00
"Ind56SColes_ADairy, Eggs & Fridge_SAYoghurt_IChobani Greek Yogurt Limited Edition | 160g",Chobani Greek Yogurt Limited Edition | 160g,Chobani,"Dairy, Eggs & Fridge",Yoghurt,Single Serve,,$2.70,,,$1.69 per 100g,5939412,,,,"Per 100g/ml
Per Serving
%DI
Energy
370kJ
592kJ
Protein
7.5g
12.1g
Total Fat
1.6g
2.6g
Saturated Fat
1.0g
1.6g
Carbohydrate
10.6g
16.9g
Sugars
9.7g
15.5g
Calcium
106mg
169mg
21
Sodium
41mg
66mg
Energy (Cal)
89Cal
142Cal
* Percentage Daily Intakes are based on an average adult diet of 8700 kJ. Your daily intakes may be higher or lower depending on your energy needs.",,https://www.coles.com.au/product/chobani-greek-yogurt-limited-edition-160g-5939412,,,2024-06-18T02:02:46.189155-04:00
"Ind56SColes_ADairy, Eggs & Fridge_SA_IJalna Pot Set Fat Free Natural Yoghurt | 1kg",Jalna Pot Set Fat Free Natural Yoghurt | 1kg,Jalna,"Dairy, Eggs & Fridge",,,,$8.30,,,$0.83 per 100g,455827,"We believe nature got it right. For over 60 years, we've made yoghurt the traditional, natural way in our special pots. We start with fresh milk from Aussie dairy farms, add all-natural ingredients, then with a little time and a great deal of care we create uniquely thick and delicious pot set yoghurt.
All the unique thickness Jalna yoghurt but with less fat. If you're looking for a tasty natural yoghurt with the goodness of dairy but like to watch your fat intake, this traditional pot set yoghurt is made for you. You'll love the smooth texture, tangy taste and the guilt-free pleasure of adding an extra dollop.
100% All Natural
3 culture strains
Free from: Gluten, Gelatine, Thickeners, Preservatives, Artificial Colours, Artificial Flavours and Artificial Sweeteners
Australian Made",,,"Per 100g/ml
Per Serving
%DI
Energy
220kJ
220kJ
0%
Protein
5.3g
5.3g
0%
Total Fat
0.1g
0.1g
0%
Saturated Fat
0.1g
0.1g
0%
Carbohydrate
7.4g
7.4g
0%
Sugars
5.5g
5.5g
0%
Calcium
170mg
170mg
21%
Sodium
90mg
90mg
0%
Dietary Fibre (total)
0g
0g
0%
* Percentage Daily Intakes are based on an average adult diet of 8700 kJ. Your daily intakes may be higher or lower depending on your energy needs.",,https://www.coles.com.au/product/jalna-pot-set-fat-free-natural-yoghurt-1kg-455827,,,2024-06-18T02:02:57.619863-04:00
"Ind56SColes_ADairy, Eggs & Fridge_SAYoghurt_IJalna Greek Style Natural Yoghurt | 1kg",Jalna Greek Style Natural Yoghurt | 1kg,Jalna,"Dairy, Eggs & Fridge",Yoghurt,Yoghurt Tubs,,$8.30,,,$0.83 per 100g,7250935,"We believe nature got it right. For over 60 years, we've made yoghurt the traditional, natural way in our special pots. We start with fresh milk and cream from Aussie dairy farms, add all-natural ingredients, then with a little time and a great deal of care we create uniquely thick and delicious pot set yoghurt.
With only 3 natural ingredients, our award winning all-natural Greek Yoghurt is made without the need for stabilisers. Fresh milk and a generous amount of cream is fermented with live cultures to produce a full-bodied, smooth yoghurt with the perfect amount of tang.
With a uniquely thick and creamy texture, it is delicious straight off the spoon, served with fruit, or as a versatile ingredient when cooking.
100% All Natural
3 culture strains
Free from: Gluten, Gelatine, Thickeners, Preservatives, Artificial Colours, Artificial Flavours and Artificial Sweeteners
Australian Made",,,"Per 100g/ml
Per Serving
%DI
Energy
540kJ
540kJ
0%
Protein
3.8g
3.8g
0%
Total Fat
10g
10g
0%
Saturated Fat
7.1g
7.1g
0%
Carbohydrate
6.1g
6.1g
0%
Sugars
4.8g
4.8g
0%
Calcium
130mg
130mg
16%
Sodium
78mg
78mg
0%
Dietary Fibre (total)
0g
0g
0%
* Percentage Daily Intakes are based on an average adult diet of 8700 kJ. Your daily intakes may be higher or lower depending on your energy needs.",,https://www.coles.com.au/product/jalna-greek-style-natural-yoghurt-1kg-7250935,,,2024-06-18T02:03:09.918456-04:00
"Ind56SColes_ADairy, Eggs & Fridge_SAYoghurt_IFarmers Union Greek Style Strawberry Yoghurt Pouch | 130g",Farmers Union Greek Style Strawberry Yoghurt Pouch | 130g,Farmers Union,"Dairy, Eggs & Fridge",Yoghurt,Pouch,,$2.20,Pick any 2 for $2.60,,$1.69 per 100g,3251415,"In a convenient yogurt pouch, it's the perfect kids yogurt or snack for when you're on the go! 
 
4 Health Star Rating. No artificial colours, flavours or preservatives.  
 
Proudly Aussie owned, made and loved. 

^B. Lactis (BB-12) supports gut health by improving regularity in adults as part of a balanced diet.

BB-12 is a trademark of CHR. Hansen A/S.
Perfect on the go yogurt snack with a hint of Strawberry

Contains 1 billion probiotics per serve

No artificial colours, preservatives or sweeteners

Gelatine free and gluten free

Goodness of calcium

Australian Made & Owned.",,,"Per 100g/ml
Per Serving
%DI
Energy
376kJ
489kJ
Protein
5.0g
6.5g
Total Fat
2.9g
3.8g
Saturated Fat
1.9g
2.5g
Carbohydrate
10.7g
13.9g
Sugars
10.2g
13.3g
Calcium
179mg
233mg
29% RDI*
Sodium
50mg
65mg
Energy (Cal)
90Cal
117Cal
Dietary Fibre (total)
0g
0g
Gluten
0mg
0mg
* Percentage Daily Intakes are based on an average adult diet of 8700 kJ. Your daily intakes may be higher or lower depending on your energy needs.",,https://www.coles.com.au/product/farmers-union-greek-style-strawberry-yoghurt-pouch-130g-3251415,,,2024-06-18T02:03:21.684023-04:00
"Ind56SColes_ADairy, Eggs & Fridge_SAYoghurt_IGippsland Dairy Toffee & Honeycomb Twist Yoghurt | 700g",Gippsland Dairy Toffee & Honeycomb Twist Yoghurt | 700g,Gippsland Dairy,"Dairy, Eggs & Fridge",Yoghurt,Yoghurt Tubs,,$5.50,,$7.90,$0.79 per 100g,1872900,"Our thick, creamy yogurt is combined with an extraordinary fruit twist to create a taste so breathtaking, you'd be forgiven for going to extreme lengths to experience it.
Gippsland Dairy, The Taste Made Me Do It.",,,"Per 100g/ml
Per Serving
%DI
Energy
649kJ
568kJ
Protein
5.9g
5.1g
Total Fat
5.7g
5.0g
Saturated Fat
4.0g
3.5g
Carbohydrate
20.0g
17.5g
Sugars
16.7g
14.6g
Calcium
192mg
168mg
21% RDI*
Sodium
64mg
56mg
Energy (Cal)
155Cal
136Cal
Gluten
0mg
0mg
* Percentage Daily Intakes are based on an average adult diet of 8700 kJ. Your daily intakes may be higher or lower depending on your energy needs.",,https://www.coles.com.au/product/gippsland-dairy-toffee-and-honeycomb-twist-yoghurt-700g-1872900,,,2024-06-18T02:03:33.034393-04:00
"Ind56SColes_ADairy, Eggs & Fridge_SAYoghurt_IDanone YoPro Vanilla Yoghurt | 160g",Danone YoPro Vanilla Yoghurt | 160g,Danone,"Dairy, Eggs & Fridge",Yoghurt,Single Serve,,$3.00,,,$1.88 per 100g,2991948,,,,"Per 100g/ml
Per Serving
%DI
Energy
238kJ
380kJ
Protein
9.5g
15.2g
Total Fat
0.3g
0.5g
Saturated Fat
0.2g
0.3g
Carbohydrate
3.8g
6.1g
Sugars
3.2g
5.1g
Calcium
117mg
187mg
23.00%
Sodium
40mg
64mg
Energy (Cal)
57Cal
91Cal
* Percentage Daily Intakes are based on an average adult diet of 8700 kJ. Your daily intakes may be higher or lower depending on your energy needs.",,https://www.coles.com.au/product/danone-yopro-vanilla-yoghurt-160g-2991948,,,2024-06-18T02:03:44.288090-04:00
"Ind56SColes_ADairy, Eggs & Fridge_SAYoghurt_ICocobella Coconut Natural Yoghurt | 900g",Cocobella Coconut Natural Yoghurt | 900g,Cocobella,"Dairy, Eggs & Fridge",Yoghurt,Dairy Free,,$9.00,,,$1.00 per 100g,3825230,"At Cocobella, we source only the best quality coconut straight from paradise where the coconuts are grown. The delicious white coconut is pressed to make coconut milk which we deliberately ferment with live yoghurt cultures and probiotics, creating a naturally dairy-free yoghurt. Our Natural yoghurt is also naturally low in sugar. Cocobella Coconut Yoghurt can be enjoyed on it's own as a snack, topped onto your breakfast or used as a versatile ingredient within recipes. o Dairy-freeo Thick and creamy textureo Live cultures and probioticso Free from gluten and lactoseo Vegan friendlyo No preservatives, artificial colours or flavours",,,"Per 100g/ml
Per Serving
%DI
Energy
541kJ
812kJ
Protein
0.9g
1.4g
Total Fat
9.7g
14.6g
Saturated Fat
8.7g
13.1g
Carbohydrate
6.5g
9.8g
Sugars
2g
3g
Sodium
15mg
23mg
* Percentage Daily Intakes are based on an average adult diet of 8700 kJ. Your daily intakes may be higher or lower depending on your energy needs.",,https://www.coles.com.au/product/cocobella-coconut-natural-yoghurt-900g-3825230,,,2024-06-18T02:03:56.383277-04:00
"Ind56SColes_ADairy, Eggs & Fridge_SA_IChobani Greek Yogurt Blueberry | 160g",Chobani Greek Yogurt Blueberry | 160g,Chobani,"Dairy, Eggs & Fridge",,,,$2.70,,,$1.69 per 100g,5938704,"Chobani Greek Yogurt is deliciously simple. Made using just milk and cultures, which we triple strain using an authentic process so it's naturally thick and creamy, then layered onto blueberry.



Strained to be naturally thick

High in natural protein

No preservatives, artificial colours or flavours

Source of calcium

Contains Live & Active Cultures

Made in Australia",,,"Per 100g/ml
Per Serving
%DI
Energy
314kJ
502kJ
Protein
7.7g
12.3g
Total Fat
0.2g
0.3g
Saturated Fat
0.1g
0.1g
Carbohydrate
10.2g
16.4g
Sugars
9.5g
15.3g
Calcium
103mg
164mg
Sodium
31mg
49mg
Energy (Cal)
75Cal
120Cal
* Percentage Daily Intakes are based on an average adult diet of 8700 kJ. Your daily intakes may be higher or lower depending on your energy needs.",,https://www.coles.com.au/product/chobani-greek-yogurt-blueberry-160g-5938704,,,2024-06-18T02:04:07.318868-04:00
"Ind56SColes_ADairy, Eggs & Fridge_SAYoghurt_IColes Vanilla Yoghurt | 1kg",Coles Vanilla Yoghurt | 1kg,Coles,"Dairy, Eggs & Fridge",Yoghurt,Yoghurt Tubs,,$4.00,,,$0.40 per 100g,9554500,Made with Australian Milk 98% FAT FREE,,,"Per 100g/ml
Per Serving
%DI
Energy
381.90
572.85
Protein
4.10
6.15
Total Fat
1.60
2.40
Carbohydrate
14.60
21.90
Sugars
12.20
18.30
Calcium
172.00
258.00
Sodium
43.00
64.50
Saturated
1.10
1.65
Energy (Cal)
91.36
137.05
Dietary Fibre (total)
0.60
0.90
* Percentage Daily Intakes are based on an average adult diet of 8700 kJ. Your daily intakes may be higher or lower depending on your energy needs.",,https://www.coles.com.au/product/coles-vanilla-yoghurt-1kg-9554500,,,2024-06-18T02:04:19.844864-04:00
"Ind56SColes_ADairy, Eggs & Fridge_SAYoghurt_IColes Squeezie Vanilla Yoghurt Pouch | 70g",Coles Squeezie Vanilla Yoghurt Pouch | 70g,Coles,"Dairy, Eggs & Fridge",Yoghurt,Pouch,,$0.75,,,$1.07 per 100g,1013675,"Coles Dairy squeezie Vanilla, 70g. Made with Australian milk, yoghurt pouches provide a source of calcium. Great for lunchboxes and kids snacks on the go.",,,"Per 100g/ml
Per Serving
%DI
Energy
336.39
235.47
Protein
3.87
2.71
Total Fat
1.6
1.12
Carbohydrate
12.2
8.54
Sugars
8.9
6.23
Calcium
213
149.1
Sodium
40
28
Saturated
1
0.7
Energy (Cal)
80.48
56.33
Dietary Fibre (total)
0.5
0.35
* Percentage Daily Intakes are based on an average adult diet of 8700 kJ. Your daily intakes may be higher or lower depending on your energy needs.",,https://www.coles.com.au/product/coles-squeezie-vanilla-yoghurt-pouch-70g-1013675,,,2024-06-18T02:04:31.141929-04:00
"Ind56SColes_ADairy, Eggs & Fridge_SAYoghurt_IYoplait Petit Miam Mango Yoghurt Pouch | 70g",Yoplait Petit Miam Mango Yoghurt Pouch | 70g,Yoplait,"Dairy, Eggs & Fridge",Yoghurt,Pouch,,$1.10,Pick any 5 for $4.25,,$1.57 per 100g,3536368,"Made in Australia. 4.5 health star rating.

With no artificial colours, flavours or preservatives, Yoplait Petit Miam is an ideal snack for busy kids on the go. 

With innovative packaging to enjoy anywhere, anytime, Yoplait's nutritious yoghurt leaves behind no mess and zero dirty dishes! 

Made in Australia and available in delicious flavours including Plain, Strawberry, Mango, Blueberry, Vanilla, Banana & Fruit Salad. 

*Circana Total Business, Top 10 Brands by volume (litres 000), MAT to 26.03.23

^As part of a balanced diet.
Yoplait Petit Miam Mango Yoghurt Pouch is tasty nutritious snack for kids made with real fruit and goodness of milk

Made with live cultures and high in calcium for strong bones

It has NO artificial colours, flavours or preservatives.

Convenient on the go snack or freeze for lunch box.

Available in Strawberry, Vanilla, Blueberry, Mango, Banana and Fruit Salad flavours .

Made in Victoria, Australia.",,,"Per 100g/ml
Per Serving
%DI
Energy
302
211
Protein
3.4
2.4
Total Fat
2.3
1.6
Saturated Fat
1.4
1
Carbohydrate
9.2
6.4
Sugars
7.5
5.3
Calcium
207
145
18.0%
Sodium
43
30
Energy (Cal)
72
50
Gluten
0
0
* Percentage Daily Intakes are based on an average adult diet of 8700 kJ. Your daily intakes may be higher or lower depending on your energy needs.",,https://www.coles.com.au/product/yoplait-petit-miam-mango-yoghurt-pouch-70g-3536368,,,2024-06-18T02:04:42.829565-04:00
"Ind56SColes_ADairy, Eggs & Fridge_SAYoghurt_IDairy Farmers Thick & Creamy Strawberry Yoghurt | 600g",Dairy Farmers Thick & Creamy Strawberry Yoghurt | 600g,Dairy Farmers,"Dairy, Eggs & Fridge",Yoghurt,Yoghurt Tubs,,$5.50,,,$0.92 per 100g,1198479,"Proudly working with farming communities to create high quality and nutritious dairy products. Australian made, owned and loved, Dairy Farmers yoghurt has been proudly nourishing Australian families since 1900. 

Enjoy delicious Dairy Farmers Yoghurt with breakfast, as a protein snack or even for dessert!

No artificial colours, flavours or preservatives 
 Gelatine free
Source of calcium and protein

Illustrations by Carla Ellis
Made with the generosity of the country, Dairy Farmers yoghurt is made with real and luscious fruit stirred through full cream milk and creamy yoghurt.

It's made with with yoghurt cultures, has no artificial colours and flavours or preservatives, and is gelatine free.

It's a source of calcium and protein.

It's available in a range of flavours including the limited-edition provenance range, generously filled with delicious provenance fruits.

It's available in both the 150 gms and 600 gms pack size and can be enjoyed with breakfast, as a snack or for dessert.

It's made in Victoria, Australia.",,,"Per 100g/ml
Per Serving
%DI
Energy
497kJ
746kJ
9%
Protein
3.8g
5.7g
11%
Total Fat
6.3g
9.5g
14%
Saturated Fat
4.1g
6.2g
26%
Carbohydrate
11.6g
17.4g
6%
Sugars
11.4g
17.1
19%
Calcium
142mg
213mg
27% RDI*
Sodium
39mg
59mg
3%
Energy (Cal)
119Cal
178Cal
Gluten
0mg
0mg
* Percentage Daily Intakes are based on an average adult diet of 8700 kJ. Your daily intakes may be higher or lower depending on your energy needs.",,https://www.coles.com.au/product/dairy-farmers-thick-and-creamy-strawberry-yoghurt-600g-1198479,,,2024-06-18T02:04:55.947117-04:00
"Ind56SColes_ADairy, Eggs & Fridge_SAYoghurt_ICocobella Coconut Yoghurt Vanilla | 900g",Cocobella Coconut Yoghurt Vanilla | 900g,Cocobella,"Dairy, Eggs & Fridge",Yoghurt,Dairy Free,,$9.00,,,$1.00 per 100g,4332385,"At Cocobella, we source only the best quality coconut straight from paradise where the coconuts are grown. The delicious white coconut is pressed to make coconut milk which we deliberately ferment with live yoghurt cultures and probiotics, creating a naturally dairy-free yoghurt. Our Natural yoghurt is also naturally low in sugar. Cocobella Coconut Yoghurt can be enjoyed on it's own as a snack, topped onto your breakfast or used as a versatile ingredient within recipes.
Dairy-free
Thick and creamy texture
Live cultures and probiotics
Free from gluten and lactose
Vegan friendly
No preservatives, artificial colours or flavours
For our full range of products & more, visit our website www.purecocobella.com and follow us @purecocobella",,,"Per 100g/ml
Per Serving
%DI
Energy
564kJ
846kJ
Protein
0.8g
1.2g
Total Fat
8.4g
12.6g
Saturated Fat
7.5g
11.3g
Carbohydrate
11.4g
17.1g
Sugars
5.5g
8.3g
Sodium
14mg
21mg
* Percentage Daily Intakes are based on an average adult diet of 8700 kJ. Your daily intakes may be higher or lower depending on your energy needs.",,https://www.coles.com.au/product/cocobella-coconut-yoghurt-vanilla-900g-4332385,,,2024-06-18T02:05:08.261361-04:00
"Ind56SColes_ADairy, Eggs & Fridge_SAYoghurt_IChobani No Sugar Added Yogurt Pouch Strawberry | 100g",Chobani No Sugar Added Yogurt Pouch Strawberry | 100g,Chobani,"Dairy, Eggs & Fridge",Yoghurt,Pouch,,$2.00,Pick any 4 for $6,,$2.00 per 100g,7650219,"Using only natural ingredients, Chobani No Sugar Added pouches are a delicious healthy snack for little kids.  7g of natural natural protein, a source of calcium, 1 billion probiotics and lactose free.
No Sugar Added

Mild Greek Yogurt

Only Natural Ingredients

Made with Fresh Australian Milk

No Sweeteners Added

Source of Calcium.

1 Billion Probiotics.

7g of Natural Protein.",,,"Per 100g/ml
Per Serving
%DI
Energy
327
327
Protein
7.0g
7.0g
Total Fat
3.5g
3.5g
Saturated Fat
2.2g
2.2g
Carbohydrate
4.5g
4.5g
Sugars
3.1g
3.1g
Calcium
97mg
97mg
12%
Sodium
33mg
33mg
Energy (Cal)
78
78
Dietary Fibre (total)
0.2g
0.2g
* Percentage Daily Intakes are based on an average adult diet of 8700 kJ. Your daily intakes may be higher or lower depending on your energy needs.",,https://www.coles.com.au/product/chobani-no-sugar-added-yogurt-pouch-strawberry-100g-7650219,,,2024-06-18T02:05:19.645565-04:00
"Ind56SColes_ADairy, Eggs & Fridge_SAYoghurt_IYog'N Oats Mango & Passionfruit Yoghurt | 150g",Yog'N Oats Mango & Passionfruit Yoghurt | 150g,YogN Oats,"Dairy, Eggs & Fridge",Yoghurt,Single Serve,,$3.20,,,$2.13 per 100g,6616667,,,,,,https://www.coles.com.au/product/yog'n-oats-mango-and-passionfruit-yoghurt-150g-6616667,,,2024-06-18T02:05:30.190848-04:00
"Ind56SColes_ADairy, Eggs & Fridge_SAYoghurt_ICocobella Coconut Passionfruit Yoghurt | 150g",Cocobella Coconut Passionfruit Yoghurt | 150g,Cocobella,"Dairy, Eggs & Fridge",Yoghurt,Dairy Free,,$2.00,,$2.50,$1.33 per 100g,3847007,"At Cocobella, we source only the best quality coconut straight from paradise where the coconuts are grown. The delicious white coconut is pressed to make coconut milk which we deliberately ferment with live yoghurt cultures and probiotics, creating a naturally dairy-free yoghurt. Cocobella Coconut Yoghurt can be enjoyed on it's own as a snack or topped onto your breakfast to fuel your day.",,,"Per 100g/ml
Per Serving
%DI
Energy
559kJ
838kJ
Protein
1g
1.5g
Total Fat
8.3g
12.4g
Saturated Fat
7.4g
11.1g
Carbohydrate
10.8g
16.2g
Sugars
5g
7.5g
Sodium
20mg
30mg
* Percentage Daily Intakes are based on an average adult diet of 8700 kJ. Your daily intakes may be higher or lower depending on your energy needs.","Coconut yoghurt (water, coconut milk, native starch, tapioca syrup, carob bean extract, agar, yoghurt cultures and probiotics), Passionfruit blend (passionfruit pulp (6%), water, sugar, rice starch, sodium citrate, natural flavour).",https://www.coles.com.au/product/cocobella-coconut-passionfruit-yoghurt-150g-3847007,,,2024-06-18T02:05:41.664272-04:00
"Ind56SColes_ADairy, Eggs & Fridge_SAYoghurt_IChobani Greek Yogurt Pouch Peach | 140g",Chobani Greek Yogurt Pouch Peach | 140g,Chobani,"Dairy, Eggs & Fridge",Yoghurt,Pouch,,$2.70,,,$1.93 per 100g,6613159,"Chobani Greek Yogurt is deliciously simple. Made using just milk and cultures, which we triple strain using an authentic process so it's naturally thick and creamy, then blended with peach.


Less than 0.5% fat

Strained to be naturally thick

High in natural protein

No preservatives, artificial colours or flavours

Source of calcium

Contains Live & Active Cultures

Made in Australia.",,,"Per 100g/ml
Per Serving
%DI
Energy
299
419
Protein
7.9
11.1
Total Fat
0.2
0.2
Saturated Fat
0.1
0.1
Carbohydrate
9.2
12.8
Sugars
8.5
11.9
Calcium
105
147
18
Sodium
29
41
Energy (Cal)
72
100
* Percentage Daily Intakes are based on an average adult diet of 8700 kJ. Your daily intakes may be higher or lower depending on your energy needs.",,https://www.coles.com.au/product/chobani-greek-yogurt-pouch-peach-140g-6613159,,,2024-06-18T02:05:52.884516-04:00
"Ind56SColes_ADairy, Eggs & Fridge_SAYoghurt_IYoPro Yoghurt Pouch Strawberry | 150g",YoPro Yoghurt Pouch Strawberry | 150g,YoPro,"Dairy, Eggs & Fridge",Yoghurt,Pouch,,$2.20,,$3.00,$1.47 per 100g,4346244,"YoPRO is a protein brand looking to fuel athletes and amateurs alike using the best quality ingredients and in the most natural way possible.
High Protein

0 added sugar

0 artificial sweeteners

0 artificial flavours or artificial colours

0 gelatine

Pouch.

Convenient.",,,"Per 100g/ml
Per Serving
%DI
Energy
244kJ
367kJ
Protein
10.0g
15.0g
Total Fat
0.3g
0.5g
Saturated Fat
0.2g
0.3g
Carbohydrate
3.7g
5.6g
Sugars
3.4g
5.1g
Calcium
123mg
185mg
23.00%
Sodium
42mg
63mg
Energy (Cal)
58Cal
88Cal
* Percentage Daily Intakes are based on an average adult diet of 8700 kJ. Your daily intakes may be higher or lower depending on your energy needs.",,https://www.coles.com.au/product/yopro-yoghurt-pouch-strawberry-150g-4346244,,,2024-06-18T02:06:05.212908-04:00
"Ind56SColes_ADairy, Eggs & Fridge_SAYoghurt_IGippsland Dairy Strawberry Cream Twist Yoghurt | 700g",Gippsland Dairy Strawberry Cream Twist Yoghurt | 700g,Gippsland Dairy,"Dairy, Eggs & Fridge",Yoghurt,Yoghurt Tubs,,$5.50,,$7.90,$0.79 per 100g,3721971,"Our thick, creamy yogurt is combined with an extraordinary fruit twist to create a taste so breathtaking, you'd be forgiven for going to extreme lengths to experience it.
Gippsland Dairy, The Taste Made Me Do It.",,,"Per 100g/ml
Per Serving
%DI
Energy
614kJ
537kJ
Protein
6.0g
5.2g
Total Fat
5.7g
5.0g
Saturated Fat
4.0g
3.5g
Carbohydrate
17.8g
15.5g
Sugars
16.2g
14.2g
Calcium
193mg
168mg
21% RDI*
Sodium
57mg
50mg
Energy (Cal)
147Cal
129Cal
Gluten
0mg
0mg
* Percentage Daily Intakes are based on an average adult diet of 8700 kJ. Your daily intakes may be higher or lower depending on your energy needs.",,https://www.coles.com.au/product/gippsland-dairy-strawberry-cream-twist-yoghurt-700g-3721971,,,2024-06-18T02:06:16.277526-04:00
"Ind56SColes_ADairy, Eggs & Fridge_SAYoghurt_IDairy Farmers Thick & Creamy Yoghurt Vanilla | 600g",Dairy Farmers Thick & Creamy Yoghurt Vanilla | 600g,Dairy Farmers,"Dairy, Eggs & Fridge",Yoghurt,Yoghurt Tubs,,$5.50,,,$0.92 per 100g,1198480,"Proudly working with farming communities to create high quality and nutritious dairy products. Australian made, owned and loved, Dairy Farmers yoghurt has been proudly nourishing Australian families since 1900. 

Enjoy delicious Dairy Farmers Yoghurt with breakfast, as a protein snack or even for dessert!

No artificial colours, flavours or preservatives 
 Gelatine free
Source of calcium and protein

Illustrations by Carla Ellis
Made with the generosity of the country, Dairy Farmers yoghurt is made with real and luscious fruit stirred through full cream milk and creamy yoghurt.

It's made with with yoghurt cultures, has no artificial colours and flavours or preservatives, and is gelatine free.

It's a source of calcium and protein.

It's available in a range of flavours including the limited-edition provenance range, generously filled with delicious provenance fruits.

It's available in both the 150 gms and 600 gms pack size and can be enjoyed with breakfast, as a snack or for dessert.

It's made in Victoria, Australia.",,,"Per 100g/ml
Per Serving
%DI
Energy
525kJ
788kJ
9%
Protein
3.7g
5.6g
11%
Total Fat
6.3g
9.5g
14%
Saturated Fat
4.1g
6.2g
26%
Carbohydrate
13.40%
20.1g
6%
Sugars
12.9g
19.4g
22%
Calcium
124mg
186mg
23% RDI*
Sodium
39mg
59mg
3%
Energy (Cal)
126Cal
189Cal
Gluten
0mg
0mg
* Percentage Daily Intakes are based on an average adult diet of 8700 kJ. Your daily intakes may be higher or lower depending on your energy needs.",,https://www.coles.com.au/product/dairy-farmers-thick-and-creamy-yoghurt-vanilla-600g-1198480,,,2024-06-18T02:06:27.460936-04:00
"Ind56SColes_ADairy, Eggs & Fridge_SAYoghurt_IYoplait Berry Punnet Yoghurt 6x160g | 960g",Yoplait Berry Punnet Yoghurt 6x160g | 960g,Yoplait,"Dairy, Eggs & Fridge",Yoghurt,Multipacks,,$6.50,,,$0.68 per 100g,3619567,"Available in 160g tubs and a range of flavours, the multipack range is perfect as a wholesome breakfast or scrumptious snack.

4 Health Star Rating. Made in Australia . 

As part of a balanced diet, Yoplait naturally provides essential nutrients for a healthy mind and body:

Protein - for muscle growth, development and repair 
Calcium and phosphorous - for strong bones and teeth 
Iodine and vitamin B5 - for brain health
Potassium - for muscle function and hydration 
Vitamin B2 - for energy maintenance 
Vitamin B12 - for immune support 

*Circana Total Business, Top 10 Brands by volume (litres 000), MAT to 26.03.23
Made with real fruit and goodness of milk

loved by Australians since 1982

8 essential nutrients

simple & delicious yoghurt for the whole family

no artifical flavours, colours or preservatives

Made in Victoria, Australia..

6 x single serve tubs - perfect for a snack.",,,,"Raspberry: Milk, Skim Milk, Milk Solids, Sugar, Raspberry (6%), Thickeners (Gelatine, Modified Starch, Guar Gum), Natural Flavours, Acidity Regulator (Sodium Citrate), Black Carrot & Blackcurrant Concentrate, Live Yoghurt Cultures (Milk): S. Thermophilus & L. Bulgaricus. Mixed berry: Milk, Skim Milk, Milk Solids, Sugar, Fruits (6.5%) [Strawberry, Blackberry, Blueberry], Thickeners (Gelatine, Modified Starch, Pectin), Natural Flavours, Acidity Regulator (Sodium Citrate), Black Carrot & Blackcurrant Concentrate, Mineral Salt (Calcium Chloride), Live Yoghurt Cultures (Milk): S. Thermophilus & L. Bulgaricus. Strawberry: Milk, Skim Milk, Milk Solids, Strawberry (7%), Sugar, Thickeners (Modified Starch, Gelatine, Carrageenan), Natural Flavours, Acidity Regulators (Sodium Citrate, Citric Acid), Carrot Concentrates, Calcium Chloride, Live Yoghurt Cultures (Milk): S. Thermophilus & L. Bulgaricus.",https://www.coles.com.au/product/yoplait-berry-punnet-yoghurt-6x160g-960g-3619567,,,2024-06-18T02:06:36.732411-04:00
"Ind56SColes_ADairy, Eggs & Fridge_SAYoghurt_IBrownes Dairy Wiggles Yoghurt Pouch Mango | 90g",Brownes Dairy Wiggles Yoghurt Pouch Mango | 90g,Brownes Dairy,"Dairy, Eggs & Fridge",Yoghurt,Pouch,,$1.00,,$1.40,$1.11 per 100g,6623367,"Our creamy and smooth natural yoghurt is especially made for little growing bodies*. They are made with whole milk and enriched with prebiotic and probiotic cultures. They contain no artificial colours, flavours or preservatives and are gluten, gelatine and lactose free! Our Wiggles Mango Yoghurt is the perfect Yummy Yummy snack for little tummies!
Our yoghurt is crafted with the purest fresh milk from the pristine pastures of WA's gourmet South West region.
Enjoy the natural goodness of yoghurt from Australia's Oldest Dairy.
*When consumed as part of a varied and healthy diet.",,,"Per 100g/ml
Per Serving
%DI
Energy
322kJ
290kJ
3%
Protein
4.2g
3.8g
8%
Total Fat
3.6g
3.3g
5%
Saturated Fat
2.4g
2.1g
9%
Carbohydrate
6.5g
5.8g
2%
Sugars
4.3g
3.9g
4%
Calcium
132mg
119mg
15%
Sodium
47mg
42mg
2%
* Percentage Daily Intakes are based on an average adult diet of 8700 kJ. Your daily intakes may be higher or lower depending on your energy needs.",,https://www.coles.com.au/product/brownes-dairy-wiggles-yoghurt-pouch-mango-90g-6623367,,,2024-06-18T02:06:48.179660-04:00
"Ind56SColes_ADairy, Eggs & Fridge_SAYoghurt_IYoplait Zero Berry Harvest Yoghurt 6x160g | 960g",Yoplait Zero Berry Harvest Yoghurt 6x160g | 960g,Yoplait,"Dairy, Eggs & Fridge",Yoghurt,Multipacks,,$6.50,,,$0.68 per 100g,3619487,"Made in Australia, Yoplait Zero Yoghurt contains no fat (contains less than 0.15% fat) and no added sugar.

5 Health Star Rating.

As part of a balanced diet, Yoplait naturally provides essential nutrients for a healthy mind and body:

Protein - for muscle growth, development and repair 
Calcium and phosphorous - for strong bones and teeth 
Iodine  - for brain health
Potassium - for muscle function and hydration 
Vitamin B2 - for energy maintenance 
Vitamin B12 - for immune support 

*Circana Total Business, Top 10 Brands by volume (litres 000), MAT to 26.03.23
No added sugar, no fat (contains less than 0.15% fat) and only 80 calories per serve.

Made with real fruit and goodness of milk

Rich in calcium, has the goodness of protein and is gluten free.

Available in a range of flavours including Strawberry, French vanilla, Berry Harvest and Tropical Paradise across the 1kg and 6x160g pack sizes.

Healthy and nutritious yoghurt with a 5-health star rating that can be consumed with breakfast, as a snack or treat.

Made in Victoria, Australia..",,,,"Field Berries: Skim Milk, Milk Solids, Water, Fruits (5.5%) (Blackberries, Strawberries, Raspberries), Polydextrose, Thickeners (modified Starch, Locust Bean Gum, Pectin), Gelatine, Natural Flavours, Acidity Regulators (Sodium Citrate, Malic Acid), Sweeteners (Acesulfame Potassium, Sucralose), Mineral Salt (Calcium Chloride), Natural Colour (Purple Carrot Concentrate), Yoghurt Cultures: S. Thermophilus & L. Bulgaricus. Raspberry: Skimmilk, Milk Solids, Water, Raspberry (4.8%), Polydextrose, Thickeners (Modified Starch, Locust Bean Gum, Pectin), Gelatine, Natural Flavours, Acidity Regulators (Sodium Citrate, Malic Acid), Natural Colour (Black Carrot Concentrate), Sweeteners (Acesulfame Potassium, Sucralose, Mineral Salt (Calcium Chloride], Yoghurt Cultures: S. Thermophilus & L. Bulgaricus. Strawberry: Skim Milk, Milk Solids, Strawberries (6%), Water, Polydextrose, Thickeners (Modified Starch, Carrageenan), Gelatine, Natural Flavours, Natural Colour (Black Carrot Concentrate), Acidity Regulators (Sodium Citrate, Citric Acid), Mineral Salt (Calcium Chloride), Sweeteners (Acesulfame Potassium, Sucralose), Yoghurt Cultures: S. Thermophilus & L. Bulgaricus.",https://www.coles.com.au/product/yoplait-zero-berry-harvest-yoghurt-6x160g-960g-3619487,,,2024-06-18T02:06:57.427374-04:00
"Ind56SColes_ADairy, Eggs & Fridge_SAYoghurt_IDanone Yopro Perform Yoghurt Peach | 175g",Danone Yopro Perform Yoghurt Peach | 175g,Danone,"Dairy, Eggs & Fridge",Yoghurt,Single Serve,,$2.80,,$3.70,$1.60 per 100g,4935019,,,,"Per 100g/ml
Per Serving
%DI
Energy
285kJ
499kJ
Protein
11.5g
20.1g
Total Fat
0.7g
1.2g
Saturated Fat
0.4g
0.7g
Carbohydrate
3.8g
6.7g
Sugars
3.5g
6.1g
Calcium
251mg
439mg
55%
Sodium
52mg
91mg
Energy (Cal)
68Cal
119Cal
* Percentage Daily Intakes are based on an average adult diet of 8700 kJ. Your daily intakes may be higher or lower depending on your energy needs.",,https://www.coles.com.au/product/danone-yopro-perform-yoghurt-peach-175g-4935019,,,2024-06-18T02:07:08.983275-04:00
"Ind56SColes_ADairy, Eggs & Fridge_SAYoghurt_IGippsland Dairy Smooth & Creamy Twist Yoghurt | 700g",Gippsland Dairy Smooth & Creamy Twist Yoghurt | 700g,Gippsland Dairy,"Dairy, Eggs & Fridge",Yoghurt,Yoghurt Tubs,,$5.50,,$7.90,$0.79 per 100g,6560008,"Our thick, creamy yogurt is combined with an extraordinary fruit twist to create a taste so breathtaking, you'd be forgiven for going to extreme lengths to experience it.
Gippsland Dairy, The Taste Made Me Do It.",,,"Per 100g/ml
Per Serving
%DI
Energy
624kJ
546kJ
Protein
6.5g
5.7g
Total Fat
6.3g
5.5g
Saturated Fat
4.4g
3.9g
Carbohydrate
16.5g
14.4g
Sugars
15.1g
13.2g
Calcium
213mg
186mg
23% RDI*
Sodium
61mg
53mg
Energy (Cal)
149Cal
131Cal
Gluten
0mg
0mg
* Percentage Daily Intakes are based on an average adult diet of 8700 kJ. Your daily intakes may be higher or lower depending on your energy needs.",,https://www.coles.com.au/product/gippsland-dairy-smooth-and-creamy-twist-yoghurt-700g-6560008,,,2024-06-18T02:07:20.818264-04:00
"Ind56SColes_ADairy, Eggs & Fridge_SAYoghurt_IPauls Kids Custard Pouch Bluey Chocolate | 70g",Pauls Kids Custard Pouch Bluey Chocolate | 70g,Pauls,"Dairy, Eggs & Fridge",Yoghurt,Pouch,,$1.50,,$1.90,$2.14 per 100g,1199223,"Enjoy snack time with Bluey!
Pauls Bluey Chocolate Custard is a delicious, perfectly portioned snack, ready to enjoy on the go.
With dairy goodness for growing kids, Pauls Kids custard contains no preservatives and no artificial colours. It's a great source of calcium, is low in fat and is gluten-free.
Perfect for lunch boxes, snack time, or a quick pick-me-up, our custard pouches are a convenient and tasty addition to any day.
- Source of calcium
- Low in Fat
- No artificial colours
- No preservatives
- Squeezable
- No Spoon Required
BLUEY TM and BLUEY character logos TM & Â© Ludo Studio Pty Ltd 2023
Source of Calcium

Low in Fat

No Artificial Colours

No Preservatives",,,"Per 100g/ml
Per Serving
%DI
Energy
395kJ
277kJ
Protein
3.6g
2.5g
Total Fat
1.7g
1.2g
Saturated Fat
1.1g
0.8g
Carbohydrate
15.7g
11.0g
Sugars
12.3g
8.6g
Calcium
115mg
81mg
10% RDI*
Sodium
69mg
48mg
Monounsaturated
0
0
Energy (Cal)
94
66
Dietary Fibre (total)
0
0
Polyunsaturated
0
0
Gluten
Nil
Nil
Trans
0
0
* Percentage Daily Intakes are based on an average adult diet of 8700 kJ. Your daily intakes may be higher or lower depending on your energy needs.",,https://www.coles.com.au/product/pauls-kids-custard-pouch-bluey-chocolate-70g-1199223,,,2024-06-18T02:07:32.322264-04:00
"Ind56SColes_ADairy, Eggs & Fridge_SAYoghurt_IFarmers Union No Added Sugar Kids Yogurt Pouch Strawberry | 130g",Farmers Union No Added Sugar Kids Yogurt Pouch Strawberry | 130g,Farmers Union,"Dairy, Eggs & Fridge",Yoghurt,Pouch,,$2.20,Pick any 2 for $2.60,,$1.69 per 100g,6600689,"Nourishing yoghurt for growing kids. High in Calcium, with 30% of your daily calcium needs and NO ADDED SUGAR.
- No artificial colours, flavours, sweeteners or preservatives
- Vitamin B12 to support immune health
- Probiotics (1 billion per serve)
- Iodine and vitamin B12 for brain health
- Sweetened with fruit
High in Calcium",,,"Per 100g/ml
Per Serving
%DI
Energy
323
420
5
Protein
5
6.5
13
Total Fat
3
3.9
6
Saturated Fat
1.9
2.5
10
Carbohydrate
6.7
8.7
3
Sugars
6.4
8.3
9
Calcium
188
244
31
Sodium
49
64
3
Energy (Cal)
77
100
Dietary Fibre (total)
.1
.1
Vitamin B12
.32
.42
21
Iodine
31
40
27
* Percentage Daily Intakes are based on an average adult diet of 8700 kJ. Your daily intakes may be higher or lower depending on your energy needs.",,https://www.coles.com.au/product/farmers-union-no-added-sugar-kids-yogurt-pouch-strawberry-130g-6600689,,,2024-06-18T02:07:43.749688-04:00
"Ind56SColes_ADairy, Eggs & Fridge_SAYoghurt_ITamar Valley The Creamery Yoghurt Mangoes & Cream | 170g",Tamar Valley The Creamery Yoghurt Mangoes & Cream | 170g,Tamar Valley,"Dairy, Eggs & Fridge",Yoghurt,Single Serve,,$2.90,,,$1.71 per 100g,4348400,"There's nowhere quite as pure and natural as the rolling hills of Tasmania.

We believe Tasmania's pristine environment is the perfect place to source milk for our delicious, thick and creamy yoghurts.

Our yoghurts are made with natural ingredients, real fruit and fresh Tamanian milk. Just pure and simple goodness - nothing else. 

Taste the all natural goodness of Tamar Valley Dairy yourself. The Creamery, The Better. 

www.tamarvalleydairy.com.au
All natural

Made with Tasmanian milk

Thick & creamy

Gelatine free

Gluten free",,,"Per 100g/ml
Per Serving
%DI
Energy
540kJ
918kJ
Protein
4.9g
8.3g
Total Fat
4.4g
7.5g
Saturated Fat
2.9g
4.9g
Carbohydrate
18g
30.6g
Sugars
15.6g
26.5g
Calcium
186mg
316mg
Sodium
186mg
82mg
Energy (Cal)
129Cal
220Cal
Gluten
Nil
Nil
* Percentage Daily Intakes are based on an average adult diet of 8700 kJ. Your daily intakes may be higher or lower depending on your energy needs.",,https://www.coles.com.au/product/tamar-valley-the-creamery-yoghurt-mangoes-and-cream-170g-4348400,,,2024-06-18T02:07:54.849023-04:00
"Ind56SColes_ADairy, Eggs & Fridge_SAYoghurt_IJalna Pot Set Creamy Vanilla Yoghurt | 1kg",Jalna Pot Set Creamy Vanilla Yoghurt | 1kg,Jalna,"Dairy, Eggs & Fridge",Yoghurt,Yoghurt Tubs,,$8.30,,,$0.83 per 100g,8724423,"We believe nature got it right. For over 60 years, we've made yoghurt the traditional, natural way in our special pots. We start with fresh milk and cream from Aussie dairy farms, add all-natural ingredients, then with a little time and a great deal of care we create uniquely thick and delicious pot set yoghurt.
Made with fresh dairy milk, live probiotic cultures and natural vanilla flavour, Jalna Creamy Vanilla Yoghurt is a family favourite. Made in the same natural pot set way, it delivers the perfect blend of vanilla and cream. Perfect with so many desserts or enjoy on its own.
100% All Natural
3 culture strains
Free from: Gluten, Gelatine, Thickeners, Preservatives, Artificial Colours, Artificial Flavours and Artificial Sweeteners
Australian Made",,,"Per 100g/ml
Per Serving
%DI
Energy
470kJ
470kJ
0%
Protein
5.4g
5.4g
0%
Total Fat
4.8g
4.8g
0%
Saturated Fat
2.9g
2.9g
0%
Carbohydrate
11.8g
11.8g
0%
Sugars
9.9g
9.9g
0%
Calcium
185mg
185mg
23%
Sodium
56mg
56mg
0%
Dietary Fibre (total)
0g
0g
0%
* Percentage Daily Intakes are based on an average adult diet of 8700 kJ. Your daily intakes may be higher or lower depending on your energy needs.",,https://www.coles.com.au/product/jalna-pot-set-creamy-vanilla-yoghurt-1kg-8724423,,,2024-06-18T02:08:06.388204-04:00
"Ind56SColes_ADairy, Eggs & Fridge_SAYoghurt_IDairy Farmers Thick & Creamy Classic Vanilla Yoghurt | 150g",Dairy Farmers Thick & Creamy Classic Vanilla Yoghurt | 150g,Dairy Farmers,"Dairy, Eggs & Fridge",Yoghurt,Single Serve,,$1.30,,$2.60,$0.87 per 100g,1198548,"Proudly working with farming communities to create high quality and nutritious dairy products. Australian made, owned and loved, Dairy Farmers yoghurt has been proudly nourishing Australian families since 1900. 

Enjoy delicious Dairy Farmers Yoghurt with breakfast, as a protein snack or even for dessert!

No artificial colours, flavours or preservatives 
 Gelatine free
Source of calcium and protein

Illustrations by Carla Ellis",,,,"Flavoured Yoghurt. Milk, Milk Solids, Water, Cream (Milk), Sugar, Thickener (Modified Starch), Natural Flavours, Lemon Juice Concentrate, Live Yoghurt Cultures (Milk): S. Thermophilus, B. Lactis, L. Acidophilus & L. Bulgaricus.",https://www.coles.com.au/product/dairy-farmers-thick-and-creamy-classic-vanilla-yoghurt-150g-1198548,,,2024-06-18T02:08:16.210214-04:00
"Ind56SColes_ADairy, Eggs & Fridge_SAYoghurt_IGippsland Dairy Yoghurt Apple Rhubarb | 700g",Gippsland Dairy Yoghurt Apple Rhubarb | 700g,Gippsland Dairy,"Dairy, Eggs & Fridge",Yoghurt,Yoghurt Tubs,,$5.50,,$7.90,$0.79 per 100g,1204130,"Our thick, creamy yogurt is combined with an extraordinary fruit twist to create a taste so breathtaking, you'd be forgiven for going to extreme lengths to experience it.
Gippsland Dairy, The Taste Made Me Do It.",,,"Per 100g/ml
Per Serving
%DI
Energy
623kJ
545kJ
Protein
5.9g
5.1g
Total Fat
5.7g
5.0g
Saturated Fat
4.0g
3.5g
Carbohydrate
18.4g
16.1g
Sugars
16.8g
14.7g
Calcium
196mg
172mg
21% RDI*
Sodium
56mg
49mg
Energy (Cal)
149Cal
130Cal
Gluten
0mg
0mg
* Percentage Daily Intakes are based on an average adult diet of 8700 kJ. Your daily intakes may be higher or lower depending on your energy needs.",,https://www.coles.com.au/product/gippsland-dairy-yoghurt-apple-rhubarb-700g-1204130,,,2024-06-18T02:08:28.931873-04:00
"Ind56SColes_ADairy, Eggs & Fridge_SAYoghurt_IYoGo Chocolate & M&M's Mini Dessert | 150g",YoGo Chocolate & M&M's Mini Dessert | 150g,YoGo,"Dairy, Eggs & Fridge",Yoghurt,Single Serve,,$3.20,,,$2.13 per 100g,8717348,"YoGo is a delicious Dairy Snack. Offering a Seriously Smooth taste experience unique in texture and flavour, loved by Australians for years. Yogo contains essential nutrients, the goodness of milk is low fat and low GI and provides a natural source of calcium. YoGo also contains no artificial colours, flavours or preservatives
chocolate flavoured custard, calcium, spoon inside, good source of calcium, easy on the go snack

Spoon inside

Makes a perfect convenient treat",,,"Per 100g/ml
Per Serving
%DI
Energy
703kJ
1055kJ
Protein
3.5g
5.3g
Total Fat
6.0g
9.0g
Saturated Fat
3.8g
5.7g
Carbohydrate
24.6g
36.9g
Sugars
20.8g
31.2g
Calcium
92mg
Sodium
76mg
114mg
Energy (Cal)
167Cal
251Cal
* Percentage Daily Intakes are based on an average adult diet of 8700 kJ. Your daily intakes may be higher or lower depending on your energy needs.",,https://www.coles.com.au/product/yogo-chocolate-and-mandm's-mini-dessert-150g-8717348,,,2024-06-18T02:08:40.613476-04:00
"Ind56SColes_ADairy, Eggs & Fridge_SAYoghurt_IDanone YoPro Pouch Mango | 150g",Danone YoPro Pouch Mango | 150g,Danone,"Dairy, Eggs & Fridge",Yoghurt,Pouch,,$2.20,,$3.00,$1.47 per 100g,5312306,"YoPRO is a protein brand looking to fuel athletes and amateurs alike using the best quality ingredients and in the most natural way possible.
High Protein

0 added sugar

0 artificial sweeteners

0 artificial flavours or artificial colours

0 gelatine

Pouch.

Convenient.",,,"Per 100g/ml
Per Serving
%DI
Energy
263kJ
395kJ
Protein
10.0g
15.0g
Total Fat
0.3g
0.5g
Saturated Fat
0.2g
0.3g
Carbohydrate
4.8g
7.2g
Sugars
3.6g
5.4g
Calcium
123mg
185mg
23.00%
Sodium
42mg
63mg
Energy (Cal)
63Cal
94Cal
* Percentage Daily Intakes are based on an average adult diet of 8700 kJ. Your daily intakes may be higher or lower depending on your energy needs.",,https://www.coles.com.au/product/danone-yopro-pouch-mango-150g-5312306,,,2024-06-18T02:08:51.839130-04:00
"Ind56SColes_ADairy, Eggs & Fridge_SADairy, chilled & frozen_IDanone The Ultimate Black Cherry Yoghurt 4x115g | 4 pack",Danone The Ultimate Black Cherry Yoghurt 4x115g | 4 pack,Danone,"Dairy, Eggs & Fridge","Dairy, chilled & frozen",Cheese & yoghurt,,$4.50,,,"$0.98 per 100g
Was $5.75 on May 2024",3310183,"Our Creamery in Victoria's alpine highlands, surrounded by dairy country, is home to some of the best yoghurt makers in Australia. Danone adds its expertise and artistry from Australia and Europe to create the irresistible indulgent experience. Ultimate yoghurt is made with the creamiest of milks and a dreamy double cream texture.
Perfectly crafted decadence experience to crave your PM snack occasion.
Double cream

Thick, rich, creamy indulgent yoghurt

Greek-style yoghurt

Live yoghurt cultures

Visit the site to discover the secret in every spoonful",,,"Per 100g/ml
Per Serving
%DI
Energy
595
684
8%
Protein
3.1
3.6
7%
Total Fat
7.9
9.1
13%
Saturated Fat
4.8
5.5
23%
Carbohydrate
14.6
16.8
5%
Sugars
14.2
16.3
18%
Calcium
101
116
15%
Sodium
35
40
2%
Energy (Cal)
142
163
8%
* Percentage Daily Intakes are based on an average adult diet of 8700 kJ. Your daily intakes may be higher or lower depending on your energy needs.",,https://www.coles.com.au/product/danone-the-ultimate-black-cherry-yoghurt-4x115g-4-pack-3310183,,,2024-06-18T02:09:03.420235-04:00
"Ind56SColes_ADairy, Eggs & Fridge_SAYoghurt_ITamar Valley Natural 99.85% Fat Free Yoghurt | 1kg",Tamar Valley Natural 99.85% Fat Free Yoghurt | 1kg,Tamar Valley,"Dairy, Eggs & Fridge",Yoghurt,Yoghurt Tubs,,$8.00,,,$0.80 per 100g,2130313,"There is nowhere on earth like the rolling hills of Tasmania's pristine Tamar Valley. 

We think it's the perfect place to create our delicious gourmet and Greek Style yoghurts.

And because you can taste the difference, we source fresh milk from Tasmania. 

BUT DON'T JUST TAKE OUR WORD FOR IT. TASTE THE DIFFERENCE OF DELICIOUS TAMAR VALLEY DAIRY FOR YOURSELF. 

www.tamarvalleydairy.com.au
99.85% Fat Free

All natural

Made with Tasmanian milk

Thick & creamy

Gelatine free

Gluten free.",,,"Per 100g/ml
Per Serving
%DI
Energy
231kJ
231kJ
Protein
6.6g
6.6g
Total Fat
0.2g
0.2g
Saturated Fat
0.1g
0.1g
Carbohydrate
6.7g
6.7g
Sugars
6.7g
6.7g
Calcium
199mg
199mg (25% RDI)
Sodium
71mg
71mg
Gluten
0.0g
0.0g
* Percentage Daily Intakes are based on an average adult diet of 8700 kJ. Your daily intakes may be higher or lower depending on your energy needs.",,https://www.coles.com.au/product/tamar-valley-natural-99.85percent-fat-free-yoghurt-1kg-2130313,,,2024-06-18T02:09:14.708738-04:00
"Ind56SColes_ADairy, Eggs & Fridge_SAYoghurt_ITamar Valley The Creamery Yoghurt Blueberries & Cream | 700g",Tamar Valley The Creamery Yoghurt Blueberries & Cream | 700g,Tamar Valley,"Dairy, Eggs & Fridge",Yoghurt,Yoghurt Tubs,,$7.50,,,$1.07 per 100g,4345401,"There's nowhere quite as pure and natural as the rolling hills of Tasmania.

We believe Tasmania's pristine environment is the perfect place to source milk for our delicious, thick and creamy yoghurts.

Our yoghurts are made with natural ingredients, real fruit and fresh Tamanian milk. Just pure and simple goodness - nothing else. 

Explore the Creamery range & taste the all natural goodness of Tamar Valley Dairy for yourself.
All natural

Made with Tasmanian milk

Thick & creamy

Gelatine free

Gluten free",,,"Per 100g/ml
Per Serving
%DI
Energy
579kJ
579kJ
Protein
5.2g
5.2g
Total Fat
4.8g
4.8g
Saturated Fat
3.2g
3.2g
Carbohydrate
18.3g
18.3g
Sugars
15.9g
15.9g
Calcium
201mg
201mg
Sodium
60mg
60mg
Monounsaturated
0g
0g
Energy (Cal)
138Cal
138Cal
Dietary Fibre (total)
0g
0g
Polyunsaturated
0g
0g
Gluten
Nil
Nil
Trans
0g
0g
* Percentage Daily Intakes are based on an average adult diet of 8700 kJ. Your daily intakes may be higher or lower depending on your energy needs.",,https://www.coles.com.au/product/tamar-valley-the-creamery-yoghurt-blueberries-and-cream-700g-4345401,,,2024-06-18T02:09:26.100752-04:00
"Ind56SColes_ADairy, Eggs & Fridge_SAYoghurt_IJalna Lactose Free Yoghurt Greek Natural | 1kg",Jalna Lactose Free Yoghurt Greek Natural | 1kg,Jalna,"Dairy, Eggs & Fridge",Yoghurt,Yoghurt Tubs,,$7.80,,,"$0.78 per 100g
Was $8.80 on Mar 2024",3816874,"We believe nature got it right. For over 60 years, we've made yoghurt the traditional, natural way in our special pots. We start with fresh milk from Aussie dairy farms, add all-natural ingredients, then with a little time and a great deal of care we create uniquely thick and delicious pot set yoghurt.
Now everybody can enjoy our delicious yoghurt with the Jalna Lactose Free Range. Giving you the goodness of dairy like calcium, protein and probiotic benefits, but without any lactose. It's perfect for lactose sensitive tummies and it tastes delicious, plus it's FODMAP friendly.
Delightful in a bowl by itself or on fresh fruit, it's a delicious yoghurt the whole family will enjoy, made the traditional pot set way.
It comes in 1kg Greek, Natural and Vanilla.
100% All Natural
5 culture strains
Free from: Gluten, Gelatine, Thickeners, Preservatives, Artificial Colours, Artificial Flavours and Artificial Sweeteners
Australian Made",,,"Per 100g/ml
Per Serving
%DI
Energy
513kJ
513kJ
0%
Protein
3.7g
3.7g
0%
Total Fat
10.4g
10.4g
0%
Saturated Fat
7.6g
7.6g
0%
Carbohydrate
3.9g
3.9g
0%
Sugars
3g
3g
0%
Calcium
124mg
124mg
15%
Sodium
36mg
36mg
0%
Dietary Fibre (total)
0g
0g
0%
* Percentage Daily Intakes are based on an average adult diet of 8700 kJ. Your daily intakes may be higher or lower depending on your energy needs.",,https://www.coles.com.au/product/jalna-lactose-free-yoghurt-greek-natural-1kg-3816874,,,2024-06-18T02:09:37.456826-04:00
"Ind56SColes_ADairy, Eggs & Fridge_SAYoghurt_ITamar Valley The Creamery Yoghurt Tropical | 700g",Tamar Valley The Creamery Yoghurt Tropical | 700g,Tamar Valley,"Dairy, Eggs & Fridge",Yoghurt,Yoghurt Tubs,,$7.50,,,$1.07 per 100g,7673892,"There's nowhere quite as pure and natural as the rolling hills of Tasmania.
We believe Tasmania's pristine environment is the perfect place to source milk for our delicious, thick and creamy yoghurt. 
Our yoghurts are made with natural ingredients, real fruit and fresh Tasmanian milk. Just pure and simple goodness - nothing else.
Greek Style Yoghurt

All natural

Made with Tasmanian milk

Gluten & Gelatin Free

The Creamery, The Better",,,"Per 100g/ml
Per Serving
%DI
Energy
566 kJ
566 kJ
Protein
4.9 g
4.9 g
Total Fat
4.4 g
4.4
Saturated Fat
2.9 g
2.9 g
Carbohydrate
18.8 g
18.8 g
Sugars
16.5 g
16.5 g
Calcium
189 mg
189 mg
24%
Iron
0
0
Vitamin A
0
0
Coenzyme Q10
0
0
Vitamin E
0
0
Vitamin B
0
0
Vitamin C
0
0
Dietary Fibre (total)
0
0
Omega - 6
0
0
Magnesium
0
0
Selenium
0
0
Copper
0
0
Trans
0
0
Iodine
0
0
Bioflavoids
0
Folic Acid
0
0
Biotin
0
0
Molybdenum
0
0
Zinc
0
0
Sodium
52 mg
52 mg
Choline
0
0
Monounsaturated
0
0
Chromium
0
0
Polyunsaturated
0
0
Potassium
0
0
Manganese
0
0
* Percentage Daily Intakes are based on an average adult diet of 8700 kJ. Your daily intakes may be higher or lower depending on your energy needs.",,https://www.coles.com.au/product/tamar-valley-the-creamery-yoghurt-tropical-700g-7673892,,,2024-06-18T02:09:48.653228-04:00
"Ind56SColes_ADairy, Eggs & Fridge_SAYoghurt_IGippsland Dairy Passionfruit Twist Yoghurt | 700g",Gippsland Dairy Passionfruit Twist Yoghurt | 700g,Gippsland Dairy,"Dairy, Eggs & Fridge",Yoghurt,Yoghurt Tubs,,$5.50,,$7.90,$0.79 per 100g,7470487,"Our thick, creamy yogurt is combined with an extraordinary fruit twist to create a taste so breathtaking, you'd be forgiven for going to extreme lengths to experience it.
Gippsland Dairy, The Taste Made Me Do It.",,,"Per 100g/ml
Per Serving
%DI
Energy
608kJ
532kJ
Protein
6.0g
5.3g
Total Fat
5.7g
5.0g
Saturated Fat
4.0g
3.5g
Carbohydrate
17.0g
14.9g
Sugars
15.4g
13.4g
Calcium
192mg
168mg
21% RDI*
Sodium
57mg
50mg
Energy (Cal)
145Cal
127Cal
Gluten
0mg
0mg
* Percentage Daily Intakes are based on an average adult diet of 8700 kJ. Your daily intakes may be higher or lower depending on your energy needs.",,https://www.coles.com.au/product/gippsland-dairy-passionfruit-twist-yoghurt-700g-7470487,,,2024-06-18T02:10:01.200813-04:00
"Ind56SColes_ADairy, Eggs & Fridge_SAYoghurt_IDanone Yopro Yoghurt Salted Caramel | 700g",Danone Yopro Yoghurt Salted Caramel | 700g,Danone,"Dairy, Eggs & Fridge",Yoghurt,Yoghurt Tubs,,$7.50,,,$1.07 per 100g,4935052,YoPRO is a protein brand looking to fuel athletes and amateurs alike using the best quality ingredients and in the most natural way possible.,,,"Per 100g/ml
Per Serving
%DI
Energy
245kJ
392kJ
Protein
9.5g
15.2g
Total Fat
0.5g
0.8g
Saturated Fat
0.3g
0.5g
Carbohydrate
3.8g
6.1g
Sugars
3.2g
5.1g
Calcium
117mg
187mg
23.00%
Sodium
85mg
136mg
Energy (Cal)
58Cal
94Cal
* Percentage Daily Intakes are based on an average adult diet of 8700 kJ. Your daily intakes may be higher or lower depending on your energy needs.",,https://www.coles.com.au/product/danone-yopro-yoghurt-salted-caramel-700g-4935052,,,2024-06-18T02:10:13.972969-04:00
"Ind56SColes_ADairy, Eggs & Fridge_SAYoghurt_ICocobella Vanilla Coconut Yoghurt | 150g",Cocobella Vanilla Coconut Yoghurt | 150g,Cocobella,"Dairy, Eggs & Fridge",Yoghurt,Dairy Free,,$2.00,,$2.50,$1.33 per 100g,3540412,"At Cocobella, we source only the best quality coconut straight from paradise where the coconuts are grown. The delicious white coconut is pressed to make coconut milk which we deliberately ferment with live yoghurt cultures and probiotics, creating a naturally dairy-free yoghurt. Cocobella Coconut Yoghurt can be enjoyed on it's own as a snack or topped onto your breakfast to fuel your day.",,,"Per 100g/ml
Per Serving
%DI
Energy
564kJ
846kJ
Protein
0.8g
1.2g
Total Fat
8.4g
12.6g
Saturated Fat
7.5g
11.3g
Carbohydrate
11.4g
17.1g
Sugars
5.5g
8.3g
Sodium
14mg
21mg
* Percentage Daily Intakes are based on an average adult diet of 8700 kJ. Your daily intakes may be higher or lower depending on your energy needs.",,https://www.coles.com.au/product/cocobella-vanilla-coconut-yoghurt-150g-3540412,,,2024-06-18T02:10:25.269978-04:00
"Ind56SColes_ADairy, Eggs & Fridge_SAYoghurt_IVitasoy Soy Yogurt Strawberry | 450g",Vitasoy Soy Yogurt Strawberry | 450g,Vitasoy,"Dairy, Eggs & Fridge",Yoghurt,Dairy Free,,$5.80,,,$1.29 per 100g,6614606,"It's the Vitasoy way to yogurt! Brimming with plant-based goodness, plus the creamy texture and zing of a Greek Style yogurt. The perfect snack, dolloped on your breakfast or as an ingredient to cook with.
Live cultured with probiotics

Thick and creamy

Source of calcium

8g protein/ serve

Proudly Australian made with Australian whole soybeans

Source of Vit D & B12.",,,"Per 100g/ml
Per Serving
%DI
Energy
415
581
7
Protein
6
8.4
17
Total Fat
4.2
5.9
8
Saturated Fat
1.4
2
8
Carbohydrate
0
0
Sugars
9.1
12.7
4
Calcium
120
168
21
Vitamin B12
0.2
0.28
14
Vitamin D
0.72
1
10
Sodium
76
106
5
Monounsaturated
1.2
1.7
Energy (Cal)
99
139
Dietary Fibre (total)
0.3
0.4
1
Polyunsaturated
1.4
2.2
8
Trans
0
0
* Percentage Daily Intakes are based on an average adult diet of 8700 kJ. Your daily intakes may be higher or lower depending on your energy needs.",,https://www.coles.com.au/product/vitasoy-soy-yogurt-strawberry-450g-6614606,,,2024-06-18T02:10:36.521304-04:00
"Ind56SColes_ADairy, Eggs & Fridge_SAYoghurt_ITamar Valley Greek Yoghurt | 1kg",Tamar Valley Greek Yoghurt | 1kg,Tamar Valley,"Dairy, Eggs & Fridge",Yoghurt,Yoghurt Tubs,,$8.00,,,$0.80 per 100g,2130299,"There is nowhere on earth like the rolling hills of Tasmania's pristine Tamar Valley. 

We think it's the perfect place to create our delicious gourmet and Greek Style yoghurts. 

And because you can taste the difference, we source fresh milk Tasmania. 

BUT DON'T JUST TAKE OUR WORD FOR IT. TASTE THE DIFFERENCE OF DELICIOUS TAMAR VALLEY DAIRY FOR YOURSELF. 

www.tamarvalleydairy.com.au
All natural

Made with Tasmanian milk

Greek Style

Thick & creamy

Gelatine free

Gluten free.",,,"Per 100g/ml
Per Serving
%DI
Energy
538kJ
538kJ
Protein
5.0g
5.0g
Total Fat
9.6g
9.6g
Saturated Fat
6.4g
6.4g
Carbohydrate
5.7g
5.7g
Sugars
5.7g
5.7g
Calcium
148mg
148mg (20% RDI*)
Sodium
76mg
76mg
Gluten
0.0g
0.0g
* Percentage Daily Intakes are based on an average adult diet of 8700 kJ. Your daily intakes may be higher or lower depending on your energy needs.",,https://www.coles.com.au/product/tamar-valley-greek-yoghurt-1kg-2130299,,,2024-06-18T02:10:48.472920-04:00
"Ind56SColes_ADairy, Eggs & Fridge_SAYoghurt_IFarmers Union Yoghurt Peach 130g | 130g",Farmers Union Yoghurt Peach 130g | 130g,Farmers Union,"Dairy, Eggs & Fridge",Yoghurt,Pouch,,$2.20,Pick any 2 for $2.60,,$1.69 per 100g,3830911,"In a convenient yogurt pouch, it's the perfect kids yogurt or snack for when you're on the go! 
 
4 Health Star Rating. No artificial colours, flavours or preservatives.  
 
Proudly Aussie owned, made and loved. 

^B. Lactis (BB-12) supports gut health by improving regularity in adults as part of a balanced diet. 

BB-12 is a trademark of CHR. Hansen A/S.
Perfect on the go yogurt snack with a hint of Real Peach

Contains 1 billion probiotics per serve

No artificial colours, preservatives or sweeteners

Gelatine free and gluten free

Goodness of calcium

Australian Made & Owned.",,,"Per 100g/ml
Per Serving
%DI
Energy
373kJ
485kJ
Protein
4.9g
6.4g
Total Fat
2.9g
3.8g
Saturated Fat
1.9g
2.5g
Carbohydrate
10.6g
13.8g
Sugars
10.1
13.2g
Calcium
174mg
226mg
28% RDI*
Sodium
49mg
64mg
Energy (Cal)
89Cal
116Cal
Dietary Fibre (total)
0.1g
0.1g
Gluten
0mg
0mg
* Percentage Daily Intakes are based on an average adult diet of 8700 kJ. Your daily intakes may be higher or lower depending on your energy needs.",,https://www.coles.com.au/product/farmers-union-yoghurt-peach-130g-130g-3830911,,,2024-06-18T02:10:59.931626-04:00
"Ind56SColes_ADairy, Eggs & Fridge_SAYoghurt_IJalna Greek Style Sweet & Creamy Yoghurt | 1kg",Jalna Greek Style Sweet & Creamy Yoghurt | 1kg,Jalna,"Dairy, Eggs & Fridge",Yoghurt,Yoghurt Tubs,,$8.30,,,$0.83 per 100g,1438540,"We believe nature got it right. For over 60 years, we've made yoghurt the traditional, natural way in our special pots. We start with fresh milk and cream from Aussie dairy farms, add all-natural ingredients, then with a little time and a great deal of care we create uniquely thick and delicious pot set yoghurt.
All the qualities you love about our award-winning Greek Yoghurt, but with the perfect balance of sweetness. That's what you'll find in every delicious pot of Jalna Greek Sweet & Creamy Yoghurt. Made in the same natural pot set way and full of live probiotics cultures, it's less acidic than traditional Greek yoghurt and ideal for the whole family. Enjoy straight off the spoon, or as a tasty addition to your favourite dessert recipes or fresh fruit and berries.
100% All Natural
3 culture strains
Free from: Gluten, Gelatine, Thickeners, Preservatives, Artificial Colours, Artificial Flavours and Artificial Sweeteners
Australian Made",,,"Per 100g/ml
Per Serving
%DI
Energy
544kJ
544kJ
0%
Protein
4.2g
4.2g
0%
Total Fat
9.1g
9.1g
0%
Saturated Fat
6.1g
6.1g
0%
Carbohydrate
8.6g
8.6g
0%
Sugars
8.3g
8.3g
0%
Calcium
85mg
85mg
11%
Sodium
54mg
54mg
0%
Dietary Fibre (total)
0g
0g
0%
* Percentage Daily Intakes are based on an average adult diet of 8700 kJ. Your daily intakes may be higher or lower depending on your energy needs.",,https://www.coles.com.au/product/jalna-greek-style-sweet-and-creamy-yoghurt-1kg-1438540,,,2024-06-18T02:11:11.579407-04:00
"Ind56SColes_ADairy, Eggs & Fridge_SAYoghurt_IFarmers Union Greek Style Mango Yoghurt Pouch | 130g",Farmers Union Greek Style Mango Yoghurt Pouch | 130g,Farmers Union,"Dairy, Eggs & Fridge",Yoghurt,Pouch,,$2.20,Pick any 2 for $2.60,,$1.69 per 100g,3305810,"In a convenient yogurt pouch, it's the perfect kids yogurt or snack for when you're on the go! 
 
4 Health Star Rating. No artificial colours, flavours or preservatives.  
 
Proudly Aussie owned, made and loved. 

^B. Lactis (BB-12) supports gut health by improving regularity in adults as part of a balanced diet. 

BB-12 is a trademark of CHR. Hansen A/S.
Perfect on the go yogurt snack with a hint of Real Mango

Contains 1 billion probiotics per serve

No artificial colours, preservatives or sweeteners

Gelatine free and gluten free

Goodness of calcium

Australian Made & Owned.",,,"Per 100g/ml
Per Serving
%DI
Energy
364kJ
473kJ
Protein
4.9g
6.4g
Total Fat
2.9g
3.8g
Saturated Fat
1.9g
2.5g
Carbohydrate
10.0g
13.0g
Sugars
9.7g
12.6g
Calcium
174mg
226mg
28% RDI*
Sodium
50mg
65mg
Energy (Cal)
87Cal
113Cal
Dietary Fibre (total)
0.1g
0.1g
Gluten
0mg
0mg
* Percentage Daily Intakes are based on an average adult diet of 8700 kJ. Your daily intakes may be higher or lower depending on your energy needs.",,https://www.coles.com.au/product/farmers-union-greek-style-mango-yoghurt-pouch-130g-3305810,,,2024-06-18T02:11:23.042974-04:00
"Ind56SColes_ADairy, Eggs & Fridge_SAYoghurt_IPauls Kids Custard Pouch Bluey Vanilla | 70g",Pauls Kids Custard Pouch Bluey Vanilla | 70g,Pauls,"Dairy, Eggs & Fridge",Yoghurt,Pouch,,$1.50,,$1.90,$2.14 per 100g,1199234,"Enjoy snack time with Bluey!
Pauls Bluey Vanilla Custard is a delicious, perfectly portioned snack, ready to enjoy on the go.
With dairy goodness for growing kids, Pauls Kids custard contains no preservatives and no artificial colours. It's a great source of calcium, is low in fat and is gluten-free.
Perfect for lunch boxes, snack time, or a quick pick-me-up, our custard pouches are a convenient and tasty addition to any day.
- Source of calcium
- Low in Fat
- No artificial colours
- No preservatives
- Squeezable
- No Spoon Required

BLUEY TM and BLUEY character logos TM & Â© Ludo Studio Pty Ltd 2023
Source of Calcium

Low in Fat

No Artificial Colours

No Preservatives",,,"Per 100g/ml
Per Serving
%DI
Energy
389kJ
272kJ
Protein
3.5g
2.5g
Total Fat
1.7g
1.2g
Saturated Fat
1.1g
0.8g
Carbohydrate
15.6g
10.9g
Sugars
12.8g
9.0g
Calcium
124mg
87mg
10% RDI*
Sodium
67mg
47mg
Gluten
Nil
Nil
* Percentage Daily Intakes are based on an average adult diet of 8700 kJ. Your daily intakes may be higher or lower depending on your energy needs.",,https://www.coles.com.au/product/pauls-kids-custard-pouch-bluey-vanilla-70g-1199234,,,2024-06-18T02:11:34.241615-04:00
"Ind56SColes_ADairy, Eggs & Fridge_SAYoghurt_IGippsland Dairy Cookies & Cream Mix-Ins | 140g",Gippsland Dairy Cookies & Cream Mix-Ins | 140g,Gippsland Dairy,"Dairy, Eggs & Fridge",Yoghurt,Single Serve,,$2.75,,$3.85,$1.96 per 100g,5309662,"A real Cookies & Cream dream. Smooth, creamy yogurt delightfully paired with dark choc cookie crunch, white chocolate and dark chocolate pieces. The perfect way to enjoy your Mix-In moment.",,,"Per 100g/ml
Per Serving
%DI
Energy
765kJ
1070kJ
Protein
6.5g
9.1g
Total Fat
7.8g
10.9g
Saturated Fat
4.9g
6.9g
Carbohydrate
21.3g
29.8g
Sugars
18.0g
25.3g
Calcium
200mg
279mg
Sodium
85mg
119mg
Energy (Cal)
183Cal
256Cal
* Percentage Daily Intakes are based on an average adult diet of 8700 kJ. Your daily intakes may be higher or lower depending on your energy needs.",,https://www.coles.com.au/product/gippsland-dairy-cookies-and-cream-mix-ins-140g-5309662,,,2024-06-18T02:11:46.958543-04:00
