idx,name,brand,aisle,subaisle,subsubaisle,size,price,multi_price,old_price,pricePerUnit,itemNum,description,serving,img_urls,item_label,item_ingredients,url,SKU,UPC,timeStamp
"Ind53SColes_ADairy, Eggs & Fridge_SAReady to eat meals_IColes Kitchen Beef Stroganoff And Rice | 350g",Coles Kitchen Beef Stroganoff And Rice | 350g,Coles,"Dairy, Eggs & Fridge",Ready to eat meals,Other ready meals,,$8.00,Pick any 2 for $14,,$2.29 per 100g,3771109,"KITCHEN INSPIRED CREATIONS From our kitchen to yours......Our Classic meals use carefully selected Australian meat, vegetables and herbs and spices to give you home-style comfort food full of flavour and ready for you in minutes.",,,"Per 100g/ml
Per Serving
%DI
Energy
678.60
2375.10
Protein
8.20
28.70
Carbohydrate
19.40
67.90
Sugars
0.70
2.45
Sodium
260.00
910.00
Saturated
2.40
8.40
Energy (Cal)
162.34
568.21
Fat
5.40
18.90
Dietary Fibre (total)
1.20
4.20
Trans
0.20
0.70
* Percentage Daily Intakes are based on an average adult diet of 8700 kJ. Your daily intakes may be higher or lower depending on your energy needs.",,https://www.coles.com.au/product/coles-kitchen-beef-stroganoff-and-rice-350g-3771109,,,2024-06-17T21:25:13.379991-04:00
"Ind53SColes_ADairy, Eggs & Fridge_SAReady to eat meals_ILatina Fresh Beef Ravioli Pasta | 375g",Latina Fresh Beef Ravioli Pasta | 375g,Latina,"Dairy, Eggs & Fridge",Ready to eat meals,Italian meals & pasta,,$8.00,,,$2.13 per 100g,5051858,,,,,,https://www.coles.com.au/product/latina-fresh-beef-ravioli-pasta-375g-5051858,,,2024-06-17T21:25:23.090504-04:00
"Ind53SColes_ADairy, Eggs & Fridge_SAReady to eat meals_ILatina Fresh Gluten Free Lasagne Sheets | 280g",Latina Fresh Gluten Free Lasagne Sheets | 280g,Latina,"Dairy, Eggs & Fridge",Ready to eat meals,Italian meals & pasta,,$8.75,Pick any 2 for $13,,$3.13 per 100g,3758676,,,,,,https://www.coles.com.au/product/latina-fresh-gluten-free-lasagne-sheets-280g-3758676,,,2024-06-17T21:25:32.183323-04:00
"Ind53SColes_ADairy, Eggs & Fridge_SADairy, chilled & frozen_IColes Kitchen Cauliflower Cheese | 350g",Coles Kitchen Cauliflower Cheese | 350g,Coles,"Dairy, Eggs & Fridge","Dairy, chilled & frozen",Ready made meals,,$6.00,,,"$1.71 per 100g
Was $7.50 on Jun 2024",3771131,"Cauliflower florets in a mature Cheddar cheese sauce, topped with Cheddar cheese.",,,"Per 100g/ml
Per Serving
%DI
Energy
453.40
793.45
Protein
4.70
8.23
Carbohydrate
5.00
8.75
Sugars
3.20
5.60
Sodium
160.00
280.00
Saturated
5.20
9.10
Energy (Cal)
108.47
189.82
Fat
7.30
12.78
Dietary Fibre (total)
2.30
4.03
Trans
0.30
0.53
* Percentage Daily Intakes are based on an average adult diet of 8700 kJ. Your daily intakes may be higher or lower depending on your energy needs.",,https://www.coles.com.au/product/coles-kitchen-cauliflower-cheese-350g-3771131,,,2024-06-17T21:25:43.164407-04:00
"Ind53SColes_ADairy, Eggs & Fridge_SAReady to eat meals_IColes Chicken Curry & Rice | 350g",Coles Chicken Curry & Rice | 350g,Coles,"Dairy, Eggs & Fridge",Ready to eat meals,Indian food & meals,,$5.00,,,$1.43 per 100g,3166087,Australian chicken breast in a Indian style curry sauce with basmati rice,,,"Per 100g/ml
Per Serving
%DI
Sugars
1.20
4.20
Saturated
1.00
3.50
Fat
3.20
11.20
Dietary Fibre (total)
1.00
3.50
* Percentage Daily Intakes are based on an average adult diet of 8700 kJ. Your daily intakes may be higher or lower depending on your energy needs.",,https://www.coles.com.au/product/coles-chicken-curry-and-rice-350g-3166087,,,2024-06-17T21:25:54.131323-04:00
"Ind53SColes_ADairy, Eggs & Fridge_SAReady to eat meals_IDari's FOTW Chicken Laksa Soup | 550g",Dari's FOTW Chicken Laksa Soup | 550g,Daris,"Dairy, Eggs & Fridge",Ready to eat meals,Soups & stews,,$8.20,,,$1.49 per 100g,7830866,"Experience the delicious taste of Malaysia! Fragrant spices, shreds of chicken breast and silky noodles in a coconut-infused broth. Enjoy the quality of a restaurant-style dish in the comfort of your own home.",,,"Per 100g/ml
Per Serving
%DI
Energy
807
2220
Protein
5.9
16.3
Total Fat
15.3
42.0
Saturated Fat
11.3
31.0
Carbohydrate
7.9
21.8
Sugars
1.5
4.1
Sodium
454
1250
Energy (Cal)
193
530
Dietary Fibre (total)
0.9
2.6
* Percentage Daily Intakes are based on an average adult diet of 8700 kJ. Your daily intakes may be higher or lower depending on your energy needs.",,https://www.coles.com.au/product/dari's-fotw-chicken-laksa-soup-550g-7830866,,,2024-06-17T21:26:05.273079-04:00
"Ind53SColes_ADairy, Eggs & Fridge_SADairy, chilled & frozen_IColes Kitchen Roast Chat Potatoes | 300g",Coles Kitchen Roast Chat Potatoes | 300g,Coles,"Dairy, Eggs & Fridge","Dairy, chilled & frozen",Ready made meals,,$6.00,,,"$2.00 per 100g
Was $7.50 on Jun 2024",7750031,,,,"Per 100g/ml
Per Serving
%DI
Energy
404.00
606.00
Protein
2.60
3.90
Total Fat
1.40
2.10
Carbohydrate
16.80
25.20
Sugars
0.70
1.05
Sodium
177.00
265.50
Saturated
0.20
0.30
Energy (Cal)
96.65
144.98
Dietary Fibre (total)
2.80
4.20
Trans
0.01
0.02
* Percentage Daily Intakes are based on an average adult diet of 8700 kJ. Your daily intakes may be higher or lower depending on your energy needs.",,https://www.coles.com.au/product/coles-kitchen-roast-chat-potatoes-300g-7750031,,,2024-06-17T21:26:17.499193-04:00
"Ind53SColes_ADairy, Eggs & Fridge_SADairy, chilled & frozen_IColes Kitchen Green Veg Mix Medley With Butter | 220g",Coles Kitchen Green Veg Mix Medley With Butter | 220g,Coles,"Dairy, Eggs & Fridge","Dairy, chilled & frozen",Ready made meals,,$6.00,,,"$2.73 per 100g
Was $7.50 on Jun 2024",7749972,With garlic & parsley butter,,,"Per 100g/ml
Per Serving
%DI
Energy
281.20
309.32
Protein
0.90
0.99
Total Fat
3.70
4.07
Carbohydrate
5.80
6.38
Sugars
2.10
2.31
Sodium
40.00
44.00
Saturated
2.30
2.53
Energy (Cal)
67.27
74.00
Dietary Fibre (total)
3.80
4.18
Trans
0.05
0.06
* Percentage Daily Intakes are based on an average adult diet of 8700 kJ. Your daily intakes may be higher or lower depending on your energy needs.",,https://www.coles.com.au/product/coles-kitchen-green-veg-mix-medley-with-butter-220g-7749972,,,2024-06-17T21:26:28.622017-04:00
"Ind53SColes_ADairy, Eggs & Fridge_SA_IColes Perform Build Chipotle Chicken Burrito Bowl | 400g",Coles Perform Build Chipotle Chicken Burrito Bowl | 400g,Coles,"Dairy, Eggs & Fridge",,,,$10.00,Pick any 2 for $18,,$2.50 per 100g,5070830,"Coles PerForm Chicken Burrito with tender chargrilled cajun chicken breast (RSPCA approved)., chipotle sauce, cooked rice and beans. With up to 43g protein per meal, this is perfect as a fast, nourishing protein-rich meal to complement your exercise, diet or lifestyle goals.",,,"Per 100g/ml
Per Serving
%DI
Energy
474.00
1896.00
Protein
12.90
51.60
Carbohydrate
8.90
35.60
Sugars
0.20
0.80
Sodium
210.00
840.00
Saturated
0.70
2.80
Energy (Cal)
113.40
453.59
Fat
2.60
10.40
Dietary Fibre (total)
0.90
3.60
Trans
0.09
0.36
* Percentage Daily Intakes are based on an average adult diet of 8700 kJ. Your daily intakes may be higher or lower depending on your energy needs.",,https://www.coles.com.au/product/coles-perform-build-chipotle-chicken-burrito-bowl-400g-5070830,,,2024-06-17T21:26:39.793030-04:00
"Ind53SColes_ADairy, Eggs & Fridge_SAReady to eat meals_IColes Nature'S Kitchen Vegetable Tikka Masala And Pilau Rice | 350g",Coles Nature'S Kitchen Vegetable Tikka Masala And Pilau Rice | 350g,Coles,"Dairy, Eggs & Fridge",Ready to eat meals,Indian food & meals,,$7.50,Pick any 2 for $14,,$2.14 per 100g,3468042,Chickpeas and capsicum cooked in a medium spiced tomato and onion masala sauce served with fragrant pilau rice,,,"Per 100g/ml
Per Serving
%DI
Energy
552.80
1934.80
Protein
3.30
11.55
Total Fat
3.80
13.30
Carbohydrate
20.10
70.35
Sugars
2.10
7.35
Sodium
140.00
490.00
Saturated
1.00
3.50
Energy (Cal)
132.25
462.87
Dietary Fibre (total)
1.80
6.30
Trans
0.10
0.35
* Percentage Daily Intakes are based on an average adult diet of 8700 kJ. Your daily intakes may be higher or lower depending on your energy needs.",,https://www.coles.com.au/product/coles-nature's-kitchen-vegetable-tikka-masala-and-pilau-rice-350g-3468042,,,2024-06-17T21:26:50.655263-04:00
"Ind53SColes_ADairy, Eggs & Fridge_SAReady to eat meals_IColes Kitchen Pumpkin Risotto | 350g",Coles Kitchen Pumpkin Risotto | 350g,Coles,"Dairy, Eggs & Fridge",Ready to eat meals,Italian meals & pasta,,$8.00,Pick any 2 for $14,,$2.29 per 100g,3467990,"From our kitchen to yours, Coles Kitchen offers you great-tasting food that is ready when you are",,,"Per 100g/ml
Per Serving
%DI
Energy
419.90
1469.65
Protein
2.50
8.75
Total Fat
3.90
13.65
Carbohydrate
13.10
45.85
Sugars
2.50
8.75
Sodium
140.00
490.00
Saturated
1.60
5.60
Energy (Cal)
100.45
351.59
Dietary Fibre (total)
1.30
4.55
Trans
0.10
0.35
* Percentage Daily Intakes are based on an average adult diet of 8700 kJ. Your daily intakes may be higher or lower depending on your energy needs.",,https://www.coles.com.au/product/coles-kitchen-pumpkin-risotto-350g-3467990,,,2024-06-17T21:27:02.714634-04:00
"Ind53SColes_ADairy, Eggs & Fridge_SAReady to eat meals_IColes Perform Build Chicken Minestrone Soup | 450g",Coles Perform Build Chicken Minestrone Soup | 450g,Coles,"Dairy, Eggs & Fridge",Ready to eat meals,Soups & stews,,$5.00,Pick any 2 for $18,,$1.11 per 100g,6009904,,,,"Per 100g/ml
Per Serving
%DI
Energy
357.00
1606.50
Protein
5.90
26.55
Total Fat
2.20
9.90
Saturated Fat
0.30
1.35
Carbohydrate
8.90
40.05
Sugars
1.70
7.65
Sodium
180.00
810.00
Energy (Cal)
85.41
384.33
Dietary Fibre (total)
3.00
13.50
Trans
0.10
0.45
* Percentage Daily Intakes are based on an average adult diet of 8700 kJ. Your daily intakes may be higher or lower depending on your energy needs.",,https://www.coles.com.au/product/coles-perform-build-chicken-minestrone-soup-450g-6009904,,,2024-06-17T21:27:15.238990-04:00
"Ind53SColes_ADairy, Eggs & Fridge_SAReady to eat meals_IRana Spinach & Ricotta Tortellini | 565g",Rana Spinach & Ricotta Tortellini | 565g,Rana,"Dairy, Eggs & Fridge",Ready to eat meals,Italian meals & pasta,,$10.00,,,$1.77 per 100g,4274890,"Roughly chopped spinach and fabulously creamy, fresh ricotta, wrapped in paper thin pasta. Try serving them with a drizzle of extra-virgin olive oil, chilli flakes and a squeeze of fresh lemon. Now available in family size pack with 4 serves.",,,"Per 100g/ml
Per Serving
%DI
Energy
1167kJ
1645kJ
Protein
9g
12.7g
Total Fat
12g
16.9g
Saturated Fat
6.1g
8.6g
Carbohydrate
32g
45.1g
Sugars
4.1g
5.8g
Sodium
555mg
783mg
* Percentage Daily Intakes are based on an average adult diet of 8700 kJ. Your daily intakes may be higher or lower depending on your energy needs.",,https://www.coles.com.au/product/rana-spinach-and-ricotta-tortellini-565g-4274890,,,2024-06-17T21:27:26.368118-04:00
"Ind53SColes_ADairy, Eggs & Fridge_SAReady to eat meals_IYoufoodz Fueld Spagetti Bolognese | 412g",Youfoodz Fueld Spagetti Bolognese | 412g,Youfoodz,"Dairy, Eggs & Fridge",Ready to eat meals,Other ready meals,,$12.00,,,$2.91 per 100g,7825389,"Youfoodz' FUEL'D Spaghetti Bolognese is Nonna's fave beefy bolognese sauce served atop al dente spaghetti. Big in size, big on taste & packed with protein!",,,"Per 100g/ml
Per Serving
%DI
Energy
559 kJ
2300 kJ
Protein
8.2 g
33.7 g
Total Fat
3.2 g
13.2 g
Saturated Fat
1.4 g
5.9 g
Carbohydrate
17.7 g
72.9 g
Sugars
2.9 g
11.8 g
Sodium
258 mg
1060 mg
Energy (Cal)
134 Cal
551 Cal
Dietary Fibre (total)
1.4 g
5.6 g
* Percentage Daily Intakes are based on an average adult diet of 8700 kJ. Your daily intakes may be higher or lower depending on your energy needs.",,https://www.coles.com.au/product/youfoodz-fueld-spagetti-bolognese-412g-7825389,,,2024-06-17T21:27:37.791080-04:00
"Ind53SColes_ADairy, Eggs & Fridge_SAReady to eat meals_IRana Spinach & Ricotta Tortellini | 325g",Rana Spinach & Ricotta Tortellini | 325g,Rana,"Dairy, Eggs & Fridge",Ready to eat meals,Italian meals & pasta,,$8.00,,,$2.46 per 100g,3091046,"Roughly chopped spinach and fabulously creamy, fresh ricotta, wrapped in paper thin pasta. Try serving them with a drizzle of extra-virgin olive oil, chilli flakes and a squeeze of lemon.",,,,,https://www.coles.com.au/product/rana-spinach-and-ricotta-tortellini-325g-3091046,,,2024-06-17T21:27:47.247214-04:00
"Ind53SColes_ADairy, Eggs & Fridge_SAReady to eat meals_IColes Perform Lean Vegetable Masala And Rice | 370g",Coles Perform Lean Vegetable Masala And Rice | 370g,Coles,"Dairy, Eggs & Fridge",Ready to eat meals,Other ready meals,,$10.00,Pick any 2 for $18,,$2.70 per 100g,6011440,,,,"Per 100g/ml
Per Serving
%DI
Energy
410.60
1519.22
Protein
12.50
46.25
Total Fat
1.80
6.66
Saturated Fat
0.50
1.85
Carbohydrate
5.90
21.83
Sugars
2.00
7.40
Sodium
130.00
481.00
Energy (Cal)
98.23
363.45
Dietary Fibre (total)
3.90
14.43
Trans
0.10
0.37
* Percentage Daily Intakes are based on an average adult diet of 8700 kJ. Your daily intakes may be higher or lower depending on your energy needs.",,https://www.coles.com.au/product/coles-perform-lean-vegetable-masala-and-rice-370g-6011440,,,2024-06-17T21:27:58.319223-04:00
"Ind53SColes_ADairy, Eggs & Fridge_SAReady to eat meals_I25 Degrees South Baby Spinach and Fetta Ravioli Pasta | 325g",25 Degrees South Baby Spinach and Fetta Ravioli Pasta | 325g,25 Degrees South,"Dairy, Eggs & Fridge",Ready to eat meals,Italian meals & pasta,,$6.50,,$9.00,$2.00 per 100g,5152833,,,,,,https://www.coles.com.au/product/25-degrees-south-baby-spinach-and-fetta-ravioli-pasta-325g-5152833,,,2024-06-17T21:28:07.068429-04:00
"Ind53SColes_ADairy, Eggs & Fridge_SAReady to eat meals_ILatina Fresh Spinach & Ricotta Agnolotti Pasta | 375g",Latina Fresh Spinach & Ricotta Agnolotti Pasta | 375g,Latina,"Dairy, Eggs & Fridge",Ready to eat meals,Italian meals & pasta,,$6.50,,$8.00,$1.73 per 100g,5280232,,,,,,https://www.coles.com.au/product/latina-fresh-spinach-and-ricotta-agnolotti-pasta-375g-5280232,,,2024-06-17T21:28:16.385853-04:00
"Ind53SColes_ADairy, Eggs & Fridge_SAReady to eat meals_ILatina Fresh Beef Ravioli Pasta | 625g",Latina Fresh Beef Ravioli Pasta | 625g,Latina,"Dairy, Eggs & Fridge",Ready to eat meals,Italian meals & pasta,,$11.00,,,$1.76 per 100g,5404110,,,,,,https://www.coles.com.au/product/latina-fresh-beef-ravioli-pasta-625g-5404110,,,2024-06-17T21:28:25.185060-04:00
"Ind53SColes_ADairy, Eggs & Fridge_SAReady to eat meals_IColes Kitchen Pepperoni Pasta Bake | 350g",Coles Kitchen Pepperoni Pasta Bake | 350g,Coles,"Dairy, Eggs & Fridge",Ready to eat meals,Italian meals & pasta,,$8.00,Pick any 2 for $14,,$2.29 per 100g,4217933,"From our kitchen to yours, Coles Kitchen offers you great-tasting food that is ready when you are",,,"Per 100g/ml
Per Serving
%DI
Energy
509.20
1782.20
Protein
5.70
19.95
Carbohydrate
19.20
67.20
Sugars
1.90
6.65
Sodium
150.00
525.00
Saturated
0.80
2.80
Energy (Cal)
121.82
426.36
Fat
2.30
8.05
Dietary Fibre (total)
0.10
0.35
Trans
0.10
0.35
* Percentage Daily Intakes are based on an average adult diet of 8700 kJ. Your daily intakes may be higher or lower depending on your energy needs.",,https://www.coles.com.au/product/coles-kitchen-pepperoni-pasta-bake-350g-4217933,,,2024-06-17T21:28:36.264670-04:00
"Ind53SColes_ADairy, Eggs & Fridge_SAReady to eat meals_IColes Kitchen Mongolian Beef And Rice | 350g",Coles Kitchen Mongolian Beef And Rice | 350g,Coles,"Dairy, Eggs & Fridge",Ready to eat meals,Thai meals,,$8.00,Pick any 2 for $14,,$2.29 per 100g,4217999,"Made with Australian beef strips in a sweet & savoury sauce, served with jasmine rice.",,,"Per 100g/ml
Per Serving
%DI
Energy
552.60
1934.10
Protein
9.60
33.60
Total Fat
2.60
9.10
Carbohydrate
17.20
60.20
Sugars
1.50
5.25
Sodium
210.00
735.00
Saturated
0.60
2.10
Energy (Cal)
132.20
462.70
Fat
2.60
9.10
Dietary Fibre (total)
0.10
0.35
Trans
0.10
0.35
* Percentage Daily Intakes are based on an average adult diet of 8700 kJ. Your daily intakes may be higher or lower depending on your energy needs.",,https://www.coles.com.au/product/coles-kitchen-mongolian-beef-and-rice-350g-4217999,,,2024-06-17T21:28:47.317014-04:00
"Ind53SColes_ADairy, Eggs & Fridge_SAReady to eat meals_IColes Kitchen Sweet Chilli Chicken Noodles | 350g",Coles Kitchen Sweet Chilli Chicken Noodles | 350g,Coles,"Dairy, Eggs & Fridge",Ready to eat meals,Thai meals,,$8.00,Pick any 2 for $14,,$2.29 per 100g,4688532,"From our kitchen to yours, Coles Kitchen offers you great-tasting food that is ready when you are",,,"Per 100g/ml
Per Serving
%DI
Energy
442.00
1547.00
Protein
5.90
20.65
Total Fat
2.00
7.00
Carbohydrate
15.70
54.95
Sugars
4.70
16.45
Sodium
210.00
735.00
Saturated
0.30
1.05
Energy (Cal)
105.74
370.10
Fat
2.00
7.00
Dietary Fibre (total)
0.10
0.35
Trans
0.10
0.35
* Percentage Daily Intakes are based on an average adult diet of 8700 kJ. Your daily intakes may be higher or lower depending on your energy needs.",,https://www.coles.com.au/product/coles-kitchen-sweet-chilli-chicken-noodles-350g-4688532,,,2024-06-17T21:28:58.388616-04:00
"Ind53SColes_ADairy, Eggs & Fridge_SAColes Finest_IColes Finest Filled Gnocchi Genovese Pesto | 350g",Coles Finest Filled Gnocchi Genovese Pesto | 350g,Coles,"Dairy, Eggs & Fridge",Coles Finest,meals,,$6.00,,,$1.71 per 100g,4689295,"Light, fluffy Italian gnocchi made with fresh potatoes and filled with Genovese pesto, Italian ricotta and pecorino cheese.",,,"Per 100g/ml
Per Serving
%DI
Energy
726.48
1271.34
15
Protein
5.14
9
18
Total Fat
5.33
9.33
13
Saturated Fat
1.75
3.06
13
Carbohydrate
24.9
43.5
14
Sugars
4.11
7.18
8
Sodium
343
600.25
26
Energy (Cal)
173.8
304.15
0
Dietary Fibre (total)
2.43
4.25
14
Trans
0.06
0.1
0
* Percentage Daily Intakes are based on an average adult diet of 8700 kJ. Your daily intakes may be higher or lower depending on your energy needs.",,https://www.coles.com.au/product/coles-finest-filled-gnocchi-genovese-pesto-350g-4689295,,,2024-06-17T21:29:09.750024-04:00
"Ind53SColes_ADairy, Eggs & Fridge_SAReady to eat meals_ILatina Protein Pasta Chicken & Pesto | 400g",Latina Protein Pasta Chicken & Pesto | 400g,Latina,"Dairy, Eggs & Fridge",Ready to eat meals,Italian meals & pasta,,$9.00,,,$2.25 per 100g,7729986,"Delicious Chicken & Pesto Ravioli with 30g of protein per serve. Serves two, cooked in 5 minutes.
30g of protein per serve.

Serves two, cooked in 5 minutes.",,,,,https://www.coles.com.au/product/latina-protein-pasta-chicken-and-pesto-400g-7729986,,,2024-06-17T21:29:18.596817-04:00
"Ind53SColes_ADairy, Eggs & Fridge_SAReady to eat meals_IColes Kitchen Chicken Biryani | 350g",Coles Kitchen Chicken Biryani | 350g,Coles,"Dairy, Eggs & Fridge",Ready to eat meals,Indian food & meals,,$8.00,Pick any 2 for $14,,$2.29 per 100g,2389600,"From our kitchen to yours, Coles Kitchen offers you great-tasting food that is ready when you are",,,"Per 100g/ml
Per Serving
%DI
Energy
457.30
1600.55
Protein
4.50
15.75
Total Fat
2.90
10.15
Carbohydrate
15.10
52.85
Sugars
0.70
2.45
Sodium
230.00
805.00
Saturated
0.40
1.40
Energy (Cal)
109.40
382.91
Dietary Fibre (total)
2.10
7.35
Trans
0.10
0.35
* Percentage Daily Intakes are based on an average adult diet of 8700 kJ. Your daily intakes may be higher or lower depending on your energy needs.",,https://www.coles.com.au/product/coles-kitchen-chicken-biryani-350g-2389600,,,2024-06-17T21:29:29.977624-04:00
"Ind53SColes_ADairy, Eggs & Fridge_SAReady to eat meals_IIpastai Carbonara Sauce | 300g",Ipastai Carbonara Sauce | 300g,Ipastai,"Dairy, Eggs & Fridge",Ready to eat meals,Italian meals & pasta,,$7.50,,,$2.50 per 100g,6474926,"Our carbonara sauce is the perfect combo of smoky bacon and sweet onions, served in a velvety cream sauce. Ideal with your favourite long pasta.",,,"Per 100g/ml
Per Serving
%DI
Energy
828
1240
Protein
3.6
5.5
Total Fat
18.2
27.3
Saturated Fat
8.8
13.2
Carbohydrate
5.3
8
Sugars
3.5
5.2
Sodium
139
209
* Percentage Daily Intakes are based on an average adult diet of 8700 kJ. Your daily intakes may be higher or lower depending on your energy needs.",,https://www.coles.com.au/product/ipastai-carbonara-sauce-300g-6474926,,,2024-06-17T21:29:42.268348-04:00
"Ind53SColes_ADairy, Eggs & Fridge_SAPackaged Bread Rolls and Buns_IColes White Dinner Rolls 6 pack | 220g",Coles White Dinner Rolls 6 pack | 220g,Coles,"Dairy, Eggs & Fridge",Packaged Bread Rolls and Buns,Burger Buns and Hot Dog Rolls,,$2.90,,,$1.32 per 100g,1597180,"Breakfast, lunch, dinner or a snack in between - a good home-made roll can fill the gap",,,"Per 100g/ml
Per Serving
%DI
Energy
1049.30
382.99
Protein
9.30
3.39
Total Fat
1.90
0.69
Carbohydrate
46.50
16.97
Sugars
3.10
1.13
Sodium
383.00
139.80
Saturated
0.30
0.11
Energy (Cal)
251.03
91.63
Dietary Fibre (total)
3.80
1.39
* Percentage Daily Intakes are based on an average adult diet of 8700 kJ. Your daily intakes may be higher or lower depending on your energy needs.",,https://www.coles.com.au/product/coles-white-dinner-rolls-6-pack-220g-1597180,,,2024-06-17T21:29:53.190096-04:00
"Ind53SColes_ADairy, Eggs & Fridge_SAReady to eat meals_IPitango Free Range Soup Chicken & Vegetable | 600g",Pitango Free Range Soup Chicken & Vegetable | 600g,Pitango,"Dairy, Eggs & Fridge",Ready to eat meals,Soups & stews,,$5.75,,$7.25,$0.96 per 100g,4207463,"True food for us means only using carefully selected natural ingredients with no preservatives, artificial colours, flavours or added sugar. 

Free range chicken stock, packed with potatoes, carrots, corn & sweet potatoes, free range chicken, dash of white wine, thyme & sweet paprika. 

Only the good stuff.
Get your veggies in. ",,,"Per 100g/ml
Per Serving
%DI
Energy
167kJ
502kJ
6%
Protein
2.7g
8.1g
16%
Total Fat
0.8g
2.5g
4%
Saturated Fat
0.34g
1.0g
4%
Carbohydrate
4.67g
14.0g
5%
Sugars
1.45g
4.3g
5%
Sodium
239mg
718mg
31%
Monounsaturated
>1
>1
>1
Energy (Cal)
39.8Cal
119Cal
>1
Dietary Fibre (total)
1.22g
3.7g
12%
Polyunsaturated
>1
>1
>1
Gluten
0.0g
0.0g
>1
Trans
>1
>1
>1
* Percentage Daily Intakes are based on an average adult diet of 8700 kJ. Your daily intakes may be higher or lower depending on your energy needs.",,https://www.coles.com.au/product/pitango-free-range-soup-chicken-and-vegetable-600g-4207463,,,2024-06-17T21:30:04.402253-04:00
"Ind53SColes_ADairy, Eggs & Fridge_SAReady to eat meals_IColes Kitchen Black Bean Chicken And Egg Fried Rice | 350g",Coles Kitchen Black Bean Chicken And Egg Fried Rice | 350g,Coles,"Dairy, Eggs & Fridge",Ready to eat meals,Thai meals,,$8.00,Pick any 2 for $14,,$2.29 per 100g,3468064,"Australian chicken breast cooked in a rich black bean and vegetable sauce, served with egg fried rice",,,"Per 100g/ml
Per Serving
%DI
Energy
467.70
1636.95
Protein
7.60
26.60
Total Fat
2.50
8.75
Carbohydrate
13.20
46.20
Sugars
2.00
7.00
Sodium
350.00
1225.00
Saturated
0.40
1.40
Energy (Cal)
111.89
391.61
Dietary Fibre (total)
2.70
9.45
Trans
0.10
0.35
* Percentage Daily Intakes are based on an average adult diet of 8700 kJ. Your daily intakes may be higher or lower depending on your energy needs.",,https://www.coles.com.au/product/coles-kitchen-black-bean-chicken-and-egg-fried-rice-350g-3468064,,,2024-06-17T21:30:15.421192-04:00
"Ind53SColes_ADairy, Eggs & Fridge_SAReady to eat meals_IColes Kitchen Double Pepperoni Pizza | 420g",Coles Kitchen Double Pepperoni Pizza | 420g,Coles,"Dairy, Eggs & Fridge",Ready to eat meals,Pizzas,,$6.50,Pick any 2 for $12,,$1.55 per 100g,6187550,From our kitchen to yours......A pizzeria experience at home. We take a stone baked base and top it with vibrant tomato sauce before finishing with spicy pepperoni and mozzarella. Generously topped and ready for you in minutes.,,,"Per 100g/ml
Per Serving
%DI
Energy
1064.40
1117.62
Protein
11.20
11.76
Carbohydrate
31.70
33.29
Sugars
4.20
4.41
Sodium
629.00
660.45
Saturated
3.30
3.47
Energy (Cal)
254.64
267.37
Fat
8.30
8.72
Dietary Fibre (total)
3.50
3.68
Trans
0.04
0.04
* Percentage Daily Intakes are based on an average adult diet of 8700 kJ. Your daily intakes may be higher or lower depending on your energy needs.",,https://www.coles.com.au/product/coles-kitchen-double-pepperoni-pizza-420g-6187550,,,2024-06-17T21:30:26.619094-04:00
"Ind53SColes_ADairy, Eggs & Fridge_SAReady to eat meals_IGarlos Chunky Steak Pie | 200g",Garlos Chunky Steak Pie | 200g,Garlos,"Dairy, Eggs & Fridge",Ready to eat meals,Pies & pastries,,$4.30,,$5.40,$2.15 per 100g,7155129,"Garlo's Pies is an Australian owned and operated family business which opened its first pie shop in Maroubra, Sydney 2001. The name Garlo comes from the nickname of father and sons, Terry, Sean and Nathan Garlick. Terry a retired mechanic/wharfie, Sean an ex footballer with the Rabbitohs and Roosters and Nathan a master Pastry Chef and lifetime pie lover.
Heating Instructions
Convection Oven (Preferred)
Preheat oven 175C. Remove from wrapping but leave in foil tray and place on baking tray. If frozen heat for 35-45 mins. If refrigerated heat for 20-25mins
Microwave Oven (800 watt)
A microwave may be used to speed up heating time. Remove from wrapping and foil tray and wrap pie in paper towel. If frozen heat on high for 5 minutes. If refrigerated heat on high for 1 min 30 seconds. To make pastry crispy after microwaving, remove paper towel, return to foil tray and place on baking tray in convention oven for 4 minutes at 200C.",,,,"Filling (65%): Beef 51%, Water, Thickener 1422, Soy Protein, Seasoning (Salt, Sugar, Caramel Colour (e150c), Dehydrated Vegetables (Onion, Garlic), Flavour (635), Hydrolysed Vegetable Protein, Corn Flour, Rice Flour, Spices, Spice Extract), Spices Pastry (35%): Wheat Flour, Margarine (Vegetable Oil, Water, Salt, Emulsifier (471, 472c), Antioxidant (304), Natural Flavour)), Malted Wheat Flour, Whey Powder (Milk, Sugar, Acidity Regulator (262)), Pastry Conditioner, Glaze (Milk Solids, Acidity Regulators (500, 451), Dried Glucose Syrup, Colour (160b)) Beef is 32% of filling and pastry combined.",https://www.coles.com.au/product/garlos-chunky-steak-pie-200g-7155129,,,2024-06-17T21:30:35.575865-04:00
"Ind53SColes_ADairy, Eggs & Fridge_SAReady to eat meals_ILatina Fresh Ricotta & Spinach Agnolotti Pasta | 625g",Latina Fresh Ricotta & Spinach Agnolotti Pasta | 625g,Latina,"Dairy, Eggs & Fridge",Ready to eat meals,Italian meals & pasta,,$11.00,,,$1.76 per 100g,5469181,,,,,,https://www.coles.com.au/product/latina-fresh-ricotta-and-spinach-agnolotti-pasta-625g-5469181,,,2024-06-17T21:30:44.504282-04:00
"Ind53SColes_ADairy, Eggs & Fridge_SAReady to eat meals_IColes Kitchen Special Fried Rice | 350g",Coles Kitchen Special Fried Rice | 350g,Coles,"Dairy, Eggs & Fridge",Ready to eat meals,Thai meals,,$7.50,Pick any 2 for $14,,$2.14 per 100g,2875095,"Jasmine rice fried with free range eggs, Australian RSPCA Approved Chicken breast, char sui pork and vegetables",,,"Per 100g/ml
Per Serving
%DI
Energy
660.70
2312.45
Protein
8.10
28.35
Total Fat
3.40
11.90
Carbohydrate
22.80
79.80
Sugars
1.20
4.20
Sodium
270.00
945.00
Saturated
0.60
2.10
Energy (Cal)
158.06
553.22
Dietary Fibre (total)
1.20
4.20
Trans
0.10
0.35
* Percentage Daily Intakes are based on an average adult diet of 8700 kJ. Your daily intakes may be higher or lower depending on your energy needs.",,https://www.coles.com.au/product/coles-kitchen-special-fried-rice-350g-2875095,,,2024-06-17T21:30:55.484605-04:00
"Ind53SColes_ADairy, Eggs & Fridge_SAReady to eat meals_ILatina Fresh Creamy Sun-Dried Tomato Pasta Sauce | 425g",Latina Fresh Creamy Sun-Dried Tomato Pasta Sauce | 425g,Latina,"Dairy, Eggs & Fridge",Ready to eat meals,Italian meals & pasta,,$7.50,,,$1.76 per 100g,6026890,"The perfect pasta topper, Latina Fresh Creamy Sun-dried Tomato Pasta Sauce is umami-delicious with no artificial colours or flavours. Blended with fresh cream and milk, onion, olive oil and basil, it's versatile enough to pair with a variety of meals, from gnocchi and risotto to chicken parmigiana.
Tomato sauce with fresh Australian Cream & Milk

No artificial colours

No artificial flavours

Perfect with any Latina Fresh pasta

Serves four",,,,,https://www.coles.com.au/product/latina-fresh-creamy-sun-dried-tomato-pasta-sauce-425g-6026890,,,2024-06-17T21:31:04.536673-04:00
"Ind53SColes_ADairy, Eggs & Fridge_SAReady to eat meals_IColes Kitchen Loaded Supreme Pizza | 470g",Coles Kitchen Loaded Supreme Pizza | 470g,Coles,"Dairy, Eggs & Fridge",Ready to eat meals,Pizzas,,$6.50,Pick any 2 for $12,,$1.38 per 100g,3920606,"KITCHEN INSPIRED CREATIONS From our kitchen to yours......A pizzeria experience at home. We take a stone baked base and top it with vibrant tomato sauce before finishing with pepperoni, ham, capsicum, onions, pineapple and olives. Generously topped and ready for you in minutes.",,,"Per 100g/ml
Per Serving
%DI
Energy
889.70
1040.95
Protein
9.30
10.88
Carbohydrate
26.50
31.01
Sugars
4.90
5.73
Sodium
594.00
694.98
Saturated
2.80
3.28
Energy (Cal)
212.85
249.03
Fat
7.10
8.31
Dietary Fibre (total)
2.30
2.69
Trans
0.04
0.05
* Percentage Daily Intakes are based on an average adult diet of 8700 kJ. Your daily intakes may be higher or lower depending on your energy needs.",,https://www.coles.com.au/product/coles-kitchen-loaded-supreme-pizza-470g-3920606,,,2024-06-17T21:31:15.741306-04:00
"Ind53SColes_ADairy, Eggs & Fridge_SAReady to eat meals_IColes Kitchen Macaroni Cheese | 350g",Coles Kitchen Macaroni Cheese | 350g,Coles,"Dairy, Eggs & Fridge",Ready to eat meals,Italian meals & pasta,,$8.00,Pick any 2 for $14,,$2.29 per 100g,1728200,"From our kitchen to yours, Coles Kitchen offers you great-tasting food that is ready when you are",,,"Per 100g/ml
Per Serving
%DI
Energy
726.70
2543.45
Protein
5.30
18.55
Total Fat
9.30
32.55
Carbohydrate
16.50
57.75
Sugars
1.50
5.25
Sodium
200.00
700.00
Saturated
6.30
22.05
Energy (Cal)
173.85
608.48
Dietary Fibre (total)
1.50
5.25
Trans
0.30
1.05
* Percentage Daily Intakes are based on an average adult diet of 8700 kJ. Your daily intakes may be higher or lower depending on your energy needs.",,https://www.coles.com.au/product/coles-kitchen-macaroni-cheese-350g-1728200,,,2024-06-17T21:31:27.170353-04:00
"Ind53SColes_ADairy, Eggs & Fridge_SAReady to eat meals_IColes Kitchen BBQ Chicken & Rice | 350g",Coles Kitchen BBQ Chicken & Rice | 350g,Coles,"Dairy, Eggs & Fridge",Ready to eat meals,Other ready meals,,$8.00,Pick any 2 for $14,,$2.29 per 100g,4688441,"Coles Kitchen Bbq Chicken & Rice ismade from australiant chicken breast in a sticky BBQ sauce, served with rice & beans",,,"Per 100g/ml
Per Serving
%DI
Energy
554.00
1939.00
Protein
6.10
21.35
Total Fat
3.40
11.90
Carbohydrate
18.10
63.35
Sugars
2.10
7.35
Sodium
220.00
770.00
Saturated
0.40
1.40
Energy (Cal)
132.54
463.88
Dietary Fibre (total)
2.10
7.35
Trans
0.10
0.35
* Percentage Daily Intakes are based on an average adult diet of 8700 kJ. Your daily intakes may be higher or lower depending on your energy needs.",,https://www.coles.com.au/product/coles-kitchen-bbq-chicken-and-rice-350g-4688441,,,2024-06-17T21:31:38.168788-04:00
"Ind53SColes_ADairy, Eggs & Fridge_SAReady to eat meals_IDari's Chicken Noodle Soup | 550g",Dari's Chicken Noodle Soup | 550g,Daris,"Dairy, Eggs & Fridge",Ready to eat meals,Soups & stews,,$5.50,,$6.80,$1.00 per 100g,1196611,"It's Chicken Noodle soup, but with a twist! We've added a touch of Asian flavour, a hint of spice, and a subtle kick of chilli to create a warming Oriental-inspired noodle dish. Ginger, lime, and coriander add freshness and zing to this light soup that's packed with flavour.",,,"Per 100g/ml
Per Serving
%DI
Energy
107
294
Protein
2.3
6.3
Total Fat
0.4
1.1
Saturated Fat
0.1
0.3
Carbohydrate
3.2
8.8
Sugars
0.7
1.9
Sodium
339
932
Energy (Cal)
26
72
Dietary Fibre (total)
0.5
1.4
Trans
0
0
* Percentage Daily Intakes are based on an average adult diet of 8700 kJ. Your daily intakes may be higher or lower depending on your energy needs.",,https://www.coles.com.au/product/dari's-chicken-noodle-soup-550g-1196611,,,2024-06-17T21:31:49.742483-04:00
"Ind53SColes_ADairy, Eggs & Fridge_SAReady to eat meals_IDari's Beef & Barley Soup | 550g",Dari's Beef & Barley Soup | 550g,Daris,"Dairy, Eggs & Fridge",Ready to eat meals,Soups & stews,,$5.50,,$6.80,$1.00 per 100g,5062774,"Nothing says hearty more than Beef and Barley soup, and our version of this classic really satisfies. Made with selected cuts of aged beef brisket for full flavour, we've added vegetables and healthy carbs to create a complete, wholesome dish that's sure to become a year-round favourite.",,,"Per 100g/ml
Per Serving
%DI
Energy
210
578
Protein
5.8
16.0
Total Fat
0.7
1.9
Saturated Fat
0.3
0.8
Carbohydrate
5.0
13.8
Sugars
1.1
3.0
Sodium
265
729
Energy (Cal)
50
138
Dietary Fibre (total)
0.5
1.4
Trans
0
0
* Percentage Daily Intakes are based on an average adult diet of 8700 kJ. Your daily intakes may be higher or lower depending on your energy needs.",,https://www.coles.com.au/product/dari's-beef-and-barley-soup-550g-5062774,,,2024-06-17T21:32:01.560882-04:00
"Ind53SColes_ADairy, Eggs & Fridge_SAReady to eat meals_IColes Natures Kitchen Lentil Spaghetti Bolognese | 350g",Coles Natures Kitchen Lentil Spaghetti Bolognese | 350g,Coles,"Dairy, Eggs & Fridge",Ready to eat meals,Italian meals & pasta,,$7.50,Pick any 2 for $14,,$2.14 per 100g,3468031,Spaghetti topped with a hearty red sauce made with lentils,,,"Per 100g/ml
Per Serving
%DI
Energy
473.50
1657.25
Protein
4.80
16.80
Total Fat
1.70
5.95
Carbohydrate
17.80
62.30
Sugars
0.60
2.10
Sodium
180.00
630.00
Saturated
0.20
0.70
Energy (Cal)
113.28
396.47
Dietary Fibre (total)
3.30
11.55
Trans
0.10
0.35
* Percentage Daily Intakes are based on an average adult diet of 8700 kJ. Your daily intakes may be higher or lower depending on your energy needs.",,https://www.coles.com.au/product/coles-natures-kitchen-lentil-spaghetti-bolognese-350g-3468031,,,2024-06-17T21:32:12.601133-04:00
"Ind53SColes_ADairy, Eggs & Fridge_SAReady to eat meals_ILatina Fresh Lasagne Sheets 8 Pack | 375g",Latina Fresh Lasagne Sheets 8 Pack | 375g,Latina,"Dairy, Eggs & Fridge",Ready to eat meals,Italian meals & pasta,,$6.00,,,$1.60 per 100g,5165427,,,,,,https://www.coles.com.au/product/latina-fresh-lasagne-sheets-8-pack-375g-5165427,,,2024-06-17T21:32:21.629224-04:00
"Ind53SColes_ADairy, Eggs & Fridge_SAReady to eat meals_IRana Pecorino Pdo & Pepper Tortellini | 300g",Rana Pecorino Pdo & Pepper Tortellini | 300g,Rana,"Dairy, Eggs & Fridge",Ready to eat meals,Italian meals & pasta,,$6.50,,$8.50,$2.17 per 100g,7161868,,,,"Per 100g/ml
Per Serving
%DI
Energy
1260kJ
1890kJ
Protein
9.6g
14.4g
Total Fat
14.6g
21.9g
Saturated Fat
6.6g
9.9g
Carbohydrate
31.9g
47.9g
Sugars
2.6g
3.9g
Sodium
670mg
1010mg
* Percentage Daily Intakes are based on an average adult diet of 8700 kJ. Your daily intakes may be higher or lower depending on your energy needs.",,https://www.coles.com.au/product/rana-pecorino-pdo-and-pepper-tortellini-300g-7161868,,,2024-06-17T21:32:32.591986-04:00
"Ind53SColes_ADairy, Eggs & Fridge_SAReady to eat meals_IColes Kitchen Bolognese Bake | 350g",Coles Kitchen Bolognese Bake | 350g,Coles,"Dairy, Eggs & Fridge",Ready to eat meals,Italian meals & pasta,,$8.00,Pick any 2 for $14,,$2.29 per 100g,2680755,From our kitchen to yours. So you can experience the food of Italy at home we take durum wheat pasta and match to delicious simmered sauces before finishing with cheese. Food that is full of flavour and ready for you in minutes,,,"Per 100g/ml
Per Serving
%DI
Energy
635.60
2224.60
Protein
8.00
28.00
Total Fat
8.60
30.10
Saturated Fat
4.30
15.05
Carbohydrate
8.60
30.10
Sugars
1.90
6.65
Sodium
170.00
595.00
Saturated
5.10
17.85
Energy (Cal)
152.06
532.20
Dietary Fibre (total)
4.40
15.40
Trans
0.30
1.05
* Percentage Daily Intakes are based on an average adult diet of 8700 kJ. Your daily intakes may be higher or lower depending on your energy needs.",,https://www.coles.com.au/product/coles-kitchen-bolognese-bake-350g-2680755,,,2024-06-17T21:32:43.564305-04:00
"Ind53SColes_ADairy, Eggs & Fridge_SAReady to eat meals_IDari's Tomato Soup | 350g",Dari's Tomato Soup | 350g,Daris,"Dairy, Eggs & Fridge",Ready to eat meals,Soups & stews,,$4.80,,,$1.37 per 100g,7831381,"An original soup icon, tomato is universally appealing and loved by all ages. We've elevated the classic tomato soup recipe, by adding a touch of cream and a hint of oregano, to create a decadent, creamy, and comforting tomato soup that's full of the flavours of its simple ingredients.
 ",,,"Per 100g/ml
Per Serving
%DI
Energy
161
564
Protein
1.1
3.9
Total Fat
1.7
6.0
Saturated Fat
1.3
4.5
Carbohydrate
4.4
15.4
Sugars
3.8
13.3
Sodium
220
770
Energy (Cal)
38
135
Dietary Fibre (total)
0.6
2.1
Trans
0.0
0.0
* Percentage Daily Intakes are based on an average adult diet of 8700 kJ. Your daily intakes may be higher or lower depending on your energy needs.",,https://www.coles.com.au/product/dari's-tomato-soup-350g-7831381,,,2024-06-17T21:32:54.886603-04:00
"Ind53SColes_ADairy, Eggs & Fridge_SAYoufoodz_IYoufoodz Slow Cooked Lamb With Loaded Mash | 350g",Youfoodz Slow Cooked Lamb With Loaded Mash | 350g,Youfoodz,"Dairy, Eggs & Fridge",Youfoodz,Ready to eat meal,,$11.00,Pick any 2 for $16,,$3.14 per 100g,3891665,"Sunday roast done in 2mins? You bet!

Our Slow-Cooked Lamb with Loaded Mash is a winner for dinner or hearty lunch. We're talking melt-in-your-mouth lamb in a rich, French-style braise with a side of creamy potato mash ad mushrooms packed with bacon and cabbage.",,,"Per 100g/ml
Per Serving
%DI
Energy
397 kJ
1390 kJ
Protein
5.4 g
18.9 g
Total Fat
5.1 g
18.0 g
Saturated Fat
3.0 g
10.4 g
Carbohydrate
6.3 g
22.2 g
Sugars
2.6 g
9.1 g
Sodium
560 mg
1960 mg
Energy (Cal)
95 Cal
332 Cal
Dietary Fibre (total)
1.9 g
6.6 g
* Percentage Daily Intakes are based on an average adult diet of 8700 kJ. Your daily intakes may be higher or lower depending on your energy needs.",,https://www.coles.com.au/product/youfoodz-slow-cooked-lamb-with-loaded-mash-350g-3891665,,,2024-06-17T21:33:06.047369-04:00
"Ind53SColes_ADairy, Eggs & Fridge_SAReady to eat meals_ILatina Fresh Veal Tortellini Pasta | 625g",Latina Fresh Veal Tortellini Pasta | 625g,Latina,"Dairy, Eggs & Fridge",Ready to eat meals,Italian meals & pasta,,$11.00,,,$1.76 per 100g,5404131,,,,,,https://www.coles.com.au/product/latina-fresh-veal-tortellini-pasta-625g-5404131,,,2024-06-17T21:33:14.932906-04:00
"Ind53SColes_ADairy, Eggs & Fridge_SAReady to eat meals_I25 Degrees South Prosciutto & Ricotta Ravioli | 325g",25 Degrees South Prosciutto & Ricotta Ravioli | 325g,25 Degrees,"Dairy, Eggs & Fridge",Ready to eat meals,Italian meals & pasta,,$6.50,,$9.00,$2.00 per 100g,6399591,,,,,,https://www.coles.com.au/product/25-degrees-south-prosciutto-and-ricotta-ravioli-325g-6399591,,,2024-06-17T21:33:24.010376-04:00
"Ind53SColes_ADairy, Eggs & Fridge_SAReady to eat meals_IColes Perform Build Chicken Pesto Gnocchi | 430g",Coles Perform Build Chicken Pesto Gnocchi | 430g,Coles,"Dairy, Eggs & Fridge",Ready to eat meals,Other ready meals,,$10.00,Pick any 2 for $18,,$2.33 per 100g,5070921,"Coles PerForm Pesto Chicken & Gnocchi with tender chargrilled paprika chicken breast, parmesan cheese and pesto sauce drizzled over fluffy potato gnocchi. With up to 42g protein per meal, this is perfect as a fast, nourishing protein-rich meal to complement your exercise, diet or lifestyle goals.",,,"Per 100g/ml
Per Serving
%DI
Energy
520.00
2236.00
Protein
9.80
42.14
Total Fat
2.50
10.75
Saturated Fat
0.90
3.87
Carbohydrate
15.30
65.79
Sugars
3.40
14.62
Saturated
0.90
3.87
Sodium
220.00
946.00
Energy (Cal)
124.40
534.93
Fat
2.50
10.75
Dietary Fibre (total)
0.10
0.43
Trans
0.10
0.43
trans
LESS THAN 1g
LESS THAN 1g
* Percentage Daily Intakes are based on an average adult diet of 8700 kJ. Your daily intakes may be higher or lower depending on your energy needs.",,https://www.coles.com.au/product/coles-perform-build-chicken-pesto-gnocchi-430g-5070921,,,2024-06-17T21:33:35.083349-04:00
"Ind53SColes_ADairy, Eggs & Fridge_SAReady to eat meals_IGarlos Family Lean Beef Pie | 550g",Garlos Family Lean Beef Pie | 550g,Garlos,"Dairy, Eggs & Fridge",Ready to eat meals,Pies & pastries,,$11.60,,,$2.11 per 100g,7339063,"Garlo's Pies is an Australian owned and operated family business which opened its first pie shop in Maroubra, Sydney 2001. The name Garlo comes from the nickname of father and sons, Terry, Sean and Nathan Garlick. Terry a retired mechanic/wharfie, Sean an ex footballer with the Rabbitohs and Roosters and Nathan a master Pastry Chef and lifetime pie lover.
Heating Instructions
Convection Oven (Preferred)
Preheat oven 175C. Remove from wrapping but leave in foil tray and place on baking tray. If frozen heat for 35-45 mins. If refrigerated heat for 20-25mins
Microwave Oven (800 watt)
A microwave may be used to speed up heating time. Remove from wrapping and foil tray and wrap pie in paper towel. If frozen heat on high for 5 minutes. If refrigerated heat on high for 1 min 30 seconds. To make pastry crispy after microwaving, remove paper towel, return to foil tray and place on baking tray in convention oven for 4 minutes at 200C.",,,,"Filling (63%): Beef 40%, Water, Thickener 1422, Soy Protein, Seasoning (Salt, Sugar, Caramel Colour (e150c), Dehydrated Vegetables (Onion, Garlic), Flavour (635), Hydrolysed Vegetable Protein, Corn Flour, Rice Flour, Spices, Spice Extract), Spices Pastry (37%): Wheat Flour, Margarine (Vegetable Oil, Water, Salt, Emulsifier (471, 472c), Antioxidant (304), Natural Flavour)), Malted Wheat Flour, Whey Powder (Milk, Sugar, Acidity Regulator (262)), Pastry Conditioner, Glaze (Milk Solids, Acidity Regulators (500, 451), Dried Glucose Syrup, Colour (160b)) Beef is 25% of filling and pastry combined.",https://www.coles.com.au/product/garlos-family-lean-beef-pie-550g-7339063,,,2024-06-17T21:33:44.011060-04:00
"Ind53SColes_ADairy, Eggs & Fridge_SAReady to eat meals_IGarlos Spinach & Feta Roll | 180g",Garlos Spinach & Feta Roll | 180g,Garlos,"Dairy, Eggs & Fridge",Ready to eat meals,Pies & pastries,,$4.80,,,$2.67 per 100g,3376578,"Garlo's Pies is an Australian owned and operated family business which opened its first pie shop in Maroubra, Sydney 2001. The name Garlo comes from the nickname of father and sons, Terry, Sean and Nathan Garlick. Terry a retired mechanic/wharfie, Sean an ex footballer with the Rabbitohs and Roosters and Nathan a master Pastry Chef and lifetime pie lover.
Heating Instructions
Convection Oven (Preferred)
Preheat oven 175C. Remove from wrapping but leave in foil tray and place on baking tray. If frozen heat for 35-45 mins. If refrigerated heat for 20-25mins
Microwave Oven (800 watt)
A microwave may be used to speed up heating time. Remove from wrapping and foil tray and wrap pie in paper towel. If frozen heat on high for 5 minutes. If refrigerated heat on high for 1 min 30 seconds. To make pastry crispy after microwaving, remove paper towel, return to foil tray and place on baking tray in convention oven for 4 minutes at 200C.",,,,"Water, Wheat Flour (Thiamine, Folic Acid), Spinach (14%), Margarine (Vegetable Oil, Water, Salt, Emulsifiers (471, 472c), Antioxidant (304), Natural Flavour), Egg, Cheeses (Feta Cheese (3%)(Milk, Cultures, Rennet, Cream, Milk Solids, Vegetable Gum (410)), Potato (Potato, Stabiliser (450), Preservative (223)), Seasoning (Salt, Sugar, Flavour Enhancer (635), Dehydrated Vegetables (Potato, Onion, Garlic), Spices & Spice Extract, Food Acid (330), Flavour, Stabiliser (450)), Garlic (Vinegar (260), Preservative (223)), Black Pepper, Glaze (Milk Solids, Acidity Regulators (500, 451), Colour (160b)).",https://www.coles.com.au/product/garlos-spinach-and-feta-roll-180g-3376578,,,2024-06-17T21:33:52.753703-04:00
"Ind53SColes_ADairy, Eggs & Fridge_SAReady to eat meals_I25 Degrees South Victorian Three Cheese Ravioli Pasta | 325g",25 Degrees South Victorian Three Cheese Ravioli Pasta | 325g,25 Degrees South,"Dairy, Eggs & Fridge",Ready to eat meals,Italian meals & pasta,,$6.50,,$9.00,$2.00 per 100g,4274744,,,,,,https://www.coles.com.au/product/25-degrees-south-victorian-three-cheese-ravioli-pasta-325g-4274744,,,2024-06-17T21:34:01.580532-04:00
"Ind53SColes_ADairy, Eggs & Fridge_SAReady to eat meals_IColes Kitchen Chicken Laksa Soup | 300g",Coles Kitchen Chicken Laksa Soup | 300g,Coles,"Dairy, Eggs & Fridge",Ready to eat meals,Soups & stews,,$4.00,,,$1.33 per 100g,4215790,"From our kitchen to yours, Coles Kitchen offers you great-tasting food that is ready when you are",,,"Per 100g/ml
Per Serving
%DI
Energy
348.20
1044.60
Protein
3.60
10.80
Total Fat
4.90
14.70
Carbohydrate
5.70
17.10
Sugars
1.40
4.20
Sodium
140.00
420.00
Saturated
3.80
11.40
Energy (Cal)
83.30
249.90
Dietary Fibre (total)
1.10
3.30
Trans
0.10
0.30
* Percentage Daily Intakes are based on an average adult diet of 8700 kJ. Your daily intakes may be higher or lower depending on your energy needs.",,https://www.coles.com.au/product/coles-kitchen-chicken-laksa-soup-300g-4215790,,,2024-06-17T21:34:12.865901-04:00
"Ind53SColes_ADairy, Eggs & Fridge_SAReady to eat meals_IColes Cottage Pie | 1.2kg",Coles Cottage Pie | 1.2kg,Coles,"Dairy, Eggs & Fridge",Ready to eat meals,Other ready meals,,$12.50,,,$1.04 per 100g,5071200,"A great value addition to a family favourite, the Coles Cottage Pie is topped with fluffy mashed potato, while underneath is tender No Added Hormone beef",,,"Per 100g/ml
Per Serving
%DI
Energy
499.90
1499.70
Protein
5.10
15.30
Total Fat
6.40
19.20
Carbohydrate
9.20
27.60
Sugars
0.60
1.80
Sodium
180.00
540.00
Saturated
3.80
11.40
Energy (Cal)
119.59
358.78
Dietary Fibre (total)
2.50
7.50
Trans
0.30
0.90
* Percentage Daily Intakes are based on an average adult diet of 8700 kJ. Your daily intakes may be higher or lower depending on your energy needs.",,https://www.coles.com.au/product/coles-cottage-pie-1.2kg-5071200,,,2024-06-17T21:34:24.121554-04:00
"Ind53SColes_ADairy, Eggs & Fridge_SAReady to eat meals_IGarlos Limited Edition Pie | 200g",Garlos Limited Edition Pie | 200g,Garlos,"Dairy, Eggs & Fridge",Ready to eat meals,Pies & pastries,,$5.00,,,$2.50 per 100g,3649819,"Established in Maroubra in 1991, The Garlo's Pies team create wholesome foods for any moment",,,,,https://www.coles.com.au/product/garlos-limited-edition-pie-200g-3649819,,,2024-06-17T21:34:33.034066-04:00
"Ind53SColes_ADairy, Eggs & Fridge_SAReady to eat meals_IDari's Chunky Minestrone Soup | 550g",Dari's Chunky Minestrone Soup | 550g,Daris,"Dairy, Eggs & Fridge",Ready to eat meals,Soups & stews,,$5.50,,$6.80,$1.00 per 100g,5063824,"There are many variations of Minestrone around Italy. This is ours! Faithful to its humble origins, this tangy tomato-based soup is all about the veggies, pasta, and chicken stock - the simple, fresh flavours that make Minestrone special. Rustic, wholesome, yet deliciously light, serve with crusty bread. Enjoy this dinner table staple all year-round.",,,"Per 100g/ml
Per Serving
%DI
Energy
141
388
Protein
1.2
3.3
Total Fat
0.5
1.4
Saturated Fat
0.2
0.6
Carbohydrate
6.0
16.5
Sugars
1.9
5.3
Sodium
428
1177
Energy (Cal)
33
93
Dietary Fibre (total)
0.6
2.5
Trans
0
0
* Percentage Daily Intakes are based on an average adult diet of 8700 kJ. Your daily intakes may be higher or lower depending on your energy needs.",,https://www.coles.com.au/product/dari's-chunky-minestrone-soup-550g-5063824,,,2024-06-17T21:34:44.122904-04:00
"Ind53SColes_ADairy, Eggs & Fridge_SAColes Finest_IColes Finest Angus Beef Ragu Ravioli | 350g",Coles Finest Angus Beef Ragu Ravioli | 350g,Coles,"Dairy, Eggs & Fridge",Coles Finest,meals,,$6.50,,,$1.86 per 100g,3920195,"Crafted by Giovanni Di Sebastiano, a traditional style pasta maker who creates authentic Italian pasta in Australia. These thin, delicate pasta sheets are filled with the finest ingredients for a delicious meal.",,,"Per 100g/ml
Per Serving
%DI
Energy
1176.8
2059.4
24
Protein
13.3
23.28
47
Total Fat
11.7
20.48
29
Saturated Fat
5.2
9.1
38
Carbohydrate
29
50.75
16
Sodium
310
542.5
24
Energy (Cal)
281.53
492.68
Potassium
240
420
Trans
0.4
0.7
Dietary Fibre
3.1
5.43
* Percentage Daily Intakes are based on an average adult diet of 8700 kJ. Your daily intakes may be higher or lower depending on your energy needs.",,https://www.coles.com.au/product/coles-finest-angus-beef-ragu-ravioli-350g-3920195,,,2024-06-17T21:34:55.852774-04:00
"Ind53SColes_ADairy, Eggs & Fridge_SAReady to eat meals_IColes Kitchen Spaghetti Carbonara | 350g",Coles Kitchen Spaghetti Carbonara | 350g,Coles,"Dairy, Eggs & Fridge",Ready to eat meals,Italian meals & pasta,,$7.50,Pick any 2 for $14,,$2.14 per 100g,2680802,"From our kitchen to yours, Coles Kitchen offers you great-tasting food that is ready when you are",,,"Per 100g/ml
Per Serving
%DI
Energy
598.70
2095.45
Protein
5.50
19.25
Saturated Fat
3.9
13.7
57
Carbohydrate
14.00
49.00
Sugars
0.70
2.45
Sodium
190.00
665.00
Saturated
3.90
13.65
Energy (Cal)
143.23
501.30
Fat
7.20
25.20
Dietary Fibre (total)
0.10
0.35
Trans
0.20
0.70
* Percentage Daily Intakes are based on an average adult diet of 8700 kJ. Your daily intakes may be higher or lower depending on your energy needs.",,https://www.coles.com.au/product/coles-kitchen-spaghetti-carbonara-350g-2680802,,,2024-06-17T21:35:08.906670-04:00
"Ind53SColes_ADairy, Eggs & Fridge_SAReady to eat meals_IColes Kitchen Beef Madras And Rice | 350g",Coles Kitchen Beef Madras And Rice | 350g,Coles,"Dairy, Eggs & Fridge",Ready to eat meals,Indian food & meals,,$8.00,Pick any 2 for $14,,$2.29 per 100g,3771357,"Marinated Australian Beef in an aromatically spiced tomato and coconut sauce, served with basmati rice",,,"Per 100g/ml
Per Serving
%DI
Energy
608.70
2130.45
Protein
6.70
23.45
Carbohydrate
18.20
63.70
Sugars
1.40
4.90
Sodium
130.00
455.00
Saturated
2.00
7.00
Energy (Cal)
145.62
509.68
Fat
4.60
16.10
Dietary Fibre (total)
1.90
6.65
Trans
0.10
0.35
* Percentage Daily Intakes are based on an average adult diet of 8700 kJ. Your daily intakes may be higher or lower depending on your energy needs.",,https://www.coles.com.au/product/coles-kitchen-beef-madras-and-rice-350g-3771357,,,2024-06-17T21:35:19.980414-04:00
"Ind53SColes_ADairy, Eggs & Fridge_SAReady to eat meals_ILatina Fresh Veal Tortellini Pasta | 375g",Latina Fresh Veal Tortellini Pasta | 375g,Latina,"Dairy, Eggs & Fridge",Ready to eat meals,Italian meals & pasta,,$6.50,,$8.00,$1.73 per 100g,5051836,,,,,,https://www.coles.com.au/product/latina-fresh-veal-tortellini-pasta-375g-5051836,,,2024-06-17T21:35:28.953528-04:00
"Ind53SColes_ADairy, Eggs & Fridge_SAReady to eat meals_IColes Kitchen Pizza Dough Ball | 250g",Coles Kitchen Pizza Dough Ball | 250g,Coles,"Dairy, Eggs & Fridge",Ready to eat meals,Pizzas,,$2.00,,,$0.80 per 100g,3467935,"From our kitchen to yours, Coles Kitchen offers you great-tasting food that is ready when you are",,,"Per 100g/ml
Per Serving
%DI
Energy
885.60
553.50
Protein
7.80
4.88
Total Fat
1.10
0.69
Saturated Fat
0.20
0.13
Carbohydrate
39.50
24.69
Sugars
3.20
2.00
Sodium
734.00
458.75
Energy (Cal)
211.87
132.42
Dietary Fibre (total)
5.10
3.19
Trans
0.01
0.01
* Percentage Daily Intakes are based on an average adult diet of 8700 kJ. Your daily intakes may be higher or lower depending on your energy needs.",,https://www.coles.com.au/product/coles-kitchen-pizza-dough-ball-250g-3467935,,,2024-06-17T21:35:39.801517-04:00
"Ind53SColes_ADairy, Eggs & Fridge_SAReady to eat meals_ILatina Lasagne Ravioli | 625g",Latina Lasagne Ravioli | 625g,Latina,"Dairy, Eggs & Fridge",Ready to eat meals,Italian meals & pasta,,$11.00,,,$1.76 per 100g,5577548,,,,,,https://www.coles.com.au/product/latina-lasagne-ravioli-625g-5577548,,,2024-06-17T21:35:48.792143-04:00
"Ind53SColes_ADairy, Eggs & Fridge_SAReady to eat meals_ILatina Filled Pasta Chicken Tomato & Mozzarella | 625g",Latina Filled Pasta Chicken Tomato & Mozzarella | 625g,Latina,"Dairy, Eggs & Fridge",Ready to eat meals,Italian meals & pasta,,$11.00,,,$1.76 per 100g,7730930,,,,,,https://www.coles.com.au/product/latina-filled-pasta-chicken-tomato-and-mozzarella-625g-7730930,,,2024-06-17T21:35:57.572844-04:00
"Ind53SColes_ADairy, Eggs & Fridge_SAReady to eat meals_IColes Kitchen Sweet & Sour Chicken & Rice | 350g",Coles Kitchen Sweet & Sour Chicken & Rice | 350g,Coles,"Dairy, Eggs & Fridge",Ready to eat meals,Thai meals,,$7.50,Pick any 2 for $14,,$2.14 per 100g,7748732,"Australian chicken breast in a tangy sweet and sour sauce with red capsicum & pineapple, served with rice",,,"Per 100g/ml
Per Serving
%DI
Energy
451.80
1581.30
Protein
7.20
25.20
Total Fat
0.90
3.15
Carbohydrate
16.10
56.35
Sugars
3.40
11.90
Sodium
170.00
595.00
Saturated
0.20
0.70
Energy (Cal)
108.09
378.30
Dietary Fibre (total)
2.80
9.80
Trans
0.10
0.35
* Percentage Daily Intakes are based on an average adult diet of 8700 kJ. Your daily intakes may be higher or lower depending on your energy needs.",,https://www.coles.com.au/product/coles-kitchen-sweet-and-sour-chicken-and-rice-350g-7748732,,,2024-06-17T21:36:08.817276-04:00
"Ind53SColes_ADairy, Eggs & Fridge_SAReady to eat meals_IYoufoodz Mushroom & Cheese Tortellini With Creamy Sauce | 330g",Youfoodz Mushroom & Cheese Tortellini With Creamy Sauce | 330g,Youfoodz,"Dairy, Eggs & Fridge",Ready to eat meals,Other ready meals,,$11.00,Pick any 2 for $16,,$3.33 per 100g,7825039,"Youfoodz' Creamy Mushroom & Cheese Tortellini is perfectly plump cheese tortellini tossed in a creamy sauce made with butter, onion, mushrooms, thickened cream, parmesan cheese, thyme and just a touch of lemon juice.",,,"Per 100g/ml
Per Serving
%DI
Energy
625kJ
2060kJ
Protein
5.2g
17.3g
Total Fat
7.4g
24.4g
Saturated Fat
4.2g
13.9g
Carbohydrate
14.6g
48.2g
Sugars
2.0g
6.5g
Sodium
401mg
1320mg
Energy (Cal)
149Cal
493Cal
Dietary Fibre (total)
1.6g
5.4g
* Percentage Daily Intakes are based on an average adult diet of 8700 kJ. Your daily intakes may be higher or lower depending on your energy needs.",,https://www.coles.com.au/product/youfoodz-mushroom-and-cheese-tortellini-with-creamy-sauce-330g-7825039,,,2024-06-17T21:36:19.873867-04:00
"Ind53SColes_ADairy, Eggs & Fridge_SAColes Finest_IColes Finest Thai Red Chicken Curry | 400g",Coles Finest Thai Red Chicken Curry | 400g,Coles,"Dairy, Eggs & Fridge",Coles Finest,meals,,$9.50,,,$2.38 per 100g,3771539,"Using carefully selected fragrant herbs and spices blended together and cooked with creamy coconut, our experts ensure we give our delicious range of premium Thai curries an authentic flavour. Making it easy for you to get your favourite curry at home. Let us do the hard work for you.",,,"Per 100g/ml
Per Serving
%DI
Energy
510.20
2040.80
Protein
6.70
26.80
Total Fat
7.80
31.20
Carbohydrate
5.30
21.20
Sugars
4.50
18.00
Sodium
330.00
1320.00
Saturated
5.30
21.20
Energy (Cal)
122.06
488.23
Dietary Fibre (total)
2.20
8.80
Trans
0.10
0.40
* Percentage Daily Intakes are based on an average adult diet of 8700 kJ. Your daily intakes may be higher or lower depending on your energy needs.",,https://www.coles.com.au/product/coles-finest-thai-red-chicken-curry-400g-3771539,,,2024-06-17T21:36:31.740484-04:00
"Ind53SColes_ADairy, Eggs & Fridge_SAReady to eat meals_IColes Kitchen Potato Gnocchi | 500g",Coles Kitchen Potato Gnocchi | 500g,Coles,"Dairy, Eggs & Fridge",Ready to eat meals,Italian meals & pasta,,$5.00,,,$1.00 per 100g,3167363,"KITCHEN INSPIRED CREATIONSFrom our kitchen to yours......Experience the taste of Italy at home.We have blended fresh Australian potato and free range egg with flour to create pillows of soft gnocchi, ready to serve with a sauce of your choice. A delicious meal, full of flavour and ready in minutes",,,"Per 100g/ml
Per Serving
%DI
Energy
789.50
986.88
Protein
5.20
6.50
Total Fat
0.50
0.63
Saturated Fat
LESS THAN 1g
LESS THAN 1g
2
Carbohydrate
38.60
48.25
Sugars
0.50
0.63
Sodium
142.00
177.50
Energy (Cal)
188.88
236.09
Dietary Fibre (total)
3.30
4.13
* Percentage Daily Intakes are based on an average adult diet of 8700 kJ. Your daily intakes may be higher or lower depending on your energy needs.",,https://www.coles.com.au/product/coles-kitchen-potato-gnocchi-500g-3167363,,,2024-06-17T21:36:42.731933-04:00
"Ind53SColes_ADairy, Eggs & Fridge_SAReady to eat meals_IRana Filled Tortellini Basil And Pine Nuts | 325g",Rana Filled Tortellini Basil And Pine Nuts | 325g,Rana,"Dairy, Eggs & Fridge",Ready to eat meals,Italian meals & pasta,,$8.00,,,$2.46 per 100g,3752716,"Basil, Pecorino cheese and pine nuts, wrapped in paper thin pasta. Enjoy the taste of one of the most famous and traditional Italian recipes.",,,,"Filling 53%: Ricotta (Whey, Milk, Salt, Citric Acid), Basil Paste 15% (Basil 60%, Sunflower Oil, Salt, Ascorbic Acid) Mozzarella Cheese (Milk, Salt, Non-Animal Rennet), Sunflower Oil, Vegetable Fibres, Pecorino Romano Cheese (Sheep's Milk, Salt, Animal Rennet), Breadcrumbs (Soft Wheat Flour, Water, Salt, Yeast), Cashew Nuts 4%, Lactose (from Milk), Full Fat Hard Cheese (Milk, Salt, Non-Animal Rennet), Corn Starch, Pine Nuts 1%, Natural Flavouring (contains Barley), Pasta 47%: Soft Wheat Flour, Egg 30%, Durum Wheat Semolina",https://www.coles.com.au/product/rana-filled-tortellini-basil-and-pine-nuts-325g-3752716,,,2024-06-17T21:36:51.685035-04:00
"Ind53SColes_ADairy, Eggs & Fridge_SAYoufoodz_IYoufoodz Fueld Butter Chicken | 444g",Youfoodz Fueld Butter Chicken | 444g,Youfoodz,"Dairy, Eggs & Fridge",Youfoodz,Ready to eat meal,,$12.00,,,$2.70 per 100g,7078844,Youfoodz FUEL'D Butter Chicken is a rich blend of Indian spices and toasted almonds in a thick coconut curry with tender slices of chicken. Complete with a serving of brown rice and slice of naan bread to soak up every last drop.,,,"Per 100g/ml
Per Serving
%DI
Energy
753 kJ
3280 kJ
Protein
8.2 g
35.7 g
Total Fat
7.2 g
31.6 g
Saturated Fat
4.7 g
20.6 g
Carbohydrate
19.9 g
86.7 g
Sugars
2.7 g
11.8 g
Sodium
414 mg
1810 mg
Energy (Cal)
180 Cal
785 Cal
Dietary Fibre (total)
1.1 g
5.0 g
* Percentage Daily Intakes are based on an average adult diet of 8700 kJ. Your daily intakes may be higher or lower depending on your energy needs.","Brown Rice (34%), Coconut Cream (21%) (Coconut Cream, Stabilisers (415, 412, 407)), Chicken (20%), Naan Bread (9%) (Wheat Flour (Thiamine, Folic Acid), Water, Vegetable Oil, Sugar, Yeast, Baking Powder (Mineral Salts (500, 450, 341)), Iodised Salt, Acidity Regulator (297), Preservative (282), Mineral Salt (500)), Water, Sweet Chilli Sauce (Stabiliser (415)), Marinade (Acidity Regulators (327, 451, 450), Thickeners (407, 412)), Garlic, Milk Powder, Tomato Paste (Acidity Regulator (330)), Vegetable Booster (Colour (Carotene)), Curry Powder, Sweet Paprika, Modified Starch (1422), Butter (Milk), Natural Flavour, Cumin, Ground Coriander (Wheat).",https://www.coles.com.au/product/youfoodz-fueld-butter-chicken-444g-7078844,,,2024-06-17T21:37:02.714316-04:00
"Ind53SColes_ADairy, Eggs & Fridge_SAReady to eat meals_IRana Porcini Mushroom Ravioli | 325g",Rana Porcini Mushroom Ravioli | 325g,Rana,"Dairy, Eggs & Fridge",Ready to eat meals,Italian meals & pasta,,$8.00,,,$2.46 per 100g,3296071,"Enjoy the richness of our filling. Made to perfection with flavoursome diced mushrooms and delicate creamy ricotta cheese, wrapped in paper thin pasta parcels.",,,,,https://www.coles.com.au/product/rana-porcini-mushroom-ravioli-325g-3296071,,,2024-06-17T21:37:13.605763-04:00
"Ind53SColes_ADairy, Eggs & Fridge_SAReady to eat meals_ILatina Fresh Beef Bolognese Pasta Sauce | 425g",Latina Fresh Beef Bolognese Pasta Sauce | 425g,Latina,"Dairy, Eggs & Fridge",Ready to eat meals,Italian meals & pasta,,$7.50,,,$1.76 per 100g,5220241,"Perfect for topping pasta, Latina Fresh Beef Bolognese Pasta Sauce turns any last-minute dinner idea into something special. Fast to prepare, it's a delicious blend of ripe tomatoes and tender Australian beef with onion, olive oil, garlic and various spices. No artificial colours, flavours or preservatives.
Bolognese made with Australian Beef

No artificial colours or flavours

No preservatives

Perfect with any Latina Fresh pasta

Serves four",,,,,https://www.coles.com.au/product/latina-fresh-beef-bolognese-pasta-sauce-425g-5220241,,,2024-06-17T21:37:22.706987-04:00
"Ind53SColes_ADairy, Eggs & Fridge_SAReady to eat meals_ILatina Fresh Gluten Free Ricotta & Spinach Agnolotti Pasta | 280g",Latina Fresh Gluten Free Ricotta & Spinach Agnolotti Pasta | 280g,Latina,"Dairy, Eggs & Fridge",Ready to eat meals,Italian meals & pasta,,$8.75,Pick any 2 for $13,,$3.13 per 100g,2271520,,,,,,https://www.coles.com.au/product/latina-fresh-gluten-free-ricotta-and-spinach-agnolotti-pasta-280g-2271520,,,2024-06-17T21:37:31.427008-04:00
"Ind53SColes_ADairy, Eggs & Fridge_SAReady to eat meals_IColes Kitchen Lamb Rogan Josh & Rice | 350g",Coles Kitchen Lamb Rogan Josh & Rice | 350g,Coles,"Dairy, Eggs & Fridge",Ready to eat meals,Indian food & meals,,$7.50,Pick any 2 for $14,,$2.14 per 100g,3468144,"From our kitchen to yours, Coles Kitchen offers you great-tasting food that is ready when you are",,,"Per 100g/ml
Per Serving
%DI
Energy
543.30
1901.55
Protein
7.90
27.65
Total Fat
3.40
11.90
Saturated Fat
1
3.5
Carbohydrate
16.00
56.00
Sugars
1.00
3.50
Sodium
180.00
630.00
Saturated
1.00
3.50
Energy (Cal)
129.98
454.92
Dietary Fibre (total)
1.40
4.90
Dietary Fibre
1.4
4.9
* Percentage Daily Intakes are based on an average adult diet of 8700 kJ. Your daily intakes may be higher or lower depending on your energy needs.",,https://www.coles.com.au/product/coles-kitchen-lamb-rogan-josh-and-rice-350g-3468144,,,2024-06-17T21:37:42.437699-04:00
"Ind53SColes_ADairy, Eggs & Fridge_SAReady to eat meals_IColes Kitchen Spinach & Ricotta Cannelloni | 350g",Coles Kitchen Spinach & Ricotta Cannelloni | 350g,Coles,"Dairy, Eggs & Fridge",Ready to eat meals,Italian meals & pasta,,$8.00,Pick any 2 for $14,,$2.29 per 100g,3771277,"Spinach and ricotta cheese rolled in pasta and layered with bechamel and tomato sauces, topped with mozzarella",,,"Per 100g/ml
Per Serving
%DI
Energy
470.00
1645.00
Protein
5.40
18.90
Total Fat
0.90
3.15
Carbohydrate
19.30
67.55
Sugars
1.90
6.65
Sodium
210.00
735.00
Saturated
0.20
0.70
Energy (Cal)
112.44
393.54
Fat
0.90
3.15
Dietary Fibre (total)
2.10
7.35
Trans
0.10
0.35
* Percentage Daily Intakes are based on an average adult diet of 8700 kJ. Your daily intakes may be higher or lower depending on your energy needs.",,https://www.coles.com.au/product/coles-kitchen-spinach-and-ricotta-cannelloni-350g-3771277,,,2024-06-17T21:37:53.479338-04:00
"Ind53SColes_ADairy, Eggs & Fridge_SAReady to eat meals_IColes Perform Build Beef Ragu Bolognese | 400g",Coles Perform Build Beef Ragu Bolognese | 400g,Coles,"Dairy, Eggs & Fridge",Ready to eat meals,Other ready meals,,$10.00,Pick any 2 for $18,,$2.50 per 100g,5070976,"Coles PerForm Beef Ragu Bolognese with rich no-added-hormone beef, vegetable & red wine sauce coupled with herbs. With up to 44g protein per meal, this is perfect as a fast, nourishing protein-rich meal to complement your exercise, diet or lifestyle goals.",,,"Per 100g/ml
Per Serving
%DI
Energy
473.90
1895.60
Protein
11.10
44.40
Total Fat
1.90
7.60
Carbohydrate
11.70
46.80
Sugars
1.60
6.40
Sodium
160.00
640.00
Saturated
0.80
3.20
Energy (Cal)
113.37
453.49
Fat
1.90
7.60
Dietary Fibre (total)
2.00
8.00
Trans
0.10
0.40
* Percentage Daily Intakes are based on an average adult diet of 8700 kJ. Your daily intakes may be higher or lower depending on your energy needs.",,https://www.coles.com.au/product/coles-perform-build-beef-ragu-bolognese-400g-5070976,,,2024-06-17T21:38:04.899425-04:00
"Ind53SColes_ADairy, Eggs & Fridge_SAReady to eat meals_IRana Panfry Filled Gnocchi Cheese | 280g",Rana Panfry Filled Gnocchi Cheese | 280g,Rana,"Dairy, Eggs & Fridge",Ready to eat meals,Italian meals & pasta,,$6.00,,,$2.14 per 100g,4688962,"Generous creamy filling wrapped in the goodness of a golden crispy potato gnocchi
Alone or on the side?
Made with delicious ingredients, our pan-fry filled gnocchi will surprise you with their crispy outside and creamy filling inside.
The crunchy potato cover encloses the generous, creamy filling.
Perfect as a starter dish for easy entertaining or enjoy them as irresistible side dish with family and friends!",,,"Per 100g/ml
Per Serving
%DI
Energy
960kJ
1344kJ
Protein
12g
16.8g
Total Fat
3.4g
4.8g
Saturated Fat
2.2g
3.1g
Carbohydrate
36g
50.4g
Sugars
2.4g
3.4g
Sodium
663mg
928mg
* Percentage Daily Intakes are based on an average adult diet of 8700 kJ. Your daily intakes may be higher or lower depending on your energy needs.",,https://www.coles.com.au/product/rana-panfry-filled-gnocchi-cheese-280g-4688962,,,2024-06-17T21:38:15.791148-04:00
"Ind53SColes_ADairy, Eggs & Fridge_SAReady to eat meals_IStonefire Roasted Garlic Naan 2 pack | 250g",Stonefire Roasted Garlic Naan 2 pack | 250g,Stonefire,"Dairy, Eggs & Fridge",Ready to eat meals,Hot snacks & sides,,$3.90,,,$1.56 per 100g,2885532,"Stonefire Garlic Naan are cooked, ready to heat and perfect to go with your curries.",,,,,https://www.coles.com.au/product/stonefire-roasted-garlic-naan-2-pack-250g-2885532,,,2024-06-17T21:38:25.067271-04:00
"Ind53SColes_ADairy, Eggs & Fridge_SAReady to eat meals_IDari's Hearty Chicken Soup | 550g",Dari's Hearty Chicken Soup | 550g,Daris,"Dairy, Eggs & Fridge",Ready to eat meals,Soups & stews,,$5.50,,$6.80,$1.00 per 100g,1196600,"Our Hearty Chicken soup is good, honest, old-school soup, like grandmother used to make'. Succulent chicken, flavoursome stock, and classic vegetables combine to create a soup that takes you back to childhood. Mild in flavour yet so nutritious, delicious, and easy to eat, this soup gives you all the taste and comfort of home.",,,"Per 100g/ml
Per Serving
%DI
Energy
106
292
Protein
2.6
7.2
Total Fat
0.4
1.1
Saturated Fat
0.1
0.3
Carbohydrate
2.7
7.4
Sugars
0.8
2.2
Sodium
315
866
Energy (Cal)
25
69
Dietary Fibre (total)
0.5
1.4
Trans
0
0
* Percentage Daily Intakes are based on an average adult diet of 8700 kJ. Your daily intakes may be higher or lower depending on your energy needs.",,https://www.coles.com.au/product/dari's-hearty-chicken-soup-550g-1196600,,,2024-06-17T21:38:36.086699-04:00
"Ind53SColes_ADairy, Eggs & Fridge_SAReady to eat meals_INevana Pizza Base 12 pack | 700g",Nevana Pizza Base 12 pack | 700g,Nevana,"Dairy, Eggs & Fridge",Ready to eat meals,Pizzas,,$4.80,,,$0.69 per 100g,5618146,Made with fresh & quality ingredients. Enjoy convenient and ready to cook Nevana Pizza Base,,,"Per 100g/ml
Per Serving
%DI
Energy
1150kJ
Protein
12.1g
Total Fat
2.2g
Saturated Fat
0.3g
Carbohydrate
50g
Sugars
6.6g
Sodium
3.9mg
Monounsaturated
1.1g
Polyunsaturated
1.1g
Cholesterol
Less than 0.1g
* Percentage Daily Intakes are based on an average adult diet of 8700 kJ. Your daily intakes may be higher or lower depending on your energy needs.",,https://www.coles.com.au/product/nevana-pizza-base-12-pack-700g-5618146,,,2024-06-17T21:38:47.313962-04:00
"Ind53SColes_ADairy, Eggs & Fridge_SAReady to eat meals_IColes Spinach And Ricotta Cannelloni | 1.2kg",Coles Spinach And Ricotta Cannelloni | 1.2kg,Coles,"Dairy, Eggs & Fridge",Ready to eat meals,Italian meals & pasta,,$12.50,,,$1.04 per 100g,3992549,"From our kitchen to yours, Coles Kitchen offers you great-tasting food that is ready when you are",,,"Per 100g/ml
Per Serving
%DI
Energy
593.30
1779.90
Protein
5.70
17.10
Total Fat
5.10
15.30
Carbohydrate
17.30
51.90
Sugars
4.00
12.00
Sodium
180.00
540.00
Saturated
3.40
10.20
Energy (Cal)
141.94
425.81
Dietary Fibre (total)
1.70
5.10
Trans
0.20
0.60
* Percentage Daily Intakes are based on an average adult diet of 8700 kJ. Your daily intakes may be higher or lower depending on your energy needs.",,https://www.coles.com.au/product/coles-spinach-and-ricotta-cannelloni-1.2kg-3992549,,,2024-06-17T21:38:59.879257-04:00
"Ind53SColes_ADairy, Eggs & Fridge_SAReady to eat meals_IColes Perform Build Lemon & Herb Chicken | 435g",Coles Perform Build Lemon & Herb Chicken | 435g,Coles,"Dairy, Eggs & Fridge",Ready to eat meals,Other ready meals,,$10.00,Pick any 2 for $18,,$2.30 per 100g,5070987,"PerForm Lemon & Herb Chicken with chargrilled chicken pieces and a rich potato, pea and feta mash. Served with carrot batons and a creamy tomato sauce. With up to 48g protein per meal, this is perfect as a fast, nourishing protein-rich meal to complement your exercise, diet or lifestyle goals.",,,"Per 100g/ml
Per Serving
%DI
Energy
388.62
1690.50
Protein
11.10
48.29
Total Fat
2.00
8.70
Saturated Fat
1.00
4.35
Carbohydrate
6.80
29.58
Sugars
0.10
0.44
Sodium
220.00
957.00
Energy (Cal)
93
404
Dietary Fibre (total)
1.29
5.61
Trans
0.10
0.44
* Percentage Daily Intakes are based on an average adult diet of 8700 kJ. Your daily intakes may be higher or lower depending on your energy needs.",,https://www.coles.com.au/product/coles-perform-build-lemon-and-herb-chicken-435g-5070987,,,2024-06-17T21:39:11.497825-04:00
"Ind53SColes_ADairy, Eggs & Fridge_SAReady to eat meals_IColes Kitchen BBQ Meat Deluxe Pizza | 470g",Coles Kitchen BBQ Meat Deluxe Pizza | 470g,Coles,"Dairy, Eggs & Fridge",Ready to eat meals,Pizzas,,$6.50,Pick any 2 for $12,,$1.38 per 100g,6187629,"From our kitchen to yours......A pizzeria experience at home. We take a stone baked base and top it with vibrant tomato passata and barbecue sauce before finishing with ham, bacon, pepperoni & minced beef. Generously topped and ready for you in minutes",,,"Per 100g/ml
Per Serving
%DI
Energy
947.70
1108.81
Protein
11.30
13.22
Carbohydrate
24.50
28.67
Sugars
6.80
7.96
Sodium
684.00
800.28
Saturated
3.20
3.74
Energy (Cal)
226.72
265.27
Fat
8.30
9.71
Dietary Fibre (total)
4.00
4.68
Trans
0.04
0.05
* Percentage Daily Intakes are based on an average adult diet of 8700 kJ. Your daily intakes may be higher or lower depending on your energy needs.",,https://www.coles.com.au/product/coles-kitchen-bbq-meat-deluxe-pizza-470g-6187629,,,2024-06-17T21:39:23.023939-04:00
"Ind53SColes_ADairy, Eggs & Fridge_SAReady to eat meals_IColes Kitchen Chicken & Bacon Pasta Bake | 350g",Coles Kitchen Chicken & Bacon Pasta Bake | 350g,Coles,"Dairy, Eggs & Fridge",Ready to eat meals,Italian meals & pasta,,$8.00,Pick any 2 for $14,,$2.29 per 100g,2680766,From our kitchen to yours So you can experience the food of Italy at home we take durum wheat pasta and match to delicious simmered sauces before finishing with cheese. Food that is full of flavour and ready for you in minutes,,,"Per 100g/ml
Per Serving
%DI
Energy
660.90
2313.15
Protein
8.30
29.05
Total Fat
6.40
22.40
Carbohydrate
16.60
58.10
Sugars
0.90
3.15
Sodium
160.00
560.00
Saturated
3.40
11.90
Energy (Cal)
158.11
553.39
Dietary Fibre (total)
0.10
0.35
Trans
0.20
0.70
* Percentage Daily Intakes are based on an average adult diet of 8700 kJ. Your daily intakes may be higher or lower depending on your energy needs.",,https://www.coles.com.au/product/coles-kitchen-chicken-and-bacon-pasta-bake-350g-2680766,,,2024-06-17T21:39:34.821529-04:00
"Ind53SColes_ADairy, Eggs & Fridge_SAReady to eat meals_IGarlos Apple Pie | 200g",Garlos Apple Pie | 200g,Garlos,"Dairy, Eggs & Fridge",Ready to eat meals,Pies & pastries,,$4.70,,,$2.35 per 100g,5763699,"Golden flaky pastry, filled with cinnamon spiced, freshly diced, Australian Apples.",,,,,https://www.coles.com.au/product/garlos-apple-pie-200g-5763699,,,2024-06-17T21:39:43.918616-04:00
"Ind53SColes_ADairy, Eggs & Fridge_SAReady to eat meals_IColes Kitchen Chicken Tikka Masala & Rice | 350g",Coles Kitchen Chicken Tikka Masala & Rice | 350g,Coles,"Dairy, Eggs & Fridge",Ready to eat meals,Indian food & meals,,$7.50,Pick any 2 for $14,,$2.14 per 100g,2877523,"Marinated Australian chicken breast in a rich tandoori spiced masala sauce finished with cream, served with basmati rice",,,"Per 100g/ml
Per Serving
%DI
Energy
524.90
1837.15
Protein
7.90
27.65
Total Fat
3.20
11.20
Carbohydrate
15.40
53.90
Sugars
2.70
9.45
Sodium
170.00
595.00
Saturated
1.20
4.20
Energy (Cal)
125.57
439.51
Fat
3.20
11.20
Dietary Fibre (total)
1.30
4.55
Trans
0.10
0.35
* Percentage Daily Intakes are based on an average adult diet of 8700 kJ. Your daily intakes may be higher or lower depending on your energy needs.",,https://www.coles.com.au/product/coles-kitchen-chicken-tikka-masala-and-rice-350g-2877523,,,2024-06-17T21:39:54.831147-04:00
"Ind53SColes_ADairy, Eggs & Fridge_SAColes Finest_IColes Finest Filled Gnocchi Mozz Parmi Reggi & Ricotta | 350g",Coles Finest Filled Gnocchi Mozz Parmi Reggi & Ricotta | 350g,Coles,"Dairy, Eggs & Fridge",Coles Finest,meals,,$6.00,,,$1.71 per 100g,3920220,"Light, fluffy Italian gnocchi made with fresh potatoes filled with Italian ricotta, 24 month aged Parmigiano Reggiano and mozzarella cheeses",,,"Per 100g/ml
Per Serving
%DI
Energy
704
1230
14
Protein
5.9
10.3
21
Total Fat
3.45
6.03
9
Saturated Fat
2.30
4.03
17
Carbohydrate
27.1
47.4
15
Sugars
4.09
7.16
8
Sodium
394
690
30
Energy (Cal)
168
295
0
Dietary Fibre (total)
1.98
3.47
12
* Percentage Daily Intakes are based on an average adult diet of 8700 kJ. Your daily intakes may be higher or lower depending on your energy needs.",,https://www.coles.com.au/product/coles-finest-filled-gnocchi-mozz-parmi-reggi-and-ricotta-350g-3920220,,,2024-06-17T21:40:05.796849-04:00
"Ind53SColes_ADairy, Eggs & Fridge_SAReady to eat meals_ILatina Fresh Italian Style Tomato & Garlic Pasta Sauce | 425g",Latina Fresh Italian Style Tomato & Garlic Pasta Sauce | 425g,Latina,"Dairy, Eggs & Fridge",Ready to eat meals,Italian meals & pasta,,$7.50,,,$1.76 per 100g,5233232,"Packed with umami goodness, Latina Fresh Italian Style Tomato & Garlic Pasta Sauce contains no artificial colours or flavours. This delicious blend of tomatoes, onion and olive oil with various herbs and spices makes a perfect topping for all sorts of pasta dishes. Try it in lasagna for a vegetarian-friendly twist.
Pasta sauce made with Australian Tomatoes

Great for lasagne

No artificial colours or flavours

Perfect with any Latina Fresh pasta

Serves four",,,,,https://www.coles.com.au/product/latina-fresh-italian-style-tomato-and-garlic-pasta-sauce-425g-5233232,,,2024-06-17T21:40:14.545966-04:00
"Ind53SColes_ADairy, Eggs & Fridge_SAReady to eat meals_IColes Kitchen Tomato & Basil Soup | 300g",Coles Kitchen Tomato & Basil Soup | 300g,Coles,"Dairy, Eggs & Fridge",Ready to eat meals,Soups & stews,,$4.00,,,$1.33 per 100g,3467469,"From our kitchen to yours, Coles Kitchen offers you great-tasting food that is ready when you are",,,"Per 100g/ml
Per Serving
%DI
Energy
171.90
515.70
Protein
1.40
4.20
Carbohydrate
6.50
19.50
Sugars
3.90
11.70
Sodium
200.00
600.00
Saturated
0.30
0.90
Energy (Cal)
41.12
123.37
Fat
0.80
2.40
Dietary Fibre (total)
1.00
3.00
Trans
0.01
0.03
* Percentage Daily Intakes are based on an average adult diet of 8700 kJ. Your daily intakes may be higher or lower depending on your energy needs.",,https://www.coles.com.au/product/coles-kitchen-tomato-and-basil-soup-300g-3467469,,,2024-06-17T21:40:26.271062-04:00
"Ind53SColes_ADairy, Eggs & Fridge_SAReady to eat meals_IGarlos Curry Beef Pie | 200g",Garlos Curry Beef Pie | 200g,Garlos,"Dairy, Eggs & Fridge",Ready to eat meals,Pies & pastries,,$4.80,,,$2.40 per 100g,7155060,"Garlo's Pies is an Australian owned and operated family business which opened its first pie shop in Maroubra, Sydney 2001. The name Garlo comes from the nickname of father and sons, Terry, Sean and Nathan Garlick. Terry a retired mechanic/wharfie, Sean an ex footballer with the Rabbitohs and Roosters and Nathan a master Pastry Chef and lifetime pie lover.
Heating Instructions
Convection Oven (Preferred)
Preheat oven 175C. Remove from wrapping but leave in foil tray and place on baking tray. If frozen heat for 35-45 mins. If refrigerated heat for 20-25mins
Microwave Oven (800 watt)
A microwave may be used to speed up heating time. Remove from wrapping and foil tray and wrap pie in paper towel. If frozen heat on high for 5 minutes. If refrigerated heat on high for 1 min 30 seconds. To make pastry crispy after microwaving, remove paper towel, return to foil tray and place on baking tray in convention oven for 4 minutes at 200C.",,,,"Filling (65%): Beef 27%, Water, Thickener 1422, Soy Protein, Seasoning (Salt, Sugar, Caramel Colour (e150c), Dehydrated Vegetables (Onion, Garlic), Flavour (635), Hydrolysed Vegetable Protein, Corn Flour, Rice Flour, Spices, Spice Extract), Spices Pastry (35%): Wheat Flour, Margarine (Vegetable Oil, Water, Salt, Emulsifier (471, 472c), Antioxidant (304), Natural Flavour)), Malted Wheat Flour, Whey Powder (Milk, Sugar, Acidity Regulator (262)), Pastry Conditioner, Glaze (Milk Solids, Acidity Regulators (500, 451), Dried Glucose Syrup, Colour (160b))",https://www.coles.com.au/product/garlos-curry-beef-pie-200g-7155060,,,2024-06-17T21:40:35.362222-04:00
"Ind53SColes_ADairy, Eggs & Fridge_SAReady to eat meals_IYoufoodz Chicken Burrito Bowl | 354g",Youfoodz Chicken Burrito Bowl | 354g,Youfoodz,"Dairy, Eggs & Fridge",Ready to eat meals,Other ready meals,,$11.00,Pick any 2 for $16,,$3.11 per 100g,7825345,"Youfoodz' Chicken Burrito Bowl is tender slices of chicken served with a vegetable mix of savoury black beans, capsicum and sweet corn on a bed of coriander rice. Complete with a tangy avocado salsa verde and sour cream to dress to your liking.",,,"Per 100g/ml
Per Serving
%DI
Energy
538 kJ
1900 kJ
Protein
7.2 g
25.4 g
Total Fat
4.4 g
15.7 g
Saturated Fat
1.3 g
4.6 g
Carbohydrate
13.8 g
48.8 g
Sugars
1.9 g
6.7 g
Sodium
411 mg
1450 mg
Energy (Cal)
129 Cal
455 Cal
Dietary Fibre (total)
2 g
7.2 g
* Percentage Daily Intakes are based on an average adult diet of 8700 kJ. Your daily intakes may be higher or lower depending on your energy needs.",,https://www.coles.com.au/product/youfoodz-chicken-burrito-bowl-354g-7825345,,,2024-06-17T21:40:46.509726-04:00
"Ind53SColes_ADairy, Eggs & Fridge_SAReady to eat meals_IColes Kitchen Chicken Pesto Pasta Bake | 350g",Coles Kitchen Chicken Pesto Pasta Bake | 350g,Coles,"Dairy, Eggs & Fridge",Ready to eat meals,Italian meals & pasta,,$8.00,Pick any 2 for $14,,$2.29 per 100g,6009880,From our kitchen to yours So you can experience the food of Italy at home we take durum wheat pasta and match to delicious simmered sauces before finishing with cheese. Food that is full of flavour and ready for you in minutes,,,"Per 100g/ml
Per Serving
%DI
Energy
518.20
1813.70
Protein
8.20
28.70
Total Fat
2.10
7.35
Carbohydrate
15.50
54.25
Sugars
0.20
0.70
Sodium
230.00
805.00
Saturated
0.60
2.10
Energy (Cal)
123.97
433.90
Dietary Fibre (total)
4.70
16.45
Trans
0.10
0.35
* Percentage Daily Intakes are based on an average adult diet of 8700 kJ. Your daily intakes may be higher or lower depending on your energy needs.",,https://www.coles.com.au/product/coles-kitchen-chicken-pesto-pasta-bake-350g-6009880,,,2024-06-17T21:40:58.051966-04:00
"Ind53SColes_ADairy, Eggs & Fridge_SAReady to eat meals_ILatina Fresh Egg Fettuccine Pasta | 375g",Latina Fresh Egg Fettuccine Pasta | 375g,Latina,"Dairy, Eggs & Fridge",Ready to eat meals,Italian meals & pasta,,$6.00,,,$1.60 per 100g,5051790,,,,,,https://www.coles.com.au/product/latina-fresh-egg-fettuccine-pasta-375g-5051790,,,2024-06-17T21:41:07.371734-04:00
"Ind53SColes_ADairy, Eggs & Fridge_SAReady to eat meals_ILatina Dy Pasta Sauce Italian Tomato Garlic | 700g",Latina Dy Pasta Sauce Italian Tomato Garlic | 700g,Latina,"Dairy, Eggs & Fridge",Ready to eat meals,Italian meals & pasta,,$7.50,,,$1.07 per 100g,8999421,"So easy to pair with just about anything, Latina Fresh Italian Tomato & Garlic Pasta Sauce is sure to become a staple in your fridge. It's a rich blend of Australian tomatoes, onion and olive oil, perfectly balanced with a hint of garlic, oregano, basil and black pepper. No artificial colours or flavours.
Italian-style sauce made with Australian Tomatoes

Great for lasagne

No artificial colours or flavours

Perfect with any Latina Fresh pasta

Serves six",,,,,https://www.coles.com.au/product/latina-dy-pasta-sauce-italian-tomato-garlic-700g-8999421,,,2024-06-17T21:41:16.273383-04:00
"Ind53SColes_ADairy, Eggs & Fridge_SA_IStone Baked Pizza Bases Twin pack | 560g",Stone Baked Pizza Bases Twin pack | 560g,Stone Baked,"Dairy, Eggs & Fridge",,,,$4.30,,,$0.77 per 100g,8714656,Made with fresh & quality ingredients. Enjoy convenient and ready to cook Stone Baked Pizza Base.,,,"Per 100g/ml
Per Serving
%DI
Energy
1044kJ
522kJ
Protein
9.5g
4.75g
Total Fat
1.1g
Less than 1g
Saturated Fat
0.3g
Less than 1g
Carbohydrate
49.5g
24.75g
Sugars
1.9g
Less than 1g
Sodium
480mg
240mg
* Percentage Daily Intakes are based on an average adult diet of 8700 kJ. Your daily intakes may be higher or lower depending on your energy needs.",,https://www.coles.com.au/product/stone-baked-pizza-bases-twin-pack-560g-8714656,,,2024-06-17T21:41:27.528732-04:00
"Ind53SColes_ADairy, Eggs & Fridge_SAReady to eat meals_ILatina Protein Pasta Tomato & Mozzarella | 400g",Latina Protein Pasta Tomato & Mozzarella | 400g,Latina,"Dairy, Eggs & Fridge",Ready to eat meals,Italian meals & pasta,,$9.00,,,$2.25 per 100g,7730001,"Delicious Tomato & Mozzarella Ravioli with 30g of protein per serve. Serves two, cooked in 5 minutes.
30g of protein per serve.

Serves two, cooked in 5 minutes.",,,,,https://www.coles.com.au/product/latina-protein-pasta-tomato-and-mozzarella-400g-7730001,,,2024-06-17T21:41:36.282373-04:00
"Ind53SColes_ADairy, Eggs & Fridge_SAReady to eat meals_IColes Plain Fettucine | 300g",Coles Plain Fettucine | 300g,Coles,"Dairy, Eggs & Fridge",Ready to eat meals,Italian meals & pasta,,$4.50,,,$1.50 per 100g,4293501,Coles Brand meals are made with quality ingredients. Enjoy delicious and convenient ready to heat creamy Fettucine.,,,"Per 100g/ml
Per Serving
%DI
Energy
1205.60
1808.40
Protein
12.90
19.35
Carbohydrate
53.20
79.80
Sugars
0.90
1.35
Sodium
7.00
10.50
Saturated
0.40
0.60
Energy (Cal)
288.42
432.63
Fat
1.50
2.25
Dietary Fibre (total)
3.30
4.95
* Percentage Daily Intakes are based on an average adult diet of 8700 kJ. Your daily intakes may be higher or lower depending on your energy needs.",,https://www.coles.com.au/product/coles-plain-fettucine-300g-4293501,,,2024-06-17T21:41:47.324442-04:00
"Ind53SColes_ADairy, Eggs & Fridge_SAReady to eat meals_IColes Beef Ravioli Pasta | 600g",Coles Beef Ravioli Pasta | 600g,Coles,"Dairy, Eggs & Fridge",Ready to eat meals,Italian meals & pasta,,$5.50,,,$0.92 per 100g,2716080,Coles Pasta Beef Ravioli,,,"Per 100g/ml
Per Serving
%DI
Energy
1231.70
1847.55
Protein
12.80
19.20
Total Fat
8.70
13.05
Saturated Fat
2.9
4.4
18
Carbohydrate
39.40
59.10
Sugars
0.90
1.35
Sodium
320.00
480.00
Saturated
3.80
5.70
Energy (Cal)
294.67
442.00
Dietary Fibre (total)
2.80
4.20
Potassium
230.00
345.00
Trans
0.30
0.45
* Percentage Daily Intakes are based on an average adult diet of 8700 kJ. Your daily intakes may be higher or lower depending on your energy needs.",,https://www.coles.com.au/product/coles-beef-ravioli-pasta-600g-2716080,,,2024-06-17T21:41:58.322576-04:00
"Ind53SColes_ADairy, Eggs & Fridge_SAColes Finest_IColes Finest Beef Ragu Fettucine | 400g",Coles Finest Beef Ragu Fettucine | 400g,Coles,"Dairy, Eggs & Fridge",Coles Finest,meals,,$9.50,,,$2.38 per 100g,3771540,"Our meat ragu starts the Italian way with an aromatic soffrito. We add fresh Australian Angus beef, tomatoes, red wine and herbs & spices to create a rich ragu before pairing with durum wheat fettucine and a sprinkling of tangy parmesan to finish. Let us do the hard work for you.",,,"Per 100g/ml
Per Serving
%DI
Energy
675.30
2701.20
Protein
9.60
38.40
Total Fat
6.90
27.60
Carbohydrate
14.40
57.60
Sugars
2.50
10.00
Sodium
240.00
960.00
Saturated
2.80
11.20
Energy (Cal)
161.56
646.22
Dietary Fibre (total)
1.50
6.00
* Percentage Daily Intakes are based on an average adult diet of 8700 kJ. Your daily intakes may be higher or lower depending on your energy needs.",,https://www.coles.com.au/product/coles-finest-beef-ragu-fettucine-400g-3771540,,,2024-06-17T21:42:09.859539-04:00
"Ind53SColes_ADairy, Eggs & Fridge_SAReady to eat meals_IDari's Chicken And Corn Soup | 550g",Dari's Chicken And Corn Soup | 550g,Daris,"Dairy, Eggs & Fridge",Ready to eat meals,Soups & stews,,$5.50,,$6.80,$1.00 per 100g,3756284,"A DARI'S family favourite (especially with the kids!) our Chicken and Corn soup is comfort food that's good for you. Juicy pops of corn, free-range chicken breast, and coconut milk create a nourishing soup of satisfying sweetness and texture. Filling and flavoursome, this soup cures every craving in our house!",,,"Per 100g/ml
Per Serving
%DI
Energy
158
453
Protein
2.8
7
Total Fat
1.3
3.6
Saturated Fat
0.7
1.9
Carbohydrate
3.7
10.2
Sugars
1.3
3.6
Sodium
339
932
Energy (Cal)
38
105
Dietary Fibre (total)
0.7
1.9
Trans
0
0
* Percentage Daily Intakes are based on an average adult diet of 8700 kJ. Your daily intakes may be higher or lower depending on your energy needs.",,https://www.coles.com.au/product/dari's-chicken-and-corn-soup-550g-3756284,,,2024-06-17T21:42:21.561331-04:00
"Ind53SColes_ADairy, Eggs & Fridge_SAReady to eat meals_IColes Kitchen Chipotle Chicken With Rice & Beans | 350g",Coles Kitchen Chipotle Chicken With Rice & Beans | 350g,Coles,"Dairy, Eggs & Fridge",Ready to eat meals,Other ready meals,,$7.50,Pick any 2 for $14,,$2.14 per 100g,7749189,"Australian chicken breast in a smokey tex mex sauce, served with rice & black beans",,,"Per 100g/ml
Per Serving
%DI
Energy
458.70
1605.45
Protein
5.40
18.90
Total Fat
1.80
6.30
Carbohydrate
17.10
59.85
Sugars
1.70
5.95
Sodium
140.00
490.00
Saturated
0.80
2.80
Energy (Cal)
109.74
384.08
Dietary Fibre (total)
1.20
4.20
Trans
0.10
0.35
* Percentage Daily Intakes are based on an average adult diet of 8700 kJ. Your daily intakes may be higher or lower depending on your energy needs.",,https://www.coles.com.au/product/coles-kitchen-chipotle-chicken-with-rice-and-beans-350g-7749189,,,2024-06-17T21:42:32.893673-04:00
"Ind53SColes_ADairy, Eggs & Fridge_SAReady to eat meals_IColes Kitchen Beef Ravioli & Mushroom Sauce | 350g",Coles Kitchen Beef Ravioli & Mushroom Sauce | 350g,Coles,"Dairy, Eggs & Fridge",Ready to eat meals,Italian meals & pasta,,$7.50,Pick any 2 for $14,,$2.14 per 100g,3903389,"Ravioli filled with Australian beef in a rich and creamy mushroom sauce, topped with parmesan",,,"Per 100g/ml
Per Serving
%DI
Energy
797.10
2789.85
Protein
5.10
17.85
Carbohydrate
15.70
54.95
Sugars
1.10
3.85
Sodium
110.00
385.00
Saturated
7.40
25.90
Energy (Cal)
190.69
667.43
Fat
11.10
38.85
Dietary Fibre (total)
4.10
14.35
Trans
0.40
1.40
* Percentage Daily Intakes are based on an average adult diet of 8700 kJ. Your daily intakes may be higher or lower depending on your energy needs.",,https://www.coles.com.au/product/coles-kitchen-beef-ravioli-and-mushroom-sauce-350g-3903389,,,2024-06-17T21:42:43.996555-04:00
"Ind53SColes_ADairy, Eggs & Fridge_SAReady to eat meals_IYoufoodz Fueld Fueld Chicken Carbonara | 426g",Youfoodz Fueld Fueld Chicken Carbonara | 426g,Youfoodz Fueld,"Dairy, Eggs & Fridge",Ready to eat meals,Other ready meals,,$12.00,,,$2.82 per 100g,7825367,"Youfoodz' FUEL'D Chicken Carbonara features al dente fettuccine, tender slices of chicken, ham and mushrooms in a creamy parmesan cheese and garlic sauce. Big in size, big on taste & packed with protein!",,,"Per 100g/ml
Per Serving
%DI
Energy
503 kJ
2140 kJ
Protein
8.8 g
37.3 g
Total Fat
3.5 g
15.1 g
Saturated Fat
2.0 g
8.5 g
Carbohydrate
12.5 g
53.2 g
Sugars
1.2 g
5.2 g
Sodium
432 mg
1840 mg
Energy (Cal)
120 Cal
512 Cal
Dietary Fibre (total)
1.3 g
5.5 g
* Percentage Daily Intakes are based on an average adult diet of 8700 kJ. Your daily intakes may be higher or lower depending on your energy needs.",,https://www.coles.com.au/product/youfoodz-fueld-fueld-chicken-carbonara-426g-7825367,,,2024-06-17T21:42:55.783565-04:00
"Ind53SColes_ADairy, Eggs & Fridge_SAReady to eat meals_IColes Kitchen Family Vegetable Lasagne | 1.2kg",Coles Kitchen Family Vegetable Lasagne | 1.2kg,Coles,"Dairy, Eggs & Fridge",Ready to eat meals,Italian meals & pasta,,$12.50,,,$1.04 per 100g,3992550,From our kitchen to yours...... So you can experience the food of Italy at home we take durum wheat pasta and match to delicious simmered sauces before finishing with cheese.,,,"Per 100g/ml
Per Serving
%DI
Energy
557.90
1673.70
Protein
5.30
15.90
Total Fat
5.50
16.50
Saturated Fat
3.7
11.1
46
Carbohydrate
14.70
44.10
Sugars
3.60
10.80
Saturated
3.70
11.10
Sodium
160.00
480.00
Energy (Cal)
133.47
400.41
Fat
5.50
16.50
Dietary Fibre (total)
1.80
5.40
Trans
0.20
0.60
trans
LESS THAN 1g
LESS THAN 1g
Dietary Fibre
0.1
0.3
* Percentage Daily Intakes are based on an average adult diet of 8700 kJ. Your daily intakes may be higher or lower depending on your energy needs.",,https://www.coles.com.au/product/coles-kitchen-family-vegetable-lasagne-1.2kg-3992550,,,2024-06-17T21:43:07.775553-04:00
"Ind53SColes_ADairy, Eggs & Fridge_SAYoufoodz_IYoufoodz Slow Cooked BBQ Beef And Mash Meal | 326g",Youfoodz Slow Cooked BBQ Beef And Mash Meal | 326g,Youfoodz,"Dairy, Eggs & Fridge",Youfoodz,Ready to eat meal,,$11.00,Pick any 2 for $16,,$3.37 per 100g,3769480,"Our BBQ Beef with Creamy Mash & Carrots is a star staple at Youfoodz. The beef in this meal is incredibly tender since it's been slow-roasted for hours then smothered in a hearty BBQ sauce of onion, carrot, capsicum, celery and garlic. It's made complete with a serve of creamy mashed potatoes and sliced carrot. The best part - for so much flavour, it's incredibly lite at just 282 calories!",,,"Per 100g/ml
Per Serving
%DI
Energy
379 kJ
1240 kJ
Protein
5.3 g
17.3 g
Total Fat
3.1 g
10.0 g
Saturated Fat
1.7 g
5.6 g
Carbohydrate
9.7 g
31.6 g
Sugars
4.0 g
13.0 g
Sodium
479 mg
1560 mg
Energy (Cal)
91 Cal
296 Cal
Dietary Fibre (total)
1.6 g
5.3 g
* Percentage Daily Intakes are based on an average adult diet of 8700 kJ. Your daily intakes may be higher or lower depending on your energy needs.",,https://www.coles.com.au/product/youfoodz-slow-cooked-bbq-beef-and-mash-meal-326g-3769480,,,2024-06-17T21:43:19.253430-04:00
"Ind53SColes_ADairy, Eggs & Fridge_SAReady to eat meals_IColes Kitchen Chicken Noodle Soup | 300g",Coles Kitchen Chicken Noodle Soup | 300g,Coles,"Dairy, Eggs & Fridge",Ready to eat meals,Soups & stews,,$4.00,,,$1.33 per 100g,3467414,"From our kitchen to yours, Coles Kitchen offers you great-tasting food that is ready when you are",,,"Per 100g/ml
Per Serving
%DI
Energy
202.50
607.50
Protein
3.30
9.90
Total Fat
2.20
6.60
Carbohydrate
3.40
10.20
Sugars
0.70
2.10
Sodium
170.00
510.00
Saturated
1.50
4.50
Energy (Cal)
48.44
145.33
Dietary Fibre (total)
0.90
2.70
Trans
0.10
0.30
* Percentage Daily Intakes are based on an average adult diet of 8700 kJ. Your daily intakes may be higher or lower depending on your energy needs.",,https://www.coles.com.au/product/coles-kitchen-chicken-noodle-soup-300g-3467414,,,2024-06-17T21:43:30.173771-04:00
"Ind53SColes_ADairy, Eggs & Fridge_SAReady to eat meals_IGarlos Beef & Mushroom Pie | 200g",Garlos Beef & Mushroom Pie | 200g,Garlos,"Dairy, Eggs & Fridge",Ready to eat meals,Pies & pastries,,$4.30,,$5.40,$2.15 per 100g,7155093,"Garlo's Pies is an Australian owned and operated family business which opened its first pie shop in Maroubra, Sydney 2001. The name Garlo comes from the nickname of father and sons, Terry, Sean and Nathan Garlick. Terry a retired mechanic/wharfie, Sean an ex footballer with the Rabbitohs and Roosters and Nathan a master Pastry Chef and lifetime pie lover.
Heating Instructions
Convection Oven (Preferred)
Preheat oven 175C. Remove from wrapping but leave in foil tray and place on baking tray. If frozen heat for 35-45 mins. If refrigerated heat for 20-25mins
Microwave Oven (800 watt)
A microwave may be used to speed up heating time. Remove from wrapping and foil tray and wrap pie in paper towel. If frozen heat on high for 5 minutes. If refrigerated heat on high for 1 min 30 seconds. To make pastry crispy after microwaving, remove paper towel, return to foil tray and place on baking tray in convention oven for 4 minutes at 200C.",,,,"Filling (65%): Mushrooms 20%, Beef 17%, Water, Soy Protein, Thickener 1422, Seasoning (Salt, Sugar, Caramel Colour (e150c), Dehydrated Vegetables (Onion, Garlic), Flavour (635), Hydrolysed Vegetable Protein, Corn Flour, Rice Flour, Spices, Spice Extract), Mushroom Booster (Salt, Flavour (635), Sugar, Dextrose, Canola Oil, Dehydrated Vegetables (Mushroom & Onion), Yeast Extract, Maize Starch, Rice Flour, Spices), Spice Pastry (35%): Wheat Flour, Margarine (Vegetable Oil, Water, Salt, Emulsifier (471, 472c), Antioxidant (304), Natural Flavour)), Malted Wheat Flour, Whey Powder (Milk, Sugar, Acidity Regulator (262)), Pastry Conditioner, Glaze (Milk Solids, Acidity Regulators (500, 451), Dried Glucose Syrup, Colour (160b))",https://www.coles.com.au/product/garlos-beef-and-mushroom-pie-200g-7155093,,,2024-06-17T21:43:39.429165-04:00
"Ind53SColes_ADairy, Eggs & Fridge_SAReady to eat meals_IColes Chicken Tortellini | 600g",Coles Chicken Tortellini | 600g,Coles,"Dairy, Eggs & Fridge",Ready to eat meals,Italian meals & pasta,,$5.50,,,$0.92 per 100g,3920118,Coles Pasta Chicken Tortellini,,,"Per 100g/ml
Per Serving
%DI
Energy
1055.30
1582.95
Protein
12.60
18.90
Total Fat
4.60
6.90
Carbohydrate
37.30
55.95
Sugars
0.30
0.45
Sodium
260.00
390.00
Saturated
1.90
2.85
Energy (Cal)
252.46
378.70
Dietary Fibre (total)
4.60
6.90
* Percentage Daily Intakes are based on an average adult diet of 8700 kJ. Your daily intakes may be higher or lower depending on your energy needs.",,https://www.coles.com.au/product/coles-chicken-tortellini-600g-3920118,,,2024-06-17T21:43:50.557219-04:00
"Ind53SColes_ADairy, Eggs & Fridge_SAReady to eat meals_IRana Panfry Filled Gnocchi Spinach Mozzarella | 280g",Rana Panfry Filled Gnocchi Spinach Mozzarella | 280g,Rana,"Dairy, Eggs & Fridge",Ready to eat meals,Italian meals & pasta,,$6.00,,,$2.14 per 100g,5547740,"Alone or on the side?
Made with delicious ingredients, our pan-fry filled gnocchi will surprise you with their crispy outside and creamy filling inside.
The crunchy potato cover encloses the generous, creamy filling.
Perfect as a starter dish for easy entertaining or enjoy them as irresistible side dish with family and friends!",,,"Per 100g/ml
Per Serving
%DI
Energy
838kJ
1173kJ
Protein
5.7g
8g
Total Fat
3.8g
5.3g
Saturated Fat
1.6g
2.2g
Carbohydrate
33.6g
47g
Sugars
1.8g
2.5g
Sodium
741mg
1037mg
* Percentage Daily Intakes are based on an average adult diet of 8700 kJ. Your daily intakes may be higher or lower depending on your energy needs.",,https://www.coles.com.au/product/rana-panfry-filled-gnocchi-spinach-mozzarella-280g-5547740,,,2024-06-17T21:44:01.948671-04:00
"Ind53SColes_ADairy, Eggs & Fridge_SAReady to eat meals_IGarlos Lean Beef Pie | 200g",Garlos Lean Beef Pie | 200g,Garlos,"Dairy, Eggs & Fridge",Ready to eat meals,Pies & pastries,,$4.80,,,$2.40 per 100g,7154997,"Garlo's Pies is an Australian owned and operated family business which opened its first pie shop in Maroubra, Sydney 2001. The name Garlo comes from the nickname of father and sons, Terry, Sean and Nathan Garlick. Terry a retired mechanic/wharfie, Sean an ex footballer with the Rabbitohs and Roosters and Nathan a master Pastry Chef and lifetime pie lover.
Heating Instructions
Convection Oven (Preferred)
Preheat oven 175C. Remove from wrapping but leave in foil tray and place on baking tray. If frozen heat for 35-45 mins. If refrigerated heat for 20-25mins
Microwave Oven (800 watt)
A microwave may be used to speed up heating time. Remove from wrapping and foil tray and wrap pie in paper towel. If frozen heat on high for 5 minutes. If refrigerated heat on high for 1 min 30 seconds. To make pastry crispy after microwaving, remove paper towel, return to foil tray and place on baking tray in convention oven for 4 minutes at 200C.",,,,,https://www.coles.com.au/product/garlos-lean-beef-pie-200g-7154997,,,2024-06-17T21:44:10.953719-04:00
"Ind53SColes_ADairy, Eggs & Fridge_SAYoufoodz_IYoufoodz Fueld Portuguese Chicken & Rice | 430g",Youfoodz Fueld Portuguese Chicken & Rice | 430g,Youfoodz,"Dairy, Eggs & Fridge",Youfoodz,Ready to eat meal,,$12.00,,,$2.79 per 100g,4687325,"Full of flavour and packed with protein, our Portugese Chicken & Rice is one meal you're going to want to add to your cart.

The meal features tender slices of chicken rubbed with Portuguese-inspired spices and a generous side of fluffy rice made flavourful with sweet corn kernels and spices like smoked paprika and turmeric. Then, there's the creamy smoked paprika sauce that's to die for.

It takes our chefs approximately two hours to make all the elements of this meal, but for you, it's done in a few minutes.",,,"Per 100g/ml
Per Serving
%DI
Energy
667 kJ
2870 kJ
Protein
10.3 g
44.5 g
Total Fat
4.9 g
21.2 g
Saturated Fat
1.9 g
8.3 g
Carbohydrate
17.7 g
76.0 g
Sugars
3.9 g
16.8 g
Sodium
330 mg
1420 mg
Energy (Cal)
159 Cal
686 Cal
Dietary Fibre (total)
1.1 g
4.7 g
* Percentage Daily Intakes are based on an average adult diet of 8700 kJ. Your daily intakes may be higher or lower depending on your energy needs.",,https://www.coles.com.au/product/youfoodz-fueld-portuguese-chicken-and-rice-430g-4687325,,,2024-06-17T21:44:21.932740-04:00
"Ind53SColes_ADairy, Eggs & Fridge_SAReady to eat meals_IRana Four Cheese Ravioli | 325g",Rana Four Cheese Ravioli | 325g,Rana,"Dairy, Eggs & Fridge",Ready to eat meals,Italian meals & pasta,,$8.00,,,$2.46 per 100g,3091159,"A delicious and generous filling made with selected varieties of cheeses, wrapped in paper thin pasta. Discover the perfect balance between aromatic and sweet flavours.",,,,,https://www.coles.com.au/product/rana-four-cheese-ravioli-325g-3091159,,,2024-06-17T21:44:30.879123-04:00
"Ind53SColes_ADairy, Eggs & Fridge_SAReady to eat meals_IColes Natures Kitchen Vegetable Lasagne | 400g",Coles Natures Kitchen Vegetable Lasagne | 400g,Coles,"Dairy, Eggs & Fridge",Ready to eat meals,Italian meals & pasta,,$7.50,Pick any 2 for $14,,$1.88 per 100g,3467980,"Coles Natures Kitchen Vegetable Lasagne 400g. A Mediterranean style vegan pasta. At Natures Kitchen we believe plant based food does not have to be bland and boring, so were upping the taste in plant based eats. Salty, tangy, spicy, sweet, we offer mouth-watering food, packed with flavour for the modern plant-based eater.",,,"Per 100g/ml
Per Serving
%DI
Energy
298.10
1192.40
Protein
3.00
12.00
Total Fat
1.90
7.60
Carbohydrate
9.60
38.40
Sugars
2.60
10.40
Sodium
150.00
600.00
Saturated
0.30
1.20
Energy (Cal)
71.32
285.26
Dietary Fibre (total)
1.70
6.80
Trans
0.10
0.40
* Percentage Daily Intakes are based on an average adult diet of 8700 kJ. Your daily intakes may be higher or lower depending on your energy needs.",,https://www.coles.com.au/product/coles-natures-kitchen-vegetable-lasagne-400g-3467980,,,2024-06-17T21:44:42.242047-04:00
"Ind53SColes_ADairy, Eggs & Fridge_SAReady to eat meals_IColes Kitchen Tomato Pizza Base | 300g",Coles Kitchen Tomato Pizza Base | 300g,Coles,"Dairy, Eggs & Fridge",Ready to eat meals,Pizzas,,$3.00,,,$1.00 per 100g,6187447,"Kitchen Inspired Creations From our kitchen to yours......A pizzeria experience at home. We've used Australian flour to form a stone baked pizza base with tomato passata, ready for you to add your favourite toppings.",,,"Per 100g/ml
Per Serving
%DI
Energy
980.90
735.68
Protein
7.30
5.48
Total Fat
4.90
3.68
Saturated Fat
0.50
0.38
Carbohydrate
37.10
27.83
Sugars
5.80
4.35
Sodium
410.00
307.50
Energy (Cal)
234.67
176.00
Dietary Fibre (total)
5.60
4.20
Trans
0.01
0.01
* Percentage Daily Intakes are based on an average adult diet of 8700 kJ. Your daily intakes may be higher or lower depending on your energy needs.",,https://www.coles.com.au/product/coles-kitchen-tomato-pizza-base-300g-6187447,,,2024-06-17T21:44:54.419693-04:00
"Ind53SColes_ADairy, Eggs & Fridge_SAReady to eat meals_IColes Kitchen Pesto And Sundried Tomato Gnocchi | 350g",Coles Kitchen Pesto And Sundried Tomato Gnocchi | 350g,Coles,"Dairy, Eggs & Fridge",Ready to eat meals,Italian meals & pasta,,$8.00,Pick any 2 for $14,,$2.29 per 100g,3903458,KITCHEN CREATIONS From our kitchen to yours......Experience the taste of Italy at home.We take pillows of soft gnocchi and match to delicious simmered sauces before finishing with cheese. Food that is full of flavour and ready for you in minutes,,,"Per 100g/ml
Per Serving
%DI
Energy
734.50
2570.75
Protein
5.10
17.85
Total Fat
6.30
22.05
Carbohydrate
23.50
82.25
Sugars
5.50
19.25
Sodium
300.00
1050.00
Saturated
3.90
13.65
Energy (Cal)
175.72
615.01
Dietary Fibre (total)
1.90
6.65
Trans
0.20
0.70
* Percentage Daily Intakes are based on an average adult diet of 8700 kJ. Your daily intakes may be higher or lower depending on your energy needs.",,https://www.coles.com.au/product/coles-kitchen-pesto-and-sundried-tomato-gnocchi-350g-3903458,,,2024-06-17T21:45:05.455897-04:00
"Ind53SColes_ADairy, Eggs & Fridge_SAReady to eat meals_IGarlos Chicken Breast Pie | 200g",Garlos Chicken Breast Pie | 200g,Garlos,"Dairy, Eggs & Fridge",Ready to eat meals,Pies & pastries,,$4.30,,$5.40,$2.15 per 100g,7155480,"Garlo's Pies is an Australian owned and operated family business which opened its first pie shop in Maroubra, Sydney 2001. The name Garlo comes from the nickname of father and sons, Terry, Sean and Nathan Garlick. Terry a retired mechanic/wharfie, Sean an ex footballer with the Rabbitohs and Roosters and Nathan a master Pastry Chef and lifetime pie lover.
Heating Instructions
Convection Oven (Preferred)
Preheat oven 175C. Remove from wrapping but leave in foil tray and place on baking tray. If frozen heat for 35-45 mins. If refrigerated heat for 20-25mins
Microwave Oven (800 watt)
A microwave may be used to speed up heating time. Remove from wrapping and foil tray and wrap pie in paper towel. If frozen heat on high for 5 minutes. If refrigerated heat on high for 1 min 30 seconds. To make pastry crispy after microwaving, remove paper towel, return to foil tray and place on baking tray in convention oven for 4 minutes at 200C.",,,,"Filling (65%): Chicken Breast 50%, Water, Thickener 1422, Chicken Booster (Sugar, Salt, Dextrose, Flavour (635), Corn Flour, Hydrolysed Vegetable Protein, Canola Oil, Spices, Spice Extract), Potato, White Pepper] Pastry (35%): Wheat Flour, Margarine (Vegetable Oil, Water, Salt, Emulsifier (471, 472c), Antioxidant (304), Natural Flavour)), Malted Wheat Flour, Whey Powder (Milk, Sugar, Acidity Regulator (262)), Pastry Conditioner, Glaze (Milk Solids, Acidity Regulators (500, 451), Dried Glucose Syrup, Colour (160b))",https://www.coles.com.au/product/garlos-chicken-breast-pie-200g-7155480,,,2024-06-17T21:45:14.542023-04:00
"Ind53SColes_ADairy, Eggs & Fridge_SAReady to eat meals_IColes Kitchen Chicken Korma And Rice | 350g",Coles Kitchen Chicken Korma And Rice | 350g,Coles,"Dairy, Eggs & Fridge",Ready to eat meals,Indian food & meals,,$8.00,Pick any 2 for $14,,$2.29 per 100g,3771368,"Australian marinated chicken breast in a mildly spiced coconut, cream and yoghurt sauce, served with basmati rice",,,"Per 100g/ml
Per Serving
%DI
Energy
708.10
2478.35
Protein
9.40
32.90
Carbohydrate
18.10
63.35
Sugars
0.30
1.05
Sodium
150.00
525.00
Saturated
3.00
10.50
Energy (Cal)
169.40
592.91
Fat
6.20
21.70
Dietary Fibre (total)
1.40
4.90
Trans
0.10
0.35
* Percentage Daily Intakes are based on an average adult diet of 8700 kJ. Your daily intakes may be higher or lower depending on your energy needs.",,https://www.coles.com.au/product/coles-kitchen-chicken-korma-and-rice-350g-3771368,,,2024-06-17T21:45:25.373894-04:00
"Ind53SColes_ADairy, Eggs & Fridge_SAReady to eat meals_IColes Nature's Kitchen Minestrone Soup | 300g",Coles Nature's Kitchen Minestrone Soup | 300g,Coles,"Dairy, Eggs & Fridge",Ready to eat meals,Soups & stews,,$4.00,,,$1.33 per 100g,4215836,Coles Brand meals are made with quality ingredients. Enjoy delicious and convenient ready to heat Minestrone Soup.,,,"Per 100g/ml
Per Serving
%DI
Energy
181.00
543.00
Protein
1.10
3.30
Carbohydrate
5.20
15.60
Sugars
2.40
7.20
Sodium
180.00
540.00
Saturated
0.10
0.30
Energy (Cal)
43.30
129.90
Fat
1.50
4.50
Dietary Fibre (total)
2.30
6.90
Trans
0.09
0.27
* Percentage Daily Intakes are based on an average adult diet of 8700 kJ. Your daily intakes may be higher or lower depending on your energy needs.",,https://www.coles.com.au/product/coles-nature's-kitchen-minestrone-soup-300g-4215836,,,2024-06-17T21:45:36.588881-04:00
"Ind53SColes_ADairy, Eggs & Fridge_SAReady to eat meals_IColes Kitchen Smokey Tomato & Cannellini Bean Soup | 550g",Coles Kitchen Smokey Tomato & Cannellini Bean Soup | 550g,Coles,"Dairy, Eggs & Fridge",Ready to eat meals,Soups & stews,,$5.50,,,$1.00 per 100g,7750315,Rich & Warming,,,"Per 100g/ml
Per Serving
%DI
Energy
164.40
452.10
Protein
1.20
3.30
Total Fat
0.30
0.83
Carbohydrate
7.30
20.08
Sugars
1.80
4.95
Sodium
220.00
605.00
Saturated
0.10
0.28
Energy (Cal)
39.33
108.16
Dietary Fibre (total)
1.10
3.03
Trans
0.10
0.28
* Percentage Daily Intakes are based on an average adult diet of 8700 kJ. Your daily intakes may be higher or lower depending on your energy needs.",,https://www.coles.com.au/product/coles-kitchen-smokey-tomato-and-cannellini-bean-soup-550g-7750315,,,2024-06-17T21:45:47.776346-04:00
"Ind53SColes_ADairy, Eggs & Fridge_SAReady to eat meals_ILatina Fresh Roast Chicken & Garlic Ravioli Pasta | 625g",Latina Fresh Roast Chicken & Garlic Ravioli Pasta | 625g,Latina,"Dairy, Eggs & Fridge",Ready to eat meals,Italian meals & pasta,,$11.00,,,$1.76 per 100g,7294409,"This 5-minute Latina Fresh Classic Roast Chicken & Garlic Ravioli Pasta makes the perfect easy family dinner, combined with your favourite Latina Carbonara pasta sauce. A good source of protein and fibre, it also contains no artificial colours or flavours. Combine with shredded red cabbage and carrots for a tasty twist on traditional coleslaw.
Ravioli made with Australian Chicken

Good source of protein

Good source of fibre

No artificial colours or flavours

Serves four",,,,"Durum Wheat Semolina, Water, Breadcrumbs (Wheat Flour, Yeast, Sugar, Salt, Wheat Gluten), Roast Chicken (10%), Onion (5%), Butter (Milk), Egg, Salt, Canola Oil, Garlic (1%), Flavour, Wheat Fibre, Black Pepper (0.05%). Pasta wrapped around a Roast Chicken and Garlic filling.",https://www.coles.com.au/product/latina-fresh-roast-chicken-and-garlic-ravioli-pasta-625g-7294409,,,2024-06-17T21:45:56.739689-04:00
"Ind53SColes_ADairy, Eggs & Fridge_SAReady to eat meals_ILatina Fresh Kids Mini Ravioli Pasta Cheese & Vegetable | 200g",Latina Fresh Kids Mini Ravioli Pasta Cheese & Vegetable | 200g,Latina,"Dairy, Eggs & Fridge",Ready to eat meals,Italian meals & pasta,,$6.00,Pick any 2 for $9,,$3.00 per 100g,6393926,,,,,,https://www.coles.com.au/product/latina-fresh-kids-mini-ravioli-pasta-cheese-and-vegetable-200g-6393926,,,2024-06-17T21:46:05.915423-04:00
"Ind53SColes_ADairy, Eggs & Fridge_SAReady to eat meals_IColes Kitchen Thai Pumpkin Soup | 550g",Coles Kitchen Thai Pumpkin Soup | 550g,Coles,"Dairy, Eggs & Fridge",Ready to eat meals,Soups & stews,,$5.50,,,$1.00 per 100g,7750326,Smooth & Fragrant,,,"Per 100g/ml
Per Serving
%DI
Energy
124.10
341.28
Protein
0.30
0.83
Total Fat
0.80
2.20
Carbohydrate
4.60
12.65
Sugars
2.70
7.43
Sodium
200.00
550.00
Saturated
0.80
2.20
Energy (Cal)
29.69
81.64
Dietary Fibre (total)
1.40
3.85
Trans
0.10
0.28
* Percentage Daily Intakes are based on an average adult diet of 8700 kJ. Your daily intakes may be higher or lower depending on your energy needs.",,https://www.coles.com.au/product/coles-kitchen-thai-pumpkin-soup-550g-7750326,,,2024-06-17T21:46:17.352101-04:00
"Ind53SColes_ADairy, Eggs & Fridge_SAReady to eat meals_ISupreme Plain Roti 4 pack | 500g",Supreme Plain Roti 4 pack | 500g,Supreme,"Dairy, Eggs & Fridge",Ready to eat meals,Thai meals,,$7.60,,,$1.52 per 100g,8227892,"The roti bread is a traditional style of thinly-layered Indian bread. It can be prepared sweet, like a crepe, or can be enjoyed with curries and dips. Fully cooked and full of flavour, it's never been simpler to have authentic, hand-made Indian bread. Lightly heat on a frying pan on a low heat or zap in the microwave for about 20 seconds for a taste sensation.",,,"Per 100g/ml
Per Serving
%DI
Energy
1110kJ
1388kJ
Protein
7g
8.8g
Total Fat
5.5g
6.9g
Saturated Fat
1.2g
1.5g
Carbohydrate
44.4g
55.5g
Sugars
2.5g
3.1g
Sodium
480mg
600mg
Dietary Fibre (total)
3.8g
4.8g
* Percentage Daily Intakes are based on an average adult diet of 8700 kJ. Your daily intakes may be higher or lower depending on your energy needs.",,https://www.coles.com.au/product/supreme-plain-roti-4-pack-500g-8227892,,,2024-06-17T21:46:29.138057-04:00
"Ind53SColes_ADairy, Eggs & Fridge_SAReady to eat meals_ILatina Fresh Kids Mini Ravioli Pasta Beef & Vegetable | 200g",Latina Fresh Kids Mini Ravioli Pasta Beef & Vegetable | 200g,Latina,"Dairy, Eggs & Fridge",Ready to eat meals,Italian meals & pasta,,$6.00,Pick any 2 for $9,,$3.00 per 100g,6393915,,,,,,https://www.coles.com.au/product/latina-fresh-kids-mini-ravioli-pasta-beef-and-vegetable-200g-6393915,,,2024-06-17T21:46:38.322909-04:00
"Ind53SColes_ADairy, Eggs & Fridge_SAReady to eat meals_IDari's FOTW Asian Chicken Soup | 550g",Dari's FOTW Asian Chicken Soup | 550g,Daris,"Dairy, Eggs & Fridge",Ready to eat meals,Soups & stews,,$8.20,,,$1.49 per 100g,7830913,"Free-range shredded chicken in a thick, velvety, coconut broth, loaded with fresh vegetables - is there anything more satisfying? We've added a little chilli, lime juice, ginger, fresh herbs, and spices to cut through the creaminess, and delicious noodles to make it extra filling.
 ",,,"Per 100g/ml
Per Serving
%DI
Energy
171
470
Protein
3.5
9.6
Total Fat
1.0
2.8
Saturated Fat
0.8
2.2
Carbohydrate
4.4
12.1
Sugars
0.9
2.5
Sodium
422
1160
Energy (Cal)
41
112
Dietary Fibre (total)
0.4
1.1
Trans
0.0
0.0
* Percentage Daily Intakes are based on an average adult diet of 8700 kJ. Your daily intakes may be higher or lower depending on your energy needs.",,https://www.coles.com.au/product/dari's-fotw-asian-chicken-soup-550g-7830913,,,2024-06-17T21:46:49.691147-04:00
"Ind53SColes_ADairy, Eggs & Fridge_SAReady to eat meals_IColes Perform Build Chicken Stroganoff | 420g",Coles Perform Build Chicken Stroganoff | 420g,Coles,"Dairy, Eggs & Fridge",Ready to eat meals,Other ready meals,,$10.00,Pick any 2 for $18,,$2.38 per 100g,5070965,"Coles PerForm Chicken Stroganoff using chargrilled chicken pieces and a rich, creamy mushroom sauce. Served with spinach, feta and peas. With up to 44.5g protein per meal, this is perfect as a fast, nourishing protein-rich meal to complement your exercise, diet or lifestyle goals.",,,"Per 100g/ml
Per Serving
%DI
Energy
442.60
1858.92
Protein
10.60
44.52
Total Fat
2.00
8.40
Saturated Fat
1.0
4.2
18
Carbohydrate
10.00
42.00
Sugars
0.80
3.36
Saturated
1.00
4.20
Sodium
130.00
546.00
Energy (Cal)
105.89
444.72
Fat
2.00
8.40
Dietary Fibre (total)
2.30
9.66
Trans
0.10
0.42
trans
LESS THAN 1g
LESS THAN 1g
* Percentage Daily Intakes are based on an average adult diet of 8700 kJ. Your daily intakes may be higher or lower depending on your energy needs.",,https://www.coles.com.au/product/coles-perform-build-chicken-stroganoff-420g-5070965,,,2024-06-17T21:47:00.696217-04:00
"Ind53SColes_ADairy, Eggs & Fridge_SAReady to eat meals_IGrand Italian Potato Gnocchi | 500g",Grand Italian Potato Gnocchi | 500g,Grand Italian,"Dairy, Eggs & Fridge",Ready to eat meals,Italian meals & pasta,,$6.00,,,$1.20 per 100g,3776882,"Our Grand Italian range of gnocchi are specially made with steamed fresh potato to create fluffy pillows of delicious goodness! The range offers a variety of natural and traditional Italian flavours.  No preservatives or artificials, made with natural or fresh ingredients locally sourced, give the Grand Italian Gnocchi range its hand-made taste experience.
Made with steamed fresh potato!",,,"Per 100g/ml
Per Serving
%DI
Energy
552kJ
690kJ
8%
Protein
4.7g
5.9g
12%
Total Fat
0.6g
0.8g
1%
Saturated Fat
0.1g
0.1g
<1%
Carbohydrate
25.4g
31.8g
10%
Sugars
3.0g
3.8g
4%
Sodium
165mg
206mg
9%
Energy (Cal)
132Cal
165Cal
8%
Dietary Fibre (total)
2.3g
2.9g
10%
* Percentage Daily Intakes are based on an average adult diet of 8700 kJ. Your daily intakes may be higher or lower depending on your energy needs.",,https://www.coles.com.au/product/grand-italian-potato-gnocchi-500g-3776882,,,2024-06-17T21:47:11.738574-04:00
"Ind53SColes_ADairy, Eggs & Fridge_SAReady to eat meals_ILatina Gluten Free Tagliatelle | 280g",Latina Gluten Free Tagliatelle | 280g,Latina,"Dairy, Eggs & Fridge",Ready to eat meals,Italian meals & pasta,,$8.75,Pick any 2 for $13,,$3.13 per 100g,5153202,,,,,,https://www.coles.com.au/product/latina-gluten-free-tagliatelle-280g-5153202,,,2024-06-17T21:47:20.601854-04:00
"Ind53SColes_ADairy, Eggs & Fridge_SAReady to eat meals_IColes Kitchen Chicken Leek Pie | 350g",Coles Kitchen Chicken Leek Pie | 350g,Coles,"Dairy, Eggs & Fridge",Ready to eat meals,Other ready meals,,$8.00,Pick any 2 for $14,,$2.29 per 100g,5587111,"From our kitchen to yours...... Our Classic meals use carefully selected Australian meat, vegetables, herbs and spices to give you home-style comfort food full of flavour and ready for you in minutes.",,,"Per 100g/ml
Per Serving
%DI
Energy
483.40
1691.90
Protein
8.00
28.00
Total Fat
5.10
17.85
Carbohydrate
9.10
31.85
Sugars
0.50
1.75
Sodium
200.00
700.00
Saturated
3.20
11.20
Energy (Cal)
115.65
404.76
Dietary Fibre (total)
0.50
1.75
Trans
0.20
0.70
* Percentage Daily Intakes are based on an average adult diet of 8700 kJ. Your daily intakes may be higher or lower depending on your energy needs.",,https://www.coles.com.au/product/coles-kitchen-chicken-leek-pie-350g-5587111,,,2024-06-17T21:47:33.671348-04:00
"Ind53SColes_ADairy, Eggs & Fridge_SAReady to eat meals_IColes Kitchen Beef Ragu Lasagne | 350g",Coles Kitchen Beef Ragu Lasagne | 350g,Coles,"Dairy, Eggs & Fridge",Ready to eat meals,Italian meals & pasta,,$8.00,Pick any 2 for $14,,$2.29 per 100g,5587100,,,,,,https://www.coles.com.au/product/coles-kitchen-beef-ragu-lasagne-350g-5587100,,,2024-06-17T21:47:42.688756-04:00
"Ind53SColes_ADairy, Eggs & Fridge_SAReady to eat meals_IReady Chef Pork & Beef Lasagne | 1.9kg",Ready Chef Pork & Beef Lasagne | 1.9kg,Ready Chef,"Dairy, Eggs & Fridge",Ready to eat meals,Italian meals & pasta,,$16.00,,,$0.84 per 100g,5071345,"Ready Chef Heat 'N' Eat Pork & Beef Lasagne Family Size Bake is an authentic homestyle pork & beef ragu, generously layered on delicious pasta and topped with bechamel sauce. Serves 6. Oven 55 mins.",,,"Per 100g/ml
Per Serving
%DI
Energy
577kJ
1830kJ
21%
Protein
5.1g
16.2g
32%
Total Fat
5.5g
17.3g
25%
Saturated Fat
2.8g
9.0g
38%
Carbohydrate
16.4g
52.0g
17%
Sugars
3.6g
11.6g
13%
Sodium
199mg
630mg
27%
Monounsaturated
>1
>1
>1
Energy (Cal)
>1
>1
>1
Dietary Fibre (total)
1.1g
3.6g
12%
Polyunsaturated
>1
>1
>1
Trans
>1
>1
>1
* Percentage Daily Intakes are based on an average adult diet of 8700 kJ. Your daily intakes may be higher or lower depending on your energy needs.",,https://www.coles.com.au/product/ready-chef-pork-and-beef-lasagne-1.9kg-5071345,,,2024-06-17T21:47:54.654454-04:00
"Ind53SColes_ADairy, Eggs & Fridge_SAReady to eat meals_IColes Kitchen Butternut Pumpkin Soup | 300g",Coles Kitchen Butternut Pumpkin Soup | 300g,Coles,"Dairy, Eggs & Fridge",Ready to eat meals,Soups & stews,,$4.00,,,$1.33 per 100g,3467447,"From our kitchen to yours, Coles Kitchen offers you great-tasting food that is ready when you are",,,"Per 100g/ml
Per Serving
%DI
Energy
279.20
837.60
Protein
0.60
1.80
Total Fat
4.30
12.90
Carbohydrate
5.10
15.30
Sugars
3.80
11.40
Sodium
130.00
390.00
Saturated
2.20
6.60
Energy (Cal)
66.79
200.38
Dietary Fibre (total)
2.90
8.70
Trans
0.10
0.30
* Percentage Daily Intakes are based on an average adult diet of 8700 kJ. Your daily intakes may be higher or lower depending on your energy needs.",,https://www.coles.com.au/product/coles-kitchen-butternut-pumpkin-soup-300g-3467447,,,2024-06-17T21:48:05.911173-04:00
"Ind53SColes_ADairy, Eggs & Fridge_SAColes Finest_IColes Finest Filled Pasta Pumpkin | 350g",Coles Finest Filled Pasta Pumpkin | 350g,Coles,"Dairy, Eggs & Fridge",Coles Finest,meals,,$6.50,,,$1.86 per 100g,3166145,"Thin, delicate pasta filled with sweet pumpkin, ricotta, mascarpone and Grana Padano,",,,"Per 100g/ml
Per Serving
%DI
Protein
8.5
14.88
30
Total Fat
4.3
7.53
11
Saturated Fat
3.0
5.3
22
Sodium
54
94.5
4
Trans
0.1
0.18
Dietary Fibre
5.4
9.45
* Percentage Daily Intakes are based on an average adult diet of 8700 kJ. Your daily intakes may be higher or lower depending on your energy needs.",,https://www.coles.com.au/product/coles-finest-filled-pasta-pumpkin-350g-3166145,,,2024-06-17T21:48:16.808891-04:00
"Ind53SColes_ADairy, Eggs & Fridge_SAReady to eat meals_IPitango Organic Soup Pumpkin & Ginger | 600g",Pitango Organic Soup Pumpkin & Ginger | 600g,Pitango,"Dairy, Eggs & Fridge",Ready to eat meals,Soups & stews,,$5.75,,$7.25,$0.96 per 100g,4207190,"True food for us means only using carefully selected natural ingredients with no preservatives, artificial colours, flavours or added sugar. 

Organic pumpkin crammed with potatoes, carrots & onion. 
A splash of cream. With a zing of ginger & a hint of spice. 

Grown in NZ
Peeled by hand. ",,,"Per 100g/ml
Per Serving
%DI
Energy
310kJ
931kJ
11%
Protein
1.7g
5.1g
10%
Total Fat
4.7g
14.2g
20%
Saturated Fat
2.8g
8.5g
35%
Carbohydrate
5.7g
17.1g
6%
Sugars
2.9g
9.0g
10%
Sodium
220mg
660mg
29%
Monounsaturated
>1
>1
>1
Energy (Cal)
74Cal
224Cal
>1
Dietary Fibre (total)
1.1g
3.3g
11%
Polyunsaturated
>1
>1
>1
Gluten
0.0g
0.0g
>1
Trans
>1
>1
>1
* Percentage Daily Intakes are based on an average adult diet of 8700 kJ. Your daily intakes may be higher or lower depending on your energy needs.",,https://www.coles.com.au/product/pitango-organic-soup-pumpkin-and-ginger-600g-4207190,,,2024-06-17T21:48:28.225597-04:00
"Ind53SColes_ADairy, Eggs & Fridge_SAReady to eat meals_IColes Kitchen Broccoli Cauliflower & Parmesan Soup | 300g",Coles Kitchen Broccoli Cauliflower & Parmesan Soup | 300g,Coles,"Dairy, Eggs & Fridge",Ready to eat meals,Soups & stews,,$4.00,,,$1.33 per 100g,3766798,"From our kitchen to yours, Coles Kitchen offers you great-tasting food that is ready when you are",,,"Per 100g/ml
Per Serving
%DI
Energy
231.70
695.10
Protein
1.30
3.90
Total Fat
3.30
9.90
Carbohydrate
5.10
15.30
Sugars
1.20
3.60
Sodium
180.00
540.00
Saturated
1.30
3.90
Energy (Cal)
55.43
166.29
Dietary Fibre (total)
0.10
0.30
Trans
0.10
0.30
* Percentage Daily Intakes are based on an average adult diet of 8700 kJ. Your daily intakes may be higher or lower depending on your energy needs.",,https://www.coles.com.au/product/coles-kitchen-broccoli-cauliflower-and-parmesan-soup-300g-3766798,,,2024-06-17T21:48:39.460198-04:00
"Ind53SColes_ADairy, Eggs & Fridge_SAReady to eat meals_IColes Perform Mexican Style Beef & Bean Soup | 400g",Coles Perform Mexican Style Beef & Bean Soup | 400g,Coles,"Dairy, Eggs & Fridge",Ready to eat meals,Soups & stews,,$5.00,,,$1.25 per 100g,5071028,"Coles PerForm Mexican Beef and Bean Soup contains chunky beef, vegetables, red kidney and black beans in a mildly-spiced smokey-chipotle chilli broth. With up to 29g protein per meal, this is perfect as a fast, nourishing protein-rich soup to complement your exercise, diet or lifestyle goals.",,,"Per 100g/ml
Per Serving
%DI
Energy
368.70
1474.80
Protein
7.30
29.20
Carbohydrate
7.30
29.20
Sugars
2.30
9.20
Sodium
170.00
680.00
Saturated
0.60
2.40
Energy (Cal)
88.21
352.82
Fat
2.50
10.00
Dietary Fibre (total)
3.50
14.00
Trans
0.10
0.40
* Percentage Daily Intakes are based on an average adult diet of 8700 kJ. Your daily intakes may be higher or lower depending on your energy needs.",,https://www.coles.com.au/product/coles-perform-mexican-style-beef-and-bean-soup-400g-5071028,,,2024-06-17T21:48:50.888862-04:00
"Ind53SColes_ADairy, Eggs & Fridge_SAReady to eat meals_IColes Meals Macaroni Cheese Bake | 350g",Coles Meals Macaroni Cheese Bake | 350g,Coles,"Dairy, Eggs & Fridge",Ready to eat meals,Italian meals & pasta,,$5.00,,,$1.43 per 100g,3166076,"Creamy cheddar, mozzarella and parmesan cheese sauce with macaroni pasta.",,,"Per 100g/ml
Per Serving
%DI
Energy
604.40
2115.40
Protein
4.60
16.10
Total Fat
6.20
21.70
Carbohydrate
16.80
58.80
Sugars
0.60
2.10
Sodium
260.00
910.00
Saturated
3.80
13.30
Energy (Cal)
144.59
506.08
Dietary Fibre (total)
1.40
4.90
Trans
0.30
1.05
* Percentage Daily Intakes are based on an average adult diet of 8700 kJ. Your daily intakes may be higher or lower depending on your energy needs.",,https://www.coles.com.au/product/coles-meals-macaroni-cheese-bake-350g-3166076,,,2024-06-17T21:49:02.638921-04:00
"Ind53SColes_ADairy, Eggs & Fridge_SAReady to eat meals_IColes Kitchen Chicken & Corn Soup | 300g",Coles Kitchen Chicken & Corn Soup | 300g,Coles,"Dairy, Eggs & Fridge",Ready to eat meals,Soups & stews,,$4.00,,,$1.33 per 100g,3467403,"From our kitchen to yours, Coles Kitchen offers you great-tasting food that is ready when you are",,,"Per 100g/ml
Per Serving
%DI
Energy
258.80
776.40
Protein
5.80
17.40
Total Fat
2.20
6.60
Carbohydrate
3.60
10.80
Sugars
1.60
4.80
Sodium
200.00
600.00
Saturated
0.40
1.20
Energy (Cal)
61.91
185.74
Dietary Fibre (total)
2.20
6.60
Trans
0.10
0.30
* Percentage Daily Intakes are based on an average adult diet of 8700 kJ. Your daily intakes may be higher or lower depending on your energy needs.",,https://www.coles.com.au/product/coles-kitchen-chicken-and-corn-soup-300g-3467403,,,2024-06-17T21:49:13.732402-04:00
"Ind53SColes_ADairy, Eggs & Fridge_SAReady to eat meals_IColes Kitchen Thai Green Chicken Curry & Rice | 350g",Coles Kitchen Thai Green Chicken Curry & Rice | 350g,Coles,"Dairy, Eggs & Fridge",Ready to eat meals,Thai meals,,$7.50,Pick any 2 for $14,,$2.14 per 100g,2875110,"Australian chicken breast in an aromatic green curry sauce with green capsicum and kaffir lime, served with jasmine rice",,,"Per 100g/ml
Per Serving
%DI
Energy
632.60
2214.10
Protein
10.20
35.70
Total Fat
4.90
17.15
Carbohydrate
16.30
57.05
Sugars
2.30
8.05
Sodium
180.00
630.00
Saturated
2.80
9.80
Energy (Cal)
151.34
529.69
Fat
4.90
17.15
Dietary Fibre (total)
0.10
0.35
Trans
0.10
0.35
* Percentage Daily Intakes are based on an average adult diet of 8700 kJ. Your daily intakes may be higher or lower depending on your energy needs.",,https://www.coles.com.au/product/coles-kitchen-thai-green-chicken-curry-and-rice-350g-2875110,,,2024-06-17T21:49:24.903210-04:00
"Ind53SColes_ADairy, Eggs & Fridge_SAYoufoodz_IYoufoodz Creamy Coconut Chicken With Fried Shallots | 338g",Youfoodz Creamy Coconut Chicken With Fried Shallots | 338g,Youfoodz,"Dairy, Eggs & Fridge",Youfoodz,Ready to eat meal,,$11.00,Pick any 2 for $16,,$3.25 per 100g,7078582,"Inspired by flavours of South East Asia, Youfoodz' Creamy Coconut Chicken is a mildly spiced curry of succulent sliced chicken bathed in a fragrant coconut sauce of ginger, lemongrass and turmeric. Served with a generous side of fluffy rice and sachet of fried shallots for added crunch.",,,"Per 100g/ml
Per Serving
%DI
Energy
548 kJ
1850 kJ
Protein
8.0 g
27.1 g
Total Fat
3.4 g
11.4 g
Saturated Fat
2.1 g
7.2 g
Carbohydrate
16.4 g
55.4 g
Sugars
1.8 g
6.0 g
Sodium
317 mg
1070 mg
Energy (Cal)
131 Cal
443 Cal
Dietary Fibre (total)
1.0 g
3.4 g
* Percentage Daily Intakes are based on an average adult diet of 8700 kJ. Your daily intakes may be higher or lower depending on your energy needs.",,https://www.coles.com.au/product/youfoodz-creamy-coconut-chicken-with-fried-shallots-338g-7078582,,,2024-06-17T21:49:35.753273-04:00
"Ind53SColes_ADairy, Eggs & Fridge_SAReady to eat meals_IColes Kitchen Chicken & Vegetable Soup | 300g",Coles Kitchen Chicken & Vegetable Soup | 300g,Coles,"Dairy, Eggs & Fridge",Ready to eat meals,Soups & stews,,$4.00,,,$1.33 per 100g,4215847,"From our kitchen to yours, Coles Kitchen offers you great-tasting food that is ready when you are",,,"Per 100g/ml
Per Serving
%DI
Energy
155.80
467.40
Protein
3.60
10.80
Total Fat
0.40
1.20
Carbohydrate
3.80
11.40
Sugars
1.00
3.00
Sodium
140.00
420.00
Saturated
0.10
0.30
Energy (Cal)
37.27
111.82
Dietary Fibre (total)
1.90
5.70
Trans
0.10
0.30
* Percentage Daily Intakes are based on an average adult diet of 8700 kJ. Your daily intakes may be higher or lower depending on your energy needs.",,https://www.coles.com.au/product/coles-kitchen-chicken-and-vegetable-soup-300g-4215847,,,2024-06-17T21:49:47.685139-04:00
"Ind53SColes_ADairy, Eggs & Fridge_SAReady to eat meals_IColes Pappardelle | 300g",Coles Pappardelle | 300g,Coles,"Dairy, Eggs & Fridge",Ready to eat meals,Italian meals & pasta,,$4.50,,,$1.50 per 100g,3360024,Coles Brand meals are made with quality ingredients. Enjoy delicious and convenient ready to heat Pappardelle.,,,"Per 100g/ml
Per Serving
%DI
Energy
1205.60
1808.40
Protein
12.90
19.35
Total Fat
1.50
2.25
Carbohydrate
53.20
79.80
Sugars
0.90
1.35
Sodium
7.00
10.50
Saturated
0.40
0.60
Energy (Cal)
288.42
432.63
Dietary Fibre (total)
3.30
4.95
* Percentage Daily Intakes are based on an average adult diet of 8700 kJ. Your daily intakes may be higher or lower depending on your energy needs.",,https://www.coles.com.au/product/coles-pappardelle-300g-3360024,,,2024-06-17T21:49:58.707433-04:00
"Ind53SColes_ADairy, Eggs & Fridge_SAReady to eat meals_IColes Kitchen Butter Chicken | 350g",Coles Kitchen Butter Chicken | 350g,Coles,"Dairy, Eggs & Fridge",Ready to eat meals,Indian food & meals,,$8.00,Pick any 2 for $14,,$2.29 per 100g,7156915,"From our kitchen to yours, Coles Kitchen offers you great-tasting food that is ready when you are",,,"Per 100g/ml
Per Serving
%DI
Energy
593.10
2075.85
Protein
14.80
51.80
Carbohydrate
7.20
25.20
Sugars
4.20
14.70
Sodium
150.00
525.00
Saturated
3.50
12.25
Energy (Cal)
141.89
496.61
Fat
5.90
20.65
Dietary Fibre (total)
0.10
0.35
Trans
0.20
0.70
* Percentage Daily Intakes are based on an average adult diet of 8700 kJ. Your daily intakes may be higher or lower depending on your energy needs.",,https://www.coles.com.au/product/coles-kitchen-butter-chicken-350g-7156915,,,2024-06-17T21:50:10.284592-04:00
"Ind53SColes_ADairy, Eggs & Fridge_SAReady to eat meals_ILatina Tomato & Bacon Pasta Sauce | 425g",Latina Tomato & Bacon Pasta Sauce | 425g,Latina,"Dairy, Eggs & Fridge",Ready to eat meals,Italian meals & pasta,,$7.50,,,$1.76 per 100g,7730045,,,,,,https://www.coles.com.au/product/latina-tomato-and-bacon-pasta-sauce-425g-7730045,,,2024-06-17T21:50:19.472804-04:00
"Ind53SColes_ADairy, Eggs & Fridge_SAReady to eat meals_IColes Pasta Tortellini Veal | 600g",Coles Pasta Tortellini Veal | 600g,Coles,"Dairy, Eggs & Fridge",Ready to eat meals,Italian meals & pasta,,$5.50,,,$0.92 per 100g,2714289,Coles Veal Tortellini,,,"Per 100g/ml
Per Serving
%DI
Energy
1170
1760
20
Protein
12.4
18.6
37
Total Fat
7.3
11.0
16
Saturated Fat
1.2
1.8
8
Carbohydrate
39.5
59.3
19
Sugars
1.30
1.95
Sodium
258
387
17
Saturated
2.60
3.90
Energy (Cal)
281
421
Dietary Fibre (total)
3.20
4.80
Trans
0.20
0.30
* Percentage Daily Intakes are based on an average adult diet of 8700 kJ. Your daily intakes may be higher or lower depending on your energy needs.",,https://www.coles.com.au/product/coles-pasta-tortellini-veal-600g-2714289,,,2024-06-17T21:50:30.834103-04:00
"Ind53SColes_ADairy, Eggs & Fridge_SADairy, chilled & frozen_IColes Kitchen Scalloped Potato | 350g",Coles Kitchen Scalloped Potato | 350g,Coles,"Dairy, Eggs & Fridge","Dairy, chilled & frozen",Ready made meals,,$6.00,,,"$1.71 per 100g
Was $7.50 on Jun 2024",3771142,Sliced potatoes in a creamy garlic sauce,,,"Per 100g/ml
Per Serving
%DI
Energy
474.60
830.55
Protein
3.20
5.60
Total Fat
4.90
8.58
Saturated Fat
3.5
6.1
25
Carbohydrate
13.30
23.28
Sugars
4.10
7.18
Sodium
260.00
455.00
Energy (Cal)
113.54
198.70
Dietary Fibre (total)
1.60
2.80
Trans
0.20
0.35
* Percentage Daily Intakes are based on an average adult diet of 8700 kJ. Your daily intakes may be higher or lower depending on your energy needs.",,https://www.coles.com.au/product/coles-kitchen-scalloped-potato-350g-3771142,,,2024-06-17T21:50:42.491036-04:00
"Ind53SColes_ADairy, Eggs & Fridge_SAReady to eat meals_IGarlos Junior Sausage Rolls 12 pack | 780g",Garlos Junior Sausage Rolls 12 pack | 780g,Garlos,"Dairy, Eggs & Fridge",Ready to eat meals,Pies & pastries,,$12.90,,,$1.65 per 100g,7974083,"Garlo's Pies is an Australian owned and operated family business which opened its first pie shop in Maroubra, Sydney 2001. The name Garlo comes from the nickname of father and sons, Terry, Sean and Nathan Garlick. Terry a retired mechanic/wharfie, Sean an ex footballer with the Rabbitohs and Roosters and Nathan a master Pastry Chef and lifetime pie lover.
Heating Instructions
Convection Oven (Preferred)
Preheat oven 175C. Remove from wrapping but leave in foil tray and place on baking tray. If frozen heat for 35-45 mins. If refrigerated heat for 20-25mins
Microwave Oven (800 watt)
A microwave may be used to speed up heating time. Remove from wrapping and foil tray and wrap pie in paper towel. If frozen heat on high for 5 minutes. If refrigerated heat on high for 1 min 30 seconds. To make pastry crispy after microwaving, remove paper towel, return to foil tray and place on baking tray in convention oven for 4 minutes at 200C.",,,,"Wheat Flour (Thiamine, Folic Acid), Beef Mince (20%), Water, Margarine (Vegetable Oil, Salt, Emulsifiers (471, 472c), Antioxidants (304), Natural Flavour), Breadcrumbs (Yeast, Iodised Salt), Onion (3%), Seasoning (Sugar, Dehydrated Vegetables (Onion, Garlic), Caramel Colour (150c), Herbs & Spices, Corn Flour, Flavour Enhancer (635), Hydrolised Vegetable Protein), Black Pepper, Thyme, Glaze (Milk Solids, Acidity Regulators (500, 451), Colour (160b)).",https://www.coles.com.au/product/garlos-junior-sausage-rolls-12-pack-780g-7974083,,,2024-06-17T21:50:51.752575-04:00
"Ind53SColes_ADairy, Eggs & Fridge_SAReady to eat meals_IColes Meals Thai Chicken Curry With Rice | 350g",Coles Meals Thai Chicken Curry With Rice | 350g,Coles,"Dairy, Eggs & Fridge",Ready to eat meals,Indian food & meals,,$5.00,,,$1.43 per 100g,3360556,Coles Brand meals are made with quality ingredients. Enjoy delicious Thai Chicken Curry With Rice.,,,"Per 100g/ml
Per Serving
%DI
Energy
569.70
1993.95
Protein
6.30
22.05
Total Fat
3.20
11.20
Carbohydrate
20.20
70.70
Sugars
2.30
8.05
Sodium
260.00
910.00
Saturated
1.40
4.90
Energy (Cal)
136.29
477.02
Fat
3.20
11.20
Dietary Fibre (total)
0.10
0.35
Trans
0.10
0.35
* Percentage Daily Intakes are based on an average adult diet of 8700 kJ. Your daily intakes may be higher or lower depending on your energy needs.",,https://www.coles.com.au/product/coles-meals-thai-chicken-curry-with-rice-350g-3360556,,,2024-06-17T21:51:03.166637-04:00
"Ind53SColes_ADairy, Eggs & Fridge_SAReady to eat meals_IColes Beef Lasagne | 1.8kg",Coles Beef Lasagne | 1.8kg,Coles,"Dairy, Eggs & Fridge",Ready to eat meals,Italian meals & pasta,,$12.00,,,$0.67 per 100g,3165991,"CHEF'S TIP Halfway through cooking, sprinkle with grated parmesan and mozzarella and serve with a fresh green salad.",,,"Per 100g/ml
Per Serving
%DI
Energy
537.40
1612.20
Protein
6.70
20.10
Carbohydrate
15.20
45.60
Sugars
2.30
6.90
Sodium
230.00
690.00
Saturated
2.10
6.30
Energy (Cal)
128.56
385.69
Fat
3.90
11.70
Dietary Fibre (total)
2.60
7.80
Trans
0.20
0.60
* Percentage Daily Intakes are based on an average adult diet of 8700 kJ. Your daily intakes may be higher or lower depending on your energy needs.",,https://www.coles.com.au/product/coles-beef-lasagne-1.8kg-3165991,,,2024-06-17T21:51:14.471456-04:00
"Ind53SColes_ADairy, Eggs & Fridge_SAReady to eat meals_IColes Kitchen Braised Beef & Mash | 350g",Coles Kitchen Braised Beef & Mash | 350g,Coles,"Dairy, Eggs & Fridge",Ready to eat meals,Other ready meals,,$8.00,Pick any 2 for $14,,$2.29 per 100g,3467968,"From our kitchen to yours, Coles Kitchen offers you great-tasting food that is ready when you are",,,"Per 100g/ml
Per Serving
%DI
Energy
551.70
1930.95
Protein
6.30
22.05
Total Fat
7.80
27.30
Carbohydrate
8.00
28.00
Sugars
0.90
3.15
Sodium
190.00
665.00
Saturated
4.30
15.05
Energy (Cal)
131.99
461.95
Dietary Fibre (total)
2.50
8.75
Trans
0.40
1.40
* Percentage Daily Intakes are based on an average adult diet of 8700 kJ. Your daily intakes may be higher or lower depending on your energy needs.",,https://www.coles.com.au/product/coles-kitchen-braised-beef-and-mash-350g-3467968,,,2024-06-17T21:51:25.672957-04:00
"Ind53SColes_ADairy, Eggs & Fridge_SADairy Desserts_IWicked Sister High Protein Strawberry Pudding | 170g",Wicked Sister High Protein Strawberry Pudding | 170g,Wicked Sister,"Dairy, Eggs & Fridge",Dairy Desserts,Chilled Dairy Desserts,,$3.00,,,$1.76 per 100g,5418770,"Taste the most scrumptious strawberry delight with Wicked Sister's High Protein Strawberry Pudding. Its smooth, creamy and fresh flavour will satisfy any sweet craving and keep you coming back for more. With no added sugar and a 15g hit of protein this is a taste of a summer strawberry paradise.",,,"Per 100g/ml
Per Serving
%DI
Energy
409kJ
695kJ
Protein
9.2g
15.6g
Total Fat
3.5g
5.9g
Saturated Fat
2.4g
4.2g
Carbohydrate
6.5g
11.1g
Sugars
5.2g
8.8g
Sodium
52mg
88mg
* Percentage Daily Intakes are based on an average adult diet of 8700 kJ. Your daily intakes may be higher or lower depending on your energy needs.",,https://www.coles.com.au/product/wicked-sister-high-protein-strawberry-pudding-170g-5418770,,,2024-06-17T21:51:36.723018-04:00
"Ind53SColes_ADairy, Eggs & Fridge_SAReady to eat meals_IColes Lasagne Sheets Pasta | 375g",Coles Lasagne Sheets Pasta | 375g,Coles,"Dairy, Eggs & Fridge",Ready to eat meals,Italian meals & pasta,,$4.00,,,$1.07 per 100g,7712156,Made with fresh & quality ingredients. Enjoy convenient and ready to cook Rana Pumpkin & Caramelised Onion Ravioli.,,,"Per 100g/ml
Per Serving
%DI
Energy
1205.60
1121.21
Protein
12.90
12.00
Carbohydrate
53.20
49.48
Sugars
0.90
0.84
Sodium
7.00
6.51
Saturated
0.40
0.37
Energy (Cal)
288.42
268.23
Fat
1.50
1.40
Dietary Fibre (total)
3.30
3.07
* Percentage Daily Intakes are based on an average adult diet of 8700 kJ. Your daily intakes may be higher or lower depending on your energy needs.",,https://www.coles.com.au/product/coles-lasagne-sheets-pasta-375g-7712156,,,2024-06-17T21:51:47.843440-04:00
"Ind53SColes_ADairy, Eggs & Fridge_SAReady to eat meals_IColes Pasta Sauce Tomato And Basil | 425g",Coles Pasta Sauce Tomato And Basil | 425g,Coles,"Dairy, Eggs & Fridge",Ready to eat meals,Italian meals & pasta,,,,,,2877330,"Coles Pasta Sauce is made from tomato & basil. It is Ideal for pasta, pizza or a baked gnocchi dish",,,"Per 100g/ml
Per Serving
%DI
Energy
211.08
223.74
Protein
1.50
1.59
Total Fat
1.20
1.27
Carbohydrate
8.30
8.80
Sugars
4.80
5.09
Sodium
190.00
201.40
Saturated
0.20
0.21
Energy (Cal)
50.50
53.53
Dietary Fibre (total)
0.01
0.01
Trans
0.01
0.01
* Percentage Daily Intakes are based on an average adult diet of 8700 kJ. Your daily intakes may be higher or lower depending on your energy needs.","INGREDIENTS: Tomato Passata (38%) [Tomato Puree, Acidity Regulator (330)], Diced Tomato (28.5%) [Tomato, Acidity Regulator (330), Firming Agent (509)], Water, Tomato Paste (7.5%) [Tomato, Acidity Regulator (330)], Brown Sugar, Basil Leaf (1.0%), Crushed Garlic, Vegetable Oil, Onion, Salt, Butter (Milk), Thickener (Starch), Oregano, Natural Preservative [234], Modified Starch (1422, 1442).",https://www.coles.com.au/product/coles-pasta-sauce-tomato-and-basil-425g-2877330,,,2024-06-17T21:51:59.284977-04:00
"Ind53SColes_ADairy, Eggs & Fridge_SAReady to eat meals_IColes Ricotta Spinach Agnolotti Pasta | 600g",Coles Ricotta Spinach Agnolotti Pasta | 600g,Coles,"Dairy, Eggs & Fridge",Ready to eat meals,Italian meals & pasta,,$5.50,,,$0.92 per 100g,2714303,Coles Spinach & Ricotta Agnolotti,,,"Per 100g/ml
Per Serving
%DI
Energy
1040
1570
18
Protein
10.7
16.1
32
Total Fat
5.1
7.7
11
Saturated Fat
3.4
5.1
21
Carbohydrate
37.6
56.4
18
Sugars
1.50
2.25
Sodium
324
486
21
Saturated
2.30
3.45
Energy (Cal)
250
374
Dietary Fibre (total)
3.20
4.80
* Percentage Daily Intakes are based on an average adult diet of 8700 kJ. Your daily intakes may be higher or lower depending on your energy needs.",,https://www.coles.com.au/product/coles-ricotta-spinach-agnolotti-pasta-600g-2714303,,,2024-06-17T21:52:10.710869-04:00
"Ind53SColes_ADairy, Eggs & Fridge_SAReady to eat meals_IColes Kitchen BBQ Chicken & Bacon Pizza | 460g",Coles Kitchen BBQ Chicken & Bacon Pizza | 460g,Coles,"Dairy, Eggs & Fridge",Ready to eat meals,Pizzas,,$6.50,Pick any 2 for $12,,$1.41 per 100g,6204604,"KITCHEN INSPIRED CREATIONS From our kitchen to yours......A pizzeria experience at home. We take a stone baked base and top it with vibrant tomato passata and barbecue sauce before finishing with roasted RSPCA Approved Australian chicken, smoked bacon and mozzarella. Generously topped and ready for you in minutes",,,"Per 100g/ml
Per Serving
%DI
Energy
864.70
994.41
Protein
11.10
12.77
Carbohydrate
23.70
27.26
Sugars
6.60
7.59
Sodium
555.00
638.25
Saturated
2.60
2.99
Energy (Cal)
206.87
237.90
Fat
6.30
7.25
Dietary Fibre (total)
5.00
5.75
Trans
0.04
0.05
* Percentage Daily Intakes are based on an average adult diet of 8700 kJ. Your daily intakes may be higher or lower depending on your energy needs.",,https://www.coles.com.au/product/coles-kitchen-bbq-chicken-and-bacon-pizza-460g-6204604,,,2024-06-17T21:52:22.638246-04:00
"Ind53SColes_ADairy, Eggs & Fridge_SAReady to eat meals_IIpastai Basil Pesto Sauce | 180g",Ipastai Basil Pesto Sauce | 180g,Ipastai,"Dairy, Eggs & Fridge",Ready to eat meals,Italian meals & pasta,,$7.50,,,$4.17 per 100g,6380389,"Italy's famous green sauce made the traditional way. Creamy, rich, green goodness for the perfect pasta or something more...think bruschetta, pizza, pie....let your imagination go green!",,,"Per 100g/ml
Per Serving
%DI
Energy
2270
1140
Protein
6.3
3.2
Total Fat
57.7
28.8
Saturated Fat
6.1
3.1
Carbohydrate
6.6
3.3
Sugars
3.2
1.6
Sodium
2210
1100
* Percentage Daily Intakes are based on an average adult diet of 8700 kJ. Your daily intakes may be higher or lower depending on your energy needs.",,https://www.coles.com.au/product/ipastai-basil-pesto-sauce-180g-6380389,,,2024-06-17T21:52:34.160719-04:00
"Ind53SColes_ADairy, Eggs & Fridge_SAReady to eat meals_IGarlos Sausage Roll | 200g",Garlos Sausage Roll | 200g,Garlos,"Dairy, Eggs & Fridge",Ready to eat meals,Pies & pastries,,$4.80,,,$2.40 per 100g,7155559,"Garlo's Pies is an Australian owned and operated family business which opened its first pie shop in Maroubra, Sydney 2001. The name Garlo comes from the nickname of father and sons, Terry, Sean and Nathan Garlick. Terry a retired mechanic/wharfie, Sean an ex footballer with the Rabbitohs and Roosters and Nathan a master Pastry Chef and lifetime pie lover.
Heating Instructions
Convection Oven (Preferred)
Preheat oven 175C. Remove from wrapping but leave in foil tray and place on baking tray. If frozen heat for 35-45 mins. If refrigerated heat for 20-25mins
Microwave Oven (800 watt)
A microwave may be used to speed up heating time. Remove from wrapping and foil tray and wrap pie in paper towel. If frozen heat on high for 5 minutes. If refrigerated heat on high for 1 min 30 seconds. To make pastry crispy after microwaving, remove paper towel, return to foil tray and place on baking tray in convention oven for 4 minutes at 200C.",,,,,https://www.coles.com.au/product/garlos-sausage-roll-200g-7155559,,,2024-06-17T21:52:43.276734-04:00
"Ind53SColes_ADairy, Eggs & Fridge_SAYoufoodz_IYoufoodz Creamy Chicken Carbonara | 310g",Youfoodz Creamy Chicken Carbonara | 310g,Youfoodz,"Dairy, Eggs & Fridge",Youfoodz,Ready to eat meal,,$11.00,Pick any 2 for $16,,$3.37 per 100g,3584112,"You really can't go wrong with carbonara, so we created our very own version.

Our Creamy Chicken Carbonara features al dente fettuccine made using Australian ingredients, tender slices of chicken, pieces of ham, mushrooms and of course, a creamy cheese and garlic sauce. Sure, it's a little indulgent, but it's packed with 38 grams of protein which is absolutely good for you.",,,"Per 100g/ml
Per Serving
%DI
Energy
499 kJ
1550 kJ
Protein
9.1 g
28.1 g
Total Fat
3.7 g
11.4 g
Saturated Fat
2.1 g
6.5 g
Carbohydrate
11.7 g
36.2 g
Sugars
1.3 g
3.9 g
Sodium
462 mg
1430 mg
Energy (Cal)
119 Cal
370 Cal
Dietary Fibre (total)
1.3 g
3.9 g
* Percentage Daily Intakes are based on an average adult diet of 8700 kJ. Your daily intakes may be higher or lower depending on your energy needs.",,https://www.coles.com.au/product/youfoodz-creamy-chicken-carbonara-310g-3584112,,,2024-06-17T21:52:55.308826-04:00
"Ind53SColes_ADairy, Eggs & Fridge_SAYoufoodz_IYoufoodz Fueld Steak Chips & Gravy | 403g",Youfoodz Fueld Steak Chips & Gravy | 403g,Youfoodz,"Dairy, Eggs & Fridge",Youfoodz,Ready to eat meal,,$12.00,,,$2.82 per 100g,4687391,"Tender, slow-cooked beef served with a side of paprika chips and a creamy mustard gravy. Our FUEL'D range is larger in portion size and packed with protein.",,,"Per 100g/ml
Per Serving
%DI
Energy
522 kJ
2110 kJ
Protein
8.0 g
32.4 g
Total Fat
4.9 g
19.6 g
Saturated Fat
3.2 g
12.8 g
Carbohydrate
11.1 g
44.7 g
Sugars
1.6 g
6.5 g
Sodium
526 mg
2120 mg
Energy (Cal)
125 Cal
503 Cal
Dietary Fibre (total)
2.5 g
10.2 g
* Percentage Daily Intakes are based on an average adult diet of 8700 kJ. Your daily intakes may be higher or lower depending on your energy needs.",,https://www.coles.com.au/product/youfoodz-fueld-steak-chips-and-gravy-403g-4687391,,,2024-06-17T21:53:06.506465-04:00
"Ind53SColes_ADairy, Eggs & Fridge_SAReady to eat meals_ILatina Fresh Gluten Free Beef Ravioli Pasta | 280g",Latina Fresh Gluten Free Beef Ravioli Pasta | 280g,Latina,"Dairy, Eggs & Fridge",Ready to eat meals,Italian meals & pasta,,$8.75,Pick any 2 for $13,,$3.13 per 100g,2271450,,,,,,https://www.coles.com.au/product/latina-fresh-gluten-free-beef-ravioli-pasta-280g-2271450,,,2024-06-17T21:53:16.230781-04:00
"Ind53SColes_ADairy, Eggs & Fridge_SABeef & veal_IColes Graze Grass Fed No Added Hormone Beef Mince | 500g",Coles Graze Grass Fed No Added Hormone Beef Mince | 500g,Coles,"Dairy, Eggs & Fridge",Beef & veal,Beef & Veal Mince,,$10.00,,,$20.00 per 1kg,2820606,"GRASS FED 100% AUSTRALIAN BEEF FREE TO ROAM NO ADDED HORMONE Graze is proudly brought to you by our Aussie Farmers in partnership with Coles. Individually selected to high standards, our livestock are raised in the open pastures across the scenic farms of Australia. From the New South Wales Tablelands, Victoria's North East and Gippsland areas to South Australia's Limestone Coast and the Great Southern Region of Western Australia, our Farmers work with nature to produce great tasting, quality grass fed beef.",,,,,https://www.coles.com.au/product/coles-graze-grass-fed-no-added-hormone-beef-mince-500g-2820606,,,2024-06-17T21:53:24.983076-04:00
"Ind53SColes_ADairy, Eggs & Fridge_SAReady to eat meals_IColes Meals Beef Lasagne | 350g",Coles Meals Beef Lasagne | 350g,Coles,"Dairy, Eggs & Fridge",Ready to eat meals,Italian meals & pasta,,$5.00,,,$1.43 per 100g,3166054,Coles Brand meals are made with quality ingredients. Enjoy delicious and convenient ready to cook Beef Lasagne.,,,"Per 100g/ml
Per Serving
%DI
Energy
487.20
1705.20
Protein
3.50
12.25
Carbohydrate
12.00
42.00
Sugars
2.20
7.70
Sodium
260.00
910.00
Saturated
3.40
11.90
Energy (Cal)
116.56
407.94
Fat
5.70
19.95
Dietary Fibre (total)
1.60
5.60
Trans
0.20
0.70
* Percentage Daily Intakes are based on an average adult diet of 8700 kJ. Your daily intakes may be higher or lower depending on your energy needs.",,https://www.coles.com.au/product/coles-meals-beef-lasagne-350g-3166054,,,2024-06-17T21:53:35.990586-04:00
"Ind53SColes_ADairy, Eggs & Fridge_SAReady to eat meals_IIpastai Bolognese Sauce | 300g",Ipastai Bolognese Sauce | 300g,Ipastai,"Dairy, Eggs & Fridge",Ready to eat meals,Italian meals & pasta,,$7.50,,,$2.50 per 100g,6474904,Bolognese Tomato and Meat Sauce. Slow cooked Italian sauce. ,,,,"Tomato pulp (49.5%), water, beef (14.5%), wagyu beef (3.3%), onion, carrot, tomato paste (2.0%), canola oil, celery, red wine (sulphites, milk, egg, fish) (grape juice, tartaric acid, sulphur dioxide, malic acid), citrus fibre, beef stock (salt, sugar, maltodextrin, yeast extract, natural flavour, beef fat (3.6%), burnt sugar, onion powder, pepper), rosemary, nutmeg, bay leaf.",https://www.coles.com.au/product/ipastai-bolognese-sauce-300g-6474904,,,2024-06-17T21:53:46.105485-04:00
"Ind53SColes_ADairy, Eggs & Fridge_SAReady to eat meals_IColes Nature's Kitchen Veggie Sauce | 425g",Coles Nature's Kitchen Veggie Sauce | 425g,Coles,"Dairy, Eggs & Fridge",Ready to eat meals,Italian meals & pasta,,,,,,3649433,"Chunky veggie pasta sauce containing a blend of tomato, onion, carrot, zucchini, capsicum and celery",,,"Per 100g/ml
Per Serving
%DI
Energy
170.90
181.15
Protein
1.10
1.17
Carbohydrate
4.40
4.66
Sugars
2.60
2.76
Sodium
250.00
265.00
Saturated
0.20
0.21
Energy (Cal)
40.89
43.34
Fat
1.40
1.48
Dietary Fibre (total)
3.20
3.39
Trans
0.10
0.11
* Percentage Daily Intakes are based on an average adult diet of 8700 kJ. Your daily intakes may be higher or lower depending on your energy needs.",,https://www.coles.com.au/product/coles-nature's-kitchen-veggie-sauce-425g-3649433,,,2024-06-17T21:53:58.545405-04:00
"Ind53SColes_ADairy, Eggs & Fridge_SAColes Finest_IColes Finest Chicken And Pancetta Carbonara Linguine | 400g",Coles Finest Chicken And Pancetta Carbonara Linguine | 400g,Coles,"Dairy, Eggs & Fridge",Coles Finest,meals,,$9.50,,,$2.38 per 100g,3771550,We've paired durum wheat linguine with a creamy parmesan and white wine sauce full of chunks of Australian chicken breast and smokey pancetta lardons. Topped with a sprinkling of tangy parmesan cheese to finish. Let us do the hard work for you.,,,"Per 100g/ml
Per Serving
%DI
Energy
703.10
2812.40
Protein
11.60
46.40
Total Fat
8.00
32.00
Carbohydrate
12.30
49.20
Sugars
1.40
5.60
Sodium
120.00
480.00
Saturated
4.10
16.40
Energy (Cal)
168.21
672.82
Dietary Fibre (total)
0.10
0.40
Trans
0.20
0.80
* Percentage Daily Intakes are based on an average adult diet of 8700 kJ. Your daily intakes may be higher or lower depending on your energy needs.",,https://www.coles.com.au/product/coles-finest-chicken-and-pancetta-carbonara-linguine-400g-3771550,,,2024-06-17T21:54:09.588771-04:00
"Ind53SColes_ADairy, Eggs & Fridge_SAReady to eat meals_I25 Degrees South Native Pumpkin Ricotta Ravioli Pasta | 325g",25 Degrees South Native Pumpkin Ricotta Ravioli Pasta | 325g,25 Degrees South,"Dairy, Eggs & Fridge",Ready to eat meals,Italian meals & pasta,,$6.50,,$9.00,$2.00 per 100g,4274733,,,,,,https://www.coles.com.au/product/25-degrees-south-native-pumpkin-ricotta-ravioli-pasta-325g-4274733,,,2024-06-17T21:54:18.573942-04:00
"Ind53SColes_ADairy, Eggs & Fridge_SADairy, chilled & frozen_IColes Kitchen Vegetable Samosas | 180g",Coles Kitchen Vegetable Samosas | 180g,Coles,"Dairy, Eggs & Fridge","Dairy, chilled & frozen",Ready made meals,,$6.00,,,"$3.33 per 100g
Was $7.50 on Jun 2024",7750268,"Coles Kitchen REAL FOOD, FAST ONION BHAJI",,,"Per 100g/ml
Per Serving
%DI
Energy
1152.70
691.62
Protein
6.40
3.84
Total Fat
19.80
11.88
Carbohydrate
15.30
9.18
Sugars
3.50
2.10
Sodium
295.00
177.00
Saturated
2.60
1.56
Energy (Cal)
275.77
165.46
Dietary Fibre (total)
6.40
3.84
Trans
0.08
0.05
* Percentage Daily Intakes are based on an average adult diet of 8700 kJ. Your daily intakes may be higher or lower depending on your energy needs.",,https://www.coles.com.au/product/coles-kitchen-vegetable-samosas-180g-7750268,,,2024-06-17T21:54:30.144178-04:00
"Ind53SColes_ADairy, Eggs & Fridge_SAReady to eat meals_IColes Bolognese Bake | 1.8kg",Coles Bolognese Bake | 1.8kg,Coles,"Dairy, Eggs & Fridge",Ready to eat meals,Italian meals & pasta,,$12.00,,,$0.67 per 100g,3166043,Made with fresh & quality ingredients. Enjoy convenient and ready to cook Rana Porcini Mushroom Ravioli,,,"Per 100g/ml
Per Serving
%DI
Energy
526.70
1580.10
Protein
4.70
14.10
Total Fat
5.00
15.00
Saturated Fat
2.4
7.2
30
Carbohydrate
13.80
41.40
Sugars
2.20
6.60
Sodium
210.00
630.00
Saturated
2.60
7.80
Energy (Cal)
126.00
378.01
Fat
5.00
15.00
Dietary Fibre (total)
3.40
10.20
Trans
0.20
0.60
* Percentage Daily Intakes are based on an average adult diet of 8700 kJ. Your daily intakes may be higher or lower depending on your energy needs.",,https://www.coles.com.au/product/coles-bolognese-bake-1.8kg-3166043,,,2024-06-17T21:54:41.007161-04:00
"Ind53SColes_ADairy, Eggs & Fridge_SAReady to eat meals_IColes Kitchen Chicken Singapore Noodle | 350g",Coles Kitchen Chicken Singapore Noodle | 350g,Coles,"Dairy, Eggs & Fridge",Ready to eat meals,Thai meals,,$7.50,Pick any 2 for $14,,$2.14 per 100g,2875109,"Rice noodles, marinated chicken breast, vegetables and free range egg in a mildly spiced sauce",,,"Per 100g/ml
Per Serving
%DI
Energy
584.60
2046.10
Protein
8.00
28.00
Total Fat
5.90
20.65
Carbohydrate
12.70
44.45
Sugars
0.90
3.15
Sodium
170.00
595.00
Saturated
1.80
6.30
Energy (Cal)
139.86
489.50
Dietary Fibre (total)
1.80
6.30
Trans
0.10
0.35
* Percentage Daily Intakes are based on an average adult diet of 8700 kJ. Your daily intakes may be higher or lower depending on your energy needs.",,https://www.coles.com.au/product/coles-kitchen-chicken-singapore-noodle-350g-2875109,,,2024-06-17T21:54:51.941040-04:00
"Ind53SColes_ADairy, Eggs & Fridge_SAReady to eat meals_IColes Perform Build Butter Chicken | 400g",Coles Perform Build Butter Chicken | 400g,Coles,"Dairy, Eggs & Fridge",Ready to eat meals,Other ready meals,,$10.00,Pick any 2 for $18,,$2.50 per 100g,5070819,"Coles PerForm Butter Chicken with chargrilled tandoori marinated chicken pieces (RSPCA approved), drizzled with a creamy, mildly-spiced sauce next to a bed of pilau rice with peas. With up to 38g protein per meal, this is perfect as a fast, nourishing protein-rich meal to complement your exercise, diet or lifestyle goals.",,,"Per 100g/ml
Per Serving
%DI
Energy
544.70
2178.80
Protein
9.50
38.00
Total Fat
3.20
12.80
Saturated Fat
1.30
5.20
Carbohydrate
13.60
54.40
Sugars
0.30
1.20
Saturated
1.30
5.20
Sodium
180.00
720.00
Energy (Cal)
130.31
521.24
Fat
3.20
12.80
Dietary Fibre (total)
4.20
16.80
Trans
0.10
0.40
trans
LESS THAN 1g
LESS THAN 1g
* Percentage Daily Intakes are based on an average adult diet of 8700 kJ. Your daily intakes may be higher or lower depending on your energy needs.",,https://www.coles.com.au/product/coles-perform-build-butter-chicken-400g-5070819,,,2024-06-17T21:55:04.780199-04:00
"Ind53SColes_ADairy, Eggs & Fridge_SAReady to eat meals_IGarlos Junior Pies Lean Beef 12 Pack | 660g",Garlos Junior Pies Lean Beef 12 Pack | 660g,Garlos,"Dairy, Eggs & Fridge",Ready to eat meals,Pies & pastries,,$12.90,,,,7391234,,,,,,https://www.coles.com.au/product/garlos-junior-pies-lean-beef-12-pack-660g-7391234,,,2024-06-17T21:55:13.660813-04:00
"Ind53SColes_ADairy, Eggs & Fridge_SAColes Finest_IColes Finest Chicken & Chorizo Paella | 370g",Coles Finest Chicken & Chorizo Paella | 370g,Coles,"Dairy, Eggs & Fridge",Coles Finest,meals,,$9.50,,,$2.57 per 100g,7078866,"This Spanish inspired chicken and chorizo paella has been tasted and tweaked by our dedicated chefs to ignite the sense's and is ready in moments. Tender pieces of Australian RSPCA Approved chicken breast, chargrilled & marinated in smokey paprika, combined with slices of chorizo and roasted red capsicum served on a bed of vegetable and paprika rice.",,,"Per 100g/ml
Per Serving
%DI
Energy
545.90
2019.83
Protein
8.70
32.19
Carbohydrate
12.40
45.88
Sugars
0.10
0.37
Sodium
270.00
999.00
Saturated
1.00
3.70
Energy (Cal)
130.60
483.21
Fat
4.80
17.76
Dietary Fibre (total)
1.20
4.44
Trans
0.10
0.37
* Percentage Daily Intakes are based on an average adult diet of 8700 kJ. Your daily intakes may be higher or lower depending on your energy needs.",,https://www.coles.com.au/product/coles-finest-chicken-and-chorizo-paella-370g-7078866,,,2024-06-17T21:55:24.822905-04:00
"Ind53SColes_ADairy, Eggs & Fridge_SAReady to eat meals_IColes Kitchen Butter Chicken With Rice | 350g",Coles Kitchen Butter Chicken With Rice | 350g,Coles,"Dairy, Eggs & Fridge",Ready to eat meals,Indian food & meals,,$7.50,Pick any 2 for $14,,$2.14 per 100g,7325091,"Australian marinated chicken breast in a mildly spiced cream and tomato sauce, served with basmati rice",,,"Per 100g/ml
Per Serving
%DI
Energy
652.80
2284.80
Protein
8.70
30.45
Carbohydrate
17.90
62.65
Sugars
2.80
9.80
Sodium
130.00
455.00
Saturated
2.80
9.80
Energy (Cal)
156.17
546.60
Fat
5.40
18.90
Dietary Fibre (total)
0.10
0.35
Trans
0.20
0.70
* Percentage Daily Intakes are based on an average adult diet of 8700 kJ. Your daily intakes may be higher or lower depending on your energy needs.",,https://www.coles.com.au/product/coles-kitchen-butter-chicken-with-rice-350g-7325091,,,2024-06-17T21:55:37.459261-04:00
"Ind53SColes_ADairy, Eggs & Fridge_SAReady to eat meals_IColes Kitchen Chicken & Vegetable Soup | 300g",Coles Kitchen Chicken & Vegetable Soup | 300g,Coles,"Dairy, Eggs & Fridge",Ready to eat meals,Soups & stews,,$4.00,,,$1.33 per 100g,4215847,"From our kitchen to yours, Coles Kitchen offers you great-tasting food that is ready when you are",,,"Per 100g/ml
Per Serving
%DI
Energy
155.80
467.40
Protein
3.60
10.80
Total Fat
0.40
1.20
Carbohydrate
3.80
11.40
Sugars
1.00
3.00
Sodium
140.00
420.00
Saturated
0.10
0.30
Energy (Cal)
37.27
111.82
Dietary Fibre (total)
1.90
5.70
Trans
0.10
0.30
* Percentage Daily Intakes are based on an average adult diet of 8700 kJ. Your daily intakes may be higher or lower depending on your energy needs.",,https://www.coles.com.au/product/coles-kitchen-chicken-and-vegetable-soup-300g-4215847,,,2024-06-17T23:29:06.853139-04:00
