idx,name,brand,aisle,subaisle,subsubaisle,size,price,multi_price,old_price,pricePerUnit,itemNum,description,serving,img_urls,item_label,item_ingredients,url,SKU,UPC,timeStamp
"Ind53SColes_ADairy, Eggs & Fridge_SAVegetarian & vegan_ISheese Vegan Tasty Cheese Slices | 200g",Sheese Vegan Tasty Cheese Slices | 200g,Sheese,"Dairy, Eggs & Fridge",Vegetarian & vegan,Veggie Burgers & Sausages,,$6.50,,,$32.50 per 1kg,4223889,"Our Mild Cheddar style Sheese Slices are a vegan and kosher friendly, medium strength alternative to cheese. Made with coconut oil and 100% dairy free!",,,"Per 100g/ml
Per Serving
%DI
Energy
1230kJ
246kJ
Protein
0.3g
0.1g
Total Fat
24g
4.8g
Saturated Fat
20.7g
4.1g
Carbohydrate
19.8g
4g
Sugars
0.1g
<0.1g
Sodium
592mg
118mg
Dietary Fibre (total)
<0.1g
<0.1g
* Percentage Daily Intakes are based on an average adult diet of 8700 kJ. Your daily intakes may be higher or lower depending on your energy needs.",,https://www.coles.com.au/product/sheese-vegan-tasty-cheese-slices-200g-4223889,,,2024-06-16T21:32:40.649779-04:00
"Ind53SColes_ADairy, Eggs & Fridge_SACheese_IPerfect Italiano Dairy Cheese Grated Mozzarella:Mozzarella | 450g",Perfect Italiano Dairy Cheese Grated Mozzarella:Mozzarella | 450g,Perfect Italiano,"Dairy, Eggs & Fridge",Cheese,Grated cheese,,$9.50,,,$21.11 per 1kg,63816,"Perfect Italiano Cheese Mozzarella Shredded 450g
Perfectly mild and stretchy",,,"Per 100g/ml
Per Serving
%DI
Energy
1260kJ
316kJ
4%
Protein
24.8g
6.2g
12%
Total Fat
22.3g
5.6g
8%
Saturated Fat
15.5g
3.9g
16%
Carbohydrate
1.2g
less than 1g
0%
Sugars
1.2g
less than 1g
0%
Calcium
707mg
177mg
Sodium
576mg
144mg
6%
* Percentage Daily Intakes are based on an average adult diet of 8700 kJ. Your daily intakes may be higher or lower depending on your energy needs.",,https://www.coles.com.au/product/perfect-italiano-dairy-cheese-grated-mozzarella:mozzarella-450g-63816,,,2024-06-16T21:32:51.619846-04:00
"Ind53SColes_ADairy, Eggs & Fridge_SAColes Finest_IColes Finest Spanish Red Wine Cheese | 150g",Coles Finest Spanish Red Wine Cheese | 150g,Coles,"Dairy, Eggs & Fridge",Coles Finest,cheeses,,$6.60,,,$44.00 per 1kg,5217859,"This semi-sharp, hard goat's cheese has been bathed in red wine for a ripe, cherry-like finish. Queso de Murcia al Vino PDO 150g",,,"Per 100g/ml
Per Serving
%DI
Energy
1768.10
442.03
Protein
21.00
5.25
Total Fat
38.00
9.50
Saturated Fat
27.20
6.80
Carbohydrate
0.30
0.08
Sugars
0.30
0.08
Sodium
620.00
155.00
Energy (Cal)
422.99
105.75
Dietary Fibre (total)
0.00
0.00
Trans
1.50
0.38
* Percentage Daily Intakes are based on an average adult diet of 8700 kJ. Your daily intakes may be higher or lower depending on your energy needs.",,https://www.coles.com.au/product/coles-finest-spanish-red-wine-cheese-150g-5217859,,,2024-06-16T21:33:02.356524-04:00
"Ind53SColes_ADairy, Eggs & Fridge_SACheese_ILa Casa Del Formaggio Fresh Mozzarella | 200g",La Casa Del Formaggio Fresh Mozzarella | 200g,La Casa Del Formaggio,"Dairy, Eggs & Fridge",Cheese,Gourmet Cheese,,$6.00,,,$30.00 per 1kg,2462186,"Fresh Mozzarella is perfect for slicing over pizzas and lasagnas for a moist, creamy melt. The Fresh Mozzarella is also brilliant for slicing and layering with tomato and basil for a Caprese Salad or tearing and mixing into other salads. Flavours that go well with Fresh Mozzarella include eggplant, olives, tomato, basil, parsley, and sun-dried tomatoes. Fresh Mozzarella is a type of Pasta Filata or stretched curd, which is a delicately flavoured fresh cheese that has a texture very similar to al dente pasta. It is used to carry other flavours such as fresh herbs and extra virgin olive oil in salads.",,,"Per 100g/ml
Per Serving
%DI
Energy
1110kJ
555kJ
Protein
17.9g
9g
Total Fat
20.3g
10.2g
Saturated Fat
14.3g
7.2g
Carbohydrate
3.4g
1.7g
Sugars
<1g
<1g
Calcium
396mg
198mg
24%
Sodium
74mg
37mg
* Percentage Daily Intakes are based on an average adult diet of 8700 kJ. Your daily intakes may be higher or lower depending on your energy needs.",,https://www.coles.com.au/product/la-casa-del-formaggio-fresh-mozzarella-200g-2462186,,,2024-06-16T21:33:13.224084-04:00
"Ind53SColes_ADairy, Eggs & Fridge_SACheese_ILiddells Lactose Free Shredded Cheese | 250g",Liddells Lactose Free Shredded Cheese | 250g,Liddells,"Dairy, Eggs & Fridge",Cheese,Grated cheese,,$7.50,,,$30.00 per 1kg,1418305,"All Liddells products are all made from real dairy, lactose free and where needed we add the lactase enzyme to break down the lactose into two simple sugars: glucose and galactose. These sugars can be easily absorbed in the small intestine, keeping your tummy feeling happy. That's all it is!",,,"Per 100g/ml
Per Serving
%DI
Energy
1670kJ
418kJ
0%
Protein
24.1g
6g
0%
Total Fat
33.5g
8.4g
0%
Saturated Fat
23.2g
5.8g
0%
Carbohydrate
<1g
<1g
0%
Sugars
<1g
<1g
0%
Calcium
710mg
178mg
22%
Sodium
610mg
153mg
0%
* Percentage Daily Intakes are based on an average adult diet of 8700 kJ. Your daily intakes may be higher or lower depending on your energy needs.",,https://www.coles.com.au/product/liddells-lactose-free-shredded-cheese-250g-1418305,,,2024-06-16T21:33:24.570406-04:00
"Ind53SColes_ADairy, Eggs & Fridge_SACheese_IMersey Valley Club Pickled Onion Cheddar Cheese | 235g",Mersey Valley Club Pickled Onion Cheddar Cheese | 235g,Mersey Valley,"Dairy, Eggs & Fridge",Cheese,Cheddar & tasty cheese,,$7.00,,$9.95,$29.79 per 1kg,6533060,Mersey Valley Pickled Onion is a milder crumbly cheddar with the addition of Tasmanian pickled onion for a bold flavour to the cheese. Perfect for a snack that really hits the spot! Pair Mersey Valley Pickled Onion with cold meats and crackers for a tasty afternoon snack. Best served with a light craft beer or a red wine.,,,"Per 100g/ml
Per Serving
%DI
Energy
1510kJ
377.5kJ
0%
Protein
22.1g
5.525g
0%
Total Fat
28.7g
7.175g
0%
Saturated Fat
18.7g
4.675g
0%
Carbohydrate
3g
<1g
0%
Sugars
2.4g
1g
0%
Calcium
644mg
161mg
0%
Sodium
710mg
177.5mg
0%
* Percentage Daily Intakes are based on an average adult diet of 8700 kJ. Your daily intakes may be higher or lower depending on your energy needs.",,https://www.coles.com.au/product/mersey-valley-club-pickled-onion-cheddar-cheese-235g-6533060,,,2024-06-16T21:33:35.473624-04:00
"Ind53SColes_ADairy, Eggs & Fridge_SAPrimo_IPrimo Stackers Spicy Chorizo Cheese & Crackers | 50g",Primo Stackers Spicy Chorizo Cheese & Crackers | 50g,Primo,"Dairy, Eggs & Fridge",Primo,Crackers & Snacks,,$4.50,,,$9.00 per 100g,3755441,Primo Stackers Spicy Chorizo Cheddar Cheese & Crackers is a source of protein and has no artificial colours or flavours.,,,"Per 100g/ml
Per Serving
%DI
Energy
1660kJ
830kJ
10%
Protein
20.2g
10.1g
20%
Total Fat
27.7g
13.8g
20%
Saturated Fat
13.9g
7.0g
29%
Carbohydrate
16.3g
8.2g
3%
Sugars
<1g
<1g
<1%
Sodium
978mg
489mg
21%
* Percentage Daily Intakes are based on an average adult diet of 8700 kJ. Your daily intakes may be higher or lower depending on your energy needs.",,https://www.coles.com.au/product/primo-stackers-spicy-chorizo-cheese-and-crackers-50g-3755441,,,2024-06-16T21:33:46.986645-04:00
"Ind53SColes_ADairy, Eggs & Fridge_SACheese_IPerfect Italiano Grated Cheese Perfect Melt | 250g",Perfect Italiano Grated Cheese Perfect Melt | 250g,Perfect Italiano,"Dairy, Eggs & Fridge",Cheese,Grated cheese,,$6.50,,,$26.00 per 1kg,6138157,,,,,,https://www.coles.com.au/product/perfect-italiano-grated-cheese-perfect-melt-250g-6138157,,,2024-06-16T21:33:55.664381-04:00
"Ind53SColes_ADairy, Eggs & Fridge_SACheese_ISouth Cape Spring Onion & Chive Cream Cheese | 200g",South Cape Spring Onion & Chive Cream Cheese | 200g,South Cape,"Dairy, Eggs & Fridge",Cheese,Specialty & entertaining cheese,,$6.50,,,$32.50 per 1kg,6581256,"South Cape Onion and Chives Cream Cheese has a smooth texture and is infused with a mouth-watering blend of onion and chives, perfect for your next cheese platter or cooking creation! Best served with crackers and paired with sparkling wine. Liberate your plate with South Cape.",,,"Per 100g/ml
Per Serving
%DI
Energy
1320kJ
330kJ
0%
Protein
7.8g
1.95g
0%
Total Fat
29.7g
7.425g
0%
Saturated Fat
19.9g
4.975g
0%
Carbohydrate
5.5g
1.375g
0%
Sugars
2.5g
0.625g
0%
Sodium
326mg
81.5mg
0%
* Percentage Daily Intakes are based on an average adult diet of 8700 kJ. Your daily intakes may be higher or lower depending on your energy needs.","Cream Cheese (98%)(Milk, Cream, Salt, Vegetable Gums (Locust Bean Gum, Guar Gum), Cultures), Spring Onion (1%), Chives (0.75%), Preservative (Sorbic Acid).",https://www.coles.com.au/product/south-cape-spring-onion-and-chive-cream-cheese-200g-6581256,,,2024-06-16T21:34:07.018296-04:00
"Ind53SColes_ADairy, Eggs & Fridge_SACheese_IColes Simply Sandwich Slices 84 Pack | 1kg",Coles Simply Sandwich Slices 84 Pack | 1kg,Coles,"Dairy, Eggs & Fridge",Cheese,Sliced cheese,,$12.50,,,$12.50 per 1kg,1978140,84 PACK,,,"Per 100g/ml
Per Serving
%DI
Energy
1417.80
168.72
Protein
20.00
2.38
Carbohydrate
4.20
0.50
Sugars
2.60
0.31
Calcium
634.00
75.45
Sodium
1050.00
124.95
Saturated
18.80
2.24
Energy (Cal)
339.19
40.36
Fat
27.20
3.24
Dietary Fibre (total)
0.00
0.00
trans
1.1
LESS THAN 1g
* Percentage Daily Intakes are based on an average adult diet of 8700 kJ. Your daily intakes may be higher or lower depending on your energy needs.",,https://www.coles.com.au/product/coles-simply-sandwich-slices-84-pack-1kg-1978140,,,2024-06-16T21:34:18.146191-04:00
"Ind53SColes_ADairy, Eggs & Fridge_SACheese_IBega Strong & Bitey Dairy Cheese Vintage Block | 500g",Bega Strong & Bitey Dairy Cheese Vintage Block | 500g,Bega,"Dairy, Eggs & Fridge",Cheese,Block cheese,,$10.50,,,$21.00 per 1kg,5369052,"Proudly Australian owned and made.
100% Natural source of calcium.
What makes bega.. bega? Over 100 years of dairying heritage resulting in the unique bega taste you know and love.",,,"Per 100g/ml
Per Serving
%DI
Energy
1720kJ
430kJ
5%
Protein
24.8g
6.2g
12%
Total Fat
34.7g
8.7g
12%
Saturated Fat
23.8g
6.0g
25%
Carbohydrate
LESS THAN 1g
LESS THAN 1g
0%
Sugars
LESS THAN 1g
LESS THAN 1g
0%
Calcium
738mg
185mg (23% RDI*)
Sodium
650mg
163mg
7%
* Percentage Daily Intakes are based on an average adult diet of 8700 kJ. Your daily intakes may be higher or lower depending on your energy needs.",,https://www.coles.com.au/product/bega-strong-and-bitey-dairy-cheese-vintage-block-500g-5369052,,,2024-06-16T21:34:29.838973-04:00
"Ind53SColes_ADairy, Eggs & Fridge_SACheese_IPhiladelphia Sweet Chilli Pourover | 150g",Philadelphia Sweet Chilli Pourover | 150g,Philadelphia,"Dairy, Eggs & Fridge",Cheese,Cream cheese & spreads,,$4.00,,,$26.67 per 1kg,3274487,"It is Philadelphia Originalcream cheese with the delicious taste of sweet chilli sauce that acts as pourover and is ideal as a dip with crackers or crisp bread.  Philadelphia Sweet Chilli is fantastically versatile and can be the perfect twist you are looking for a delicious  dinner with pasta or even wraps
Delicious Sweet Chilli Sauce

Perfect for entertaining

Deliciously Creamy

Philadelphia is made in Australia since 1956

No artificial colours or flavours

Made with at least 90% Australian ingredients.

100% recyclable.",,,"Per 100g/ml
Per Serving
%DI
Energy
895kJ
224kJ
3%
Protein
3.8g
<1.0g
2%
Total Fat
16.4g
4.1g
6%
Saturated Fat
11.4g
2.9g
12%
Carbohydrate
13.1g
3.3g
1%
Sugars
12.5g
3.1g
3%
Sodium
344mg
86mg
4%
Monounsaturated
0
0
0
Energy (Cal)
0
0
0
Dietary Fibre (total)
0
0
0
Polyunsaturated
0
0
0
Trans
0
0
0
* Percentage Daily Intakes are based on an average adult diet of 8700 kJ. Your daily intakes may be higher or lower depending on your energy needs.",,https://www.coles.com.au/product/philadelphia-sweet-chilli-pourover-150g-3274487,,,2024-06-16T21:34:42.802050-04:00
"Ind53SColes_ADairy, Eggs & Fridge_SACheese_ICastello Creamy Blue Cheese | 300g",Castello Creamy Blue Cheese | 300g,Castello,"Dairy, Eggs & Fridge",Cheese,Blue cheese,,$10.00,,$14.50,$33.33 per 1kg,3301830,"Castello creamy blue is creatively crafted to combine a smooth and creamy texture with rich notes of blue mould, creating a perfectly balanced, delicate cheese that becomes more refined over time. To enjoy this cheese at its best, remove from the fridge one hour before eating.",,,"Per 100g/ml
Per Serving
%DI
Energy
1780kJ
445kJ
Protein
13.2g
3.3g
Total Fat
41.5g
10.4g
Saturated Fat
26.5g
6.6g
Carbohydrate
0.1g
<0.1g
Sugars
0.1g
<0.1g
Sodium
640mg
160mg
* Percentage Daily Intakes are based on an average adult diet of 8700 kJ. Your daily intakes may be higher or lower depending on your energy needs.",,https://www.coles.com.au/product/castello-creamy-blue-cheese-300g-3301830,,,2024-06-16T21:34:53.982384-04:00
"Ind53SColes_ADairy, Eggs & Fridge_SACheese_IColes Regular Cream Cheese Block | 250g",Coles Regular Cream Cheese Block | 250g,Coles,"Dairy, Eggs & Fridge",Cheese,Cream cheese & spreads,,$3.30,,,$13.20 per 1kg,2486672, This cream cheese is made with Australian milk and perfect for crackers or in sandwiches and wraps. Also handy for baking.,,,"Per 100g/ml
Per Serving
%DI
Energy
1282.80
320.70
Protein
7.10
1.78
Total Fat
29.60
7.40
Saturated Fat
20.90
5.23
Carbohydrate
3.70
0.93
Sugars
3.70
0.93
Calcium
72.00
18.00
Sodium
300.00
75.00
Energy (Cal)
306.89
76.72
* Percentage Daily Intakes are based on an average adult diet of 8700 kJ. Your daily intakes may be higher or lower depending on your energy needs.","INGREDIENTS: Milk, Cream (Milk), Milk Solids, Salt, Stabilisers (410, 412), Lactic Acid (270), Starter Culture (Milk).",https://www.coles.com.au/product/coles-regular-cream-cheese-block-250g-2486672,,,2024-06-16T21:35:04.735204-04:00
"Ind53SColes_ADairy, Eggs & Fridge_SACheese_IBega Tasty Block | 500g",Bega Tasty Block | 500g,Bega,"Dairy, Eggs & Fridge",Cheese,Block cheese,,$10.50,,,$21.00 per 1kg,189712,Bega Cheese Tasty Block 500g,,,"Per 100g/ml
Per Serving
%DI
Energy
1720kJ
430kJ
5%
Protein
24.8g
6.2g
12%
Total Fat
34.7g
8.7g
12%
Saturated Fat
23.8g
6.0g
25%
Carbohydrate
less than 1g
less than 1g
0%
Sugars
less than 1g
less than 1g
0%
Calcium
738mg
185mg
23% RDI^
Sodium
650mg
163mg
7%
* Percentage Daily Intakes are based on an average adult diet of 8700 kJ. Your daily intakes may be higher or lower depending on your energy needs.",,https://www.coles.com.au/product/bega-tasty-block-500g-189712,,,2024-06-16T21:35:15.928834-04:00
"Ind53SColes_ADairy, Eggs & Fridge_SACheese_ITasmanian Heritage Trilogy Summer Herbs Vintage Cheddar & Sundried Tomato | 140g",Tasmanian Heritage Trilogy Summer Herbs Vintage Cheddar & Sundried Tomato | 140g,Tasmanian Heritage,"Dairy, Eggs & Fridge",Cheese,Cheddar & tasty cheese,,$6.50,,,$46.43 per 1kg,6578069,South Cape Trilogy offers the traditional flavour of Vintage paired with the Mediterranean flavours of Summer Herbs and Sun-dried Tomato. Best served with crackers and paired with craft beer. Liberate your plate with South Cape.,,,"Per 100g/ml
Per Serving
%DI
Energy
1710kJ
427.5kJ
0%
Protein
25.4g
6.35g
0%
Total Fat
34g
8.5g
0%
Saturated Fat
22.8g
5.7g
0%
Carbohydrate
<1g
<1g
0%
Sugars
<1g
<1g
0%
Calcium
744mg
186mg
0%
Sodium
700mg
175mg
0%
* Percentage Daily Intakes are based on an average adult diet of 8700 kJ. Your daily intakes may be higher or lower depending on your energy needs.",,https://www.coles.com.au/product/tasmanian-heritage-trilogy-summer-herbs-vintage-cheddar-and-sundried-tomato-140g-6578069,,,2024-06-16T21:35:26.937977-04:00
"Ind53SColes_ADairy, Eggs & Fridge_SACheese_ILa Casa Del Formaggio Original Bocconcini Cheese | 220g",La Casa Del Formaggio Original Bocconcini Cheese | 220g,La Casa Del Formaggio,"Dairy, Eggs & Fridge",Cheese,Gourmet Cheese,,$6.00,,,$27.27 per 1kg,8981404,"Traditional Bocconcini is perfect for slicing over pizzas and lasagnas for a moist, creamy melt. The Traditional is also brilliant for slicing and layering with tomato and basil for a Caprese Salad or tearing and mixing into other salads. Flavours that go well with Traditional Bocconcini include eggplant, olives, tomato, basil, parsley, and sun-dried tomatoes. Traditional Bocconcini are 30g sized balls of fresh mozzarella. Bocconcini is a type of Pasta Filata or stretched curd, which is a delicately flavoured fresh cheese that has a texture very similar to al dente pasta. It is used to carry other flavours such as fresh herbs and extra virgin olive oil in salads.",,,"Per 100g/ml
Per Serving
%DI
Energy
1110kJ
488kJ
Protein
17.9g
7.9g
Total Fat
20.3g
8.9g
Saturated Fat
14.3g
6.3g
Carbohydrate
3.4g
1.5g
Sugars
<1g
<1g
Calcium
396mg
174mg
21%
Sodium
74mg
33mg
* Percentage Daily Intakes are based on an average adult diet of 8700 kJ. Your daily intakes may be higher or lower depending on your energy needs.",,https://www.coles.com.au/product/la-casa-del-formaggio-original-bocconcini-cheese-220g-8981404,,,2024-06-16T21:35:37.753877-04:00
"Ind53SColes_ADairy, Eggs & Fridge_SACheese_ICastello Danish Blue Cheese | 100g",Castello Danish Blue Cheese | 100g,Castello,"Dairy, Eggs & Fridge",Cheese,Blue cheese,,$4.80,,,$48.00 per 1kg,7127600,"A rich blue vein cheese with a sharp, nutty blue mould aroma and hints of marzipan. This is a great addition to any cheeseboard, but could also be used to make gourmet burgers and sandwiches, or crumbled in salads, pizzas or pastas. Goes really well with sweet fruit such as pears, as well as nuts and honey.",,,"Per 100g/ml
Per Serving
%DI
Energy
1420kJ
283kJ
Protein
20g
4g
Total Fat
29g
5.8g
Saturated Fat
18g
3.6g
Carbohydrate
0.1g
<0.1g
Sugars
0.1g
<0.1g
Sodium
1320mg
264mg
* Percentage Daily Intakes are based on an average adult diet of 8700 kJ. Your daily intakes may be higher or lower depending on your energy needs.",,https://www.coles.com.au/product/castello-danish-blue-cheese-100g-7127600,,,2024-06-16T21:35:48.525420-04:00
"Ind53SColes_ADairy, Eggs & Fridge_SAFrozen pastry & party food_IPampas Frozen Puff Pastry Sheets 10 pack | 1.6kg",Pampas Frozen Puff Pastry Sheets 10 pack | 1.6kg,Pampas,"Dairy, Eggs & Fridge",Frozen pastry & party food,Pastry Sheets,,$8.50,,,$0.53 per 100g,8469177,"Make the best pastries with Pampas Frozen Puff Pastry 10 Sheets. Whether you're craving tarts or a fruit-filled roll, Pampas is sure to help you create something delicious. Enjoy pastry the way you want to with Pampas Frozen Puff Pastry. it's light, golden layers are the key ingredient for beautiful pies and tarts. Made with no artificial colours, flavours or preservatives and suitable for vegetarians, these pastry sheets are made to be enjoyed by anyone. Pampas Frozen Puff Pastry gives you flaky, golden layers every time which are perfect for making quiches, pies, slices, tarts and rolls.",,,"Per 100g/ml
Per Serving
%DI
Energy
1390kJ
700kJ
8%
Protein
6.2g
3.1g
6%
Total Fat
15.8g
7.9g
12%
Saturated Fat
7.8g
3.9g
16%
Carbohydrate
41.3g
20.7g
7%
Sugars
2.5g
1.3g
1%
Sodium
345mg
175mg
8%
* Percentage Daily Intakes are based on an average adult diet of 8700 kJ. Your daily intakes may be higher or lower depending on your energy needs.",,https://www.coles.com.au/product/pampas-frozen-puff-pastry-sheets-10-pack-1.6kg-8469177,,,2024-06-16T21:35:59.939134-04:00
"Ind53SColes_ADairy, Eggs & Fridge_SACheese_IPerfect Italiano Cheese Romano Block | 200g",Perfect Italiano Cheese Romano Block | 200g,Perfect Italiano,"Dairy, Eggs & Fridge",Cheese,Block cheese,,$7.50,,,$37.50 per 1kg,2486785,"Perfect Italiano Cheese Romano Block 200g
A traditional style Romano that is a sharp, full flavoured cheese.

Grated or shaved into your risottos, it is bound to add a punch of flavour.

Bold and Extra Strong Flavour",,,"Per 100g/ml
Per Serving
%DI
Energy
1570kJ
157kJ
2%
Protein
32.1g
3.2g
6%
Total Fat
27.0g
2.7g
4%
Saturated Fat
16.3g
1.6g
7%
Carbohydrate
Less than 1g
Less than 1g
0%
Sugars
Less than 1g
Less than 1g
0%
Calcium
950mg
92mg
12% RDI*
Sodium
846mg
85mg
4%
* Percentage Daily Intakes are based on an average adult diet of 8700 kJ. Your daily intakes may be higher or lower depending on your energy needs.","Milk, Salt, Cultures, Enzymes.",https://www.coles.com.au/product/perfect-italiano-cheese-romano-block-200g-2486785,,,2024-06-16T21:36:10.719517-04:00
"Ind53SColes_ADairy, Eggs & Fridge_SACheese_IRiverina Haloumi | 180g",Riverina Haloumi | 180g,Riverina,"Dairy, Eggs & Fridge",Cheese,Gourmet Cheese,,$6.60,,,$36.67 per 1kg,3842193,"Award Winning, 100% Australian Owned Haloumi!

Our Haloumi is made using the highest quality milk from our own farm, situated on the fertile banks of the Murray River at Corowa, NSW.

Haloumi Cheese is a semi-hard stretched curd cheese. It has a high melting point, so can easily be fried or grilled without melting. Its salty flavour and unique texture is delicious when barbequed, with a squeeze of lemon or added to salads or skewers, along with vegetables and meat. Larger cut slices are great on burgers or it can be used in baking as a grated cheese on potatoes or pizzas. Endless possibilities!
Australian Owned & Made

All Natural Ingredients

Quality milk from our own farm

Award Winning

Hallal Certified",,,"Per 100g/ml
Per Serving
%DI
Energy
1286kJ
579kJ
Protein
20.1g
9.0g
Total Fat
22.4g
10.1g
Saturated Fat
15.1g
6.8g
Carbohydrate
6.8g
3.1g
Sugars
2.3g
1.0g
Calcium
630
284
Sodium
940mg
423mg
* Percentage Daily Intakes are based on an average adult diet of 8700 kJ. Your daily intakes may be higher or lower depending on your energy needs.","Pasteurised Cow's Milk, Salt, Non-Animal Rennet",https://www.coles.com.au/product/riverina-haloumi-180g-3842193,,,2024-06-16T21:36:21.519556-04:00
"Ind53SColes_ADairy, Eggs & Fridge_SADairy, chilled & frozen_IPrimo Duos Mild Twiggy Bites And Cheese | 50g",Primo Duos Mild Twiggy Bites And Cheese | 50g,Primo,"Dairy, Eggs & Fridge","Dairy, chilled & frozen",Cheese & yoghurt,,$3.75,,,"$7.50 per 100g
Was $4.25 on May 2024",4380560,Primo Duos Mild Twiggy Bites & Cheddar Cheese is a source of protein. Contains no artificial flavours and colours.,,,"Per 100g/ml
Per Serving
%DI
Energy
1640kJ
820kJ
9%
Protein
22.3g
11.2g
22%
Total Fat
31.6g
15.8g
23%
Saturated Fat
16.7g
8.4g
35%
Carbohydrate
4.8g
2.4g
<1%
Sugars
3.5g
1.8g
2%
Sodium
723mg
362mg
16%
* Percentage Daily Intakes are based on an average adult diet of 8700 kJ. Your daily intakes may be higher or lower depending on your energy needs.","Mild Twiggy [Pork, Cure [Maltodextrin (Maize or Tapioca), Salt, Dextrose (Maize or Tapioca), Tapioca Starch, Dried Vegetables (Onion, Garlic), Spice, Smoke Flavour, Sugar, Mineral Salts (451, 450), Antioxidant (316), Preservative (250)], Acidity Regulators (326, 262), Edible Beef Collagen Casing [Colours (150c, 120, 160b)], Wood Smoke], Cheese [Milk, Salt, Cultures, Enzyme (Rennet), Preservative (200)].",https://www.coles.com.au/product/primo-duos-mild-twiggy-bites-and-cheese-50g-4380560,,,2024-06-16T21:36:35.140043-04:00
"Ind53SColes_ADairy, Eggs & Fridge_SACheese_IColes Monterey Jack Cheese Slices | 200g",Coles Monterey Jack Cheese Slices | 200g,Coles,"Dairy, Eggs & Fridge",Cheese,Cheddar & tasty cheese,,$4.90,,,$24.50 per 1kg,3273510,10 cheese slices mild with a smooth finish,,,"Per 100g/ml
Per Serving
%DI
Energy
1539.7
307.94
Protein
23
4.6
Total Fat
31
6.2
Carbohydrate
0.1
0.02
Sugars
0.1
0.02
Calcium
700
140
Sodium
750
150
Saturated
19.2
3.84
Energy (Cal)
368.35
73.67
Dietary Fibre (total)
0
0
* Percentage Daily Intakes are based on an average adult diet of 8700 kJ. Your daily intakes may be higher or lower depending on your energy needs.",,https://www.coles.com.au/product/coles-monterey-jack-cheese-slices-200g-3273510,,,2024-06-16T21:36:46.006523-04:00
"Ind53SColes_ADairy, Eggs & Fridge_SACheese_IColes Tasty Cheese & Crackers 4 Pack | 120g",Coles Tasty Cheese & Crackers 4 Pack | 120g,Coles,"Dairy, Eggs & Fridge",Cheese,Cheese snacks,,$4.40,,,$3.67 per 100g,2989028,TASTY CHEESE & CRACKERS Three slices of Australian tasty cheddar & three water crackers in each pack. MATURE 3 STRENGTH 4 PACK,,,"Per 100g/ml
Per Serving
%DI
Energy
1628.5
488.55
Protein
21.3
6.39
Total Fat
23.8
7.14
Carbohydrate
21
6.3
Sugars
0.9
0.27
Calcium
540
162
Sodium
640
192
Saturated
16.2
4.86
Energy (Cal)
389.59
116.88
Dietary Fibre (total)
3.6
1.08
Trans
0.8
0.24
* Percentage Daily Intakes are based on an average adult diet of 8700 kJ. Your daily intakes may be higher or lower depending on your energy needs.","INGREDIENTS: Cheese (67%) [Milk, Salt, Starter Culture, Enzyme (Vegetarian Rennet)], Crackers (33%) [Wheat Flour, Vegetable Fats and Oils (contains Palm Oil, Antioxidant (307b)), Salt, Raising Agent (500)].",https://www.coles.com.au/product/coles-tasty-cheese-and-crackers-4-pack-120g-2989028,,,2024-06-16T21:36:56.973535-04:00
"Ind53SColes_ADairy, Eggs & Fridge_SACheese_IColes Low Fat Creamed Cottage Cheese | 500g",Coles Low Fat Creamed Cottage Cheese | 500g,Coles,"Dairy, Eggs & Fridge",Cheese,Brie & soft cheese,,$5.70,,,$11.40 per 1kg,9488552,"Coles Dairy low fat Creamed Cottage cheese, 500g. 97% fat free cottage cheese made with Australian milk for the same great flavour as regular Coles cottage cheese. Great on toast!",,,"Per 100g/ml
Per Serving
%DI
Energy
362.18
362.18
Protein
11.90
11.90
Carbohydrate
5.70
5.70
Sugars
5.00
5.00
Calcium
143.00
143.00
Sodium
273.00
273.00
Saturated
1.20
1.20
Energy (Cal)
86.65
86.65
Fat
1.70
1.70
Dietary Fibre (total)
0.01
0.01
* Percentage Daily Intakes are based on an average adult diet of 8700 kJ. Your daily intakes may be higher or lower depending on your energy needs.",,https://www.coles.com.au/product/coles-low-fat-creamed-cottage-cheese-500g-9488552,,,2024-06-16T21:37:08.048014-04:00
"Ind53SColes_ADairy, Eggs & Fridge_SAVegetarian & vegan_IBio Cheddar Cheese Slices | 200g",Bio Cheddar Cheese Slices | 200g,Bio,"Dairy, Eggs & Fridge",Vegetarian & vegan,Veggie Burgers & Sausages,,$7.20,,$9.00,$36.00 per 1kg,3274782,"The delicious MyLife BioCheese Cheddar Flavour is also available in slices! MyLife BioCheese Slices make it easier to add something special to burgers, sandwiches and toasties. 
Vegan Friendly

Vegetarian

Gluten Free

Soya Free

Lactose Free

Palm Oil Free.

GMO Free.

Sustainable and Renewable.",,,"Per 100g/ml
Per Serving
%DI
Energy
1190
238
Protein
0
0
Total Fat
23.0
4.6
Saturated Fat
21.0
4.2
Carbohydrate
20.0
4.0
Sugars
0.0
0.0
Sodium
920
184
Energy (Cal)
285
57
Dietary Fibre (total)
0.0
0.0
Gluten
NIL DETECTED
NIL DETECTED
Trans
0.23
0.05
* Percentage Daily Intakes are based on an average adult diet of 8700 kJ. Your daily intakes may be higher or lower depending on your energy needs.",,https://www.coles.com.au/product/bio-cheddar-cheese-slices-200g-3274782,,,2024-06-16T21:37:19.331434-04:00
"Ind53SColes_ADairy, Eggs & Fridge_SACheese_ILemnos Fetta Traditional | 180g",Lemnos Fetta Traditional | 180g,Lemnos,"Dairy, Eggs & Fridge",Cheese,Gourmet Cheese,,$6.50,,,$36.11 per 1kg,8857482,"Delicious Lemnos Traditional Fetta is perfect for any
occasion. Sprinkle on salad or pizza, stir through soup or pasta, or simply serve baked with tomatoes as a crowd pleasing canape.

- No artificial flavours.
- No preservatives.

- suitable for vegetarians.
- Vacuum sealed for freshness.
No artificial flavours.

No preservatives.

suitable for vegetarians.

Made in Australia",,,"Per 100g/ml
Per Serving
%DI
Energy
1110 kJ
333 kJ
Protein
17.0 g
5.1 g
Total Fat
21.5 g
6.5 g
Saturated Fat
15.0
4.5 g
Carbohydrate
Less than 1g
Less than 1g
Sugars
Less than 1g
Less than 1g
Calcium
285 mg
86 mg
11%
Sodium
1120 mg
336 mg
Energy (Cal)
268 cal
80 cal
* Percentage Daily Intakes are based on an average adult diet of 8700 kJ. Your daily intakes may be higher or lower depending on your energy needs.",,https://www.coles.com.au/product/lemnos-fetta-traditional-180g-8857482,,,2024-06-16T21:37:30.253461-04:00
"Ind53SColes_ADairy, Eggs & Fridge_SACheese_ILemnos Foods Dairy Cyprus Style Cheese Haloumi | 180g",Lemnos Foods Dairy Cyprus Style Cheese Haloumi | 180g,Lemnos,"Dairy, Eggs & Fridge",Cheese,Gourmet Cheese,,$7.00,,,$38.89 per 1kg,8857507,"Grilled, Fried or Baked, Lemnos Haloumi Cyprus Style Cheese is perfect for a wide range of delicious meals. Suitable for vegetarians, Contains no artificial flavours and no preservatives. Proudly made in Australia.
No artificial flavours

No preservatives

Proudly made in Australia

Suitable for vegetarians",,,"Per 100g/ml
Per Serving
%DI
Energy
1190 kJ
357 kJ
Protein
18.1 g
5.4 g
Total Fat
23.9 g
7.2 g
Saturated Fat
17.0 g
5.1 g
Carbohydrate
1.3 g
Less than 1g
Sugars
1.3 g
Less than 1g
Sodium
1720 mg
516 mg
Energy (Cal)
283 Cal
85 Cal
* Percentage Daily Intakes are based on an average adult diet of 8700 kJ. Your daily intakes may be higher or lower depending on your energy needs.","Pasteurised Cow's Milk, Salt, Milk Solids, Rennet (Vegetarian).",https://www.coles.com.au/product/lemnos-foods-dairy-cyprus-style-cheese-haloumi-180g-8857507,,,2024-06-16T21:37:41.677743-04:00
"Ind53SColes_ADairy, Eggs & Fridge_SACheese_IBega Strong & Bitey Vintage Cheese Slices 15x250g | 250g",Bega Strong & Bitey Vintage Cheese Slices 15x250g | 250g,Bega,"Dairy, Eggs & Fridge",Cheese,Sliced cheese,,$7.50,,,$30.00 per 1kg,9759365,Bega Cheese Strong & Bitey Vintage Slices 250g,,,"Per 100g/ml
Per Serving
%DI
Energy
1700kJ
289kJ
3%
Protein
25.0g
4.3g
8%
Total Fat
34.0g
5.8g
8%
Saturated Fat
21.5g
3.7g
17%
Carbohydrate
Less than 1g
Less than 1g
0%
Sugars
Less than 1g
Less than 1g
0%
Calcium
730mg
Sodium
715mg
122mg
5%
* Percentage Daily Intakes are based on an average adult diet of 8700 kJ. Your daily intakes may be higher or lower depending on your energy needs.",,https://www.coles.com.au/product/bega-strong-and-bitey-vintage-cheese-slices-15x250g-250g-9759365,,,2024-06-16T21:37:53.286187-04:00
"Ind53SColes_ADairy, Eggs & Fridge_SACheese_IDodoni Goat Cheese | 200g",Dodoni Goat Cheese | 200g,Dodoni,"Dairy, Eggs & Fridge",Cheese,Feta cheese,,$8.60,,,$43.00 per 1kg,6577780,Authentic Greek cheese made from pasteurized goat's milk,,,"Per 100g/ml
Per Serving
%DI
Energy
1243kJ
372kJ
Protein
18g
5.4g
Total Fat
25g
7.5g
Saturated Fat
18.8g
5.6g
Carbohydrate
<1g
<1g
Sugars
<1g
<1g
Sodium
1010mg
303mg
* Percentage Daily Intakes are based on an average adult diet of 8700 kJ. Your daily intakes may be higher or lower depending on your energy needs.",,https://www.coles.com.au/product/dodoni-goat-cheese-200g-6577780,,,2024-06-16T21:38:04.448298-04:00
"Ind53SColes_ADairy, Eggs & Fridge_SACheese_IColes Cheesey Peelers 8x20g | 160g",Coles Cheesey Peelers 8x20g | 160g,Coles,"Dairy, Eggs & Fridge",Cheese,Cheese snacks,,$4.80,,,$30.00 per 1kg,1922713,Made with Australian milk Source of Calcium,,,"Per 100g/ml
Per Serving
%DI
Energy
1295.50
259.10
Protein
25.60
5.12
Carbohydrate
1.40
0.28
Sugars
0.50
0.10
Calcium
640.00
128.00
Sodium
670.00
134.00
Saturated
15.20
3.04
Energy (Cal)
309.93
61.99
Fat
22.50
4.50
Dietary Fibre (total)
0.50
0.10
* Percentage Daily Intakes are based on an average adult diet of 8700 kJ. Your daily intakes may be higher or lower depending on your energy needs.","INGREDIENTS: Milk, Salt, Enzyme (Vegetarian Rennet), Starter Culture (Milk).",https://www.coles.com.au/product/coles-cheesey-peelers-8x20g-160g-1922713,,,2024-06-16T21:38:16.152973-04:00
"Ind53SColes_ADairy, Eggs & Fridge_SACheese_IMoondarra Cheese Honey Fig & Macadamia | 120g",Moondarra Cheese Honey Fig & Macadamia | 120g,Moondarra,"Dairy, Eggs & Fridge",Cheese,Specialty & entertaining cheese,,$3.30,,$3.90,$27.50 per 1kg,5437968,"Australian made and Australian owned, Moondarra Honey, Fig & Macadamia 120g is a generous quantity of dried figs encased in smooth, honey flavoured cream cheese, surrounded by roasted macadamias.",,,"Per 100g/ml
Per Serving
%DI
Energy
1470kJ
441kJ
Protein
7.6g
2.3g
Total Fat
27.7g
8.3g
Saturated Fat
17.6g
5.3g
Carbohydrate
18.5g
5.6g
Sugars
12.9g
3.9g
Sodium
302mg
91mg
* Percentage Daily Intakes are based on an average adult diet of 8700 kJ. Your daily intakes may be higher or lower depending on your energy needs.",,https://www.coles.com.au/product/moondarra-cheese-honey-fig-and-macadamia-120g-5437968,,,2024-06-16T21:38:27.076446-04:00
"Ind53SColes_ADairy, Eggs & Fridge_SADairy, chilled & frozen_ICastello Spanish Quince Paste | 125g",Castello Spanish Quince Paste | 125g,Castello,"Dairy, Eggs & Fridge","Dairy, chilled & frozen",Cheese & yoghurt,,$5.00,,,"$40.00 per 1kg
Was $6.00 on Mar 2024",5445616,Castello Quince Paste is the perfect table cheese accompaniment & can be used in cooking use,,,"Per 100g/ml
Per Serving
%DI
Energy
1157kJ
231kJ
Protein
0.49g
0.09g
Total Fat
0g
0g
Saturated Fat
0g
0g
Carbohydrate
66.1g
13.22g
Sugars
59.7g
11.94g
Sodium
16.7mg
3.34mg
* Percentage Daily Intakes are based on an average adult diet of 8700 kJ. Your daily intakes may be higher or lower depending on your energy needs.",,https://www.coles.com.au/product/castello-spanish-quince-paste-125g-5445616,,,2024-06-16T21:38:38.439329-04:00
"Ind53SColes_ADairy, Eggs & Fridge_SAChampagne & sparkling_IBrilla Prosecco Spumante DOC 200mL | 1 Each",Brilla Prosecco Spumante DOC 200mL | 1 Each,Brilla,"Dairy, Eggs & Fridge",Champagne & sparkling,Sparkling,,$6.00,,$27.00,$30.00 per 1L,3870326,"Typical crisp and delicate perlage, pale light yellow colour. Delicate and complex bouquet with fruity notes that remind of peach, green apple with second notes of acacia and lilac. Fresh and light on the palate, with balanced acidity and body; harmonic with a long persistent aftertaste. Ideal as an aperitif, it is a perfect combination to hors-doeuvres and delicate first courses. Also wonderful with sushi, fish and shellfish.",,,,,https://www.coles.com.au/product/brilla-prosecco-spumante-doc-200ml-1-each-3870326,,,2024-06-16T21:38:48.036822-04:00
"Ind53SColes_ADairy, Eggs & Fridge_SACheese_IMoondarra Honey & Pistachio Cream Cheese | 120g",Moondarra Honey & Pistachio Cream Cheese | 120g,Moondarra,"Dairy, Eggs & Fridge",Cheese,Specialty & entertaining cheese,,$3.30,,$3.90,$27.50 per 1kg,3029767,"Australian made and Australian owned, Moondarra Honey & Pistachio 120g is the perfect sweet and crunchy combo, made with soft and creamy cheese, 100% Australian Honey, and roasted pistachio nuts",,,"Per 100g/ml
Per Serving
%DI
Energy
1620kJ
486kJ
Protein
9.3g
2.8g
Total Fat
35g
10.5g
Saturated Fat
23.9g
7.2g
Carbohydrate
10.1g
3g
Sugars
8.4g
2.5g
Sodium
419mg
126mg
* Percentage Daily Intakes are based on an average adult diet of 8700 kJ. Your daily intakes may be higher or lower depending on your energy needs.",,https://www.coles.com.au/product/moondarra-honey-and-pistachio-cream-cheese-120g-3029767,,,2024-06-16T21:38:58.834062-04:00
"Ind53SColes_ADairy, Eggs & Fridge_SACheese_IColes Dairy Tasty Cheese Block | 500g",Coles Dairy Tasty Cheese Block | 500g,Coles,"Dairy, Eggs & Fridge",Cheese,Block cheese,,$7.70,,,$15.40 per 1kg,293995,Coles Dairy 500g tasty cheese block. A matured rich and tasty flavour with a strength indicator of 3. Ideal for cubing and slicing.,,,"Per 100g/ml
Per Serving
%DI
Energy
1700.70
425.18
Protein
24.40
6.10
Carbohydrate
0.10
0.03
Sugars
0.10
0.03
Calcium
708.00
177.00
Sodium
700.00
175.00
Saturated
23.60
5.90
Energy (Cal)
406.87
101.72
Fat
34.60
8.65
Dietary Fibre (total)
0.50
0.13
* Percentage Daily Intakes are based on an average adult diet of 8700 kJ. Your daily intakes may be higher or lower depending on your energy needs.",,https://www.coles.com.au/product/coles-dairy-tasty-cheese-block-500g-293995,,,2024-06-16T21:39:10.131476-04:00
"Ind53SColes_ADairy, Eggs & Fridge_SACheese_ISouth Cape Camembert | 200g",South Cape Camembert | 200g,South Cape,"Dairy, Eggs & Fridge",Cheese,Brie & soft cheese,,,,,,5269091,"South Cape Camembert has a velvety white surface with a smooth, creamy texture and rich nutty flavour. Best served with fruit and paired with white wine. Liberate your plate with South Cape.",,,"Per 100g/ml
Per Serving
%DI
Energy
1430kJ
357.5kJ
0%
Protein
19.9g
4.975g
0%
Total Fat
29g
7.25g
0%
Saturated Fat
21.2g
5.3g
0%
Carbohydrate
<1g
<1g
0%
Sugars
<1g
<1g
0%
Calcium
546mg
136.5mg
0%
Sodium
530mg
132.5mg
0%
* Percentage Daily Intakes are based on an average adult diet of 8700 kJ. Your daily intakes may be higher or lower depending on your energy needs.",,https://www.coles.com.au/product/south-cape-camembert-200g-5269091,,,2024-06-16T21:39:21.810055-04:00
"Ind53SColes_ADairy, Eggs & Fridge_SACheese_IMainland On The Go Cheese & Balsamic Beetroot Lunch Pack | 110g",Mainland On The Go Cheese & Balsamic Beetroot Lunch Pack | 110g,Mainland,"Dairy, Eggs & Fridge",Cheese,Cheese snacks,,$5.50,,,$5.00 per 100g,3757549,Mainland Cheese On The Go Lunch Balsamic Beetroot 110g,,,"Per 100g/ml
Per Serving
%DI
Energy
1540kJ
1700kJ
20%
Protein
12.4g
13.7g
27%
Total Fat
20.8g
22.8g
33%
Saturated Fat
11.5g
12.6g
53%
Carbohydrate
31.3g
34.4g
11%
Sugars
11.8g
13.0g
14%
Calcium
280mg
300mg
(38% RDI*)
Sodium
650mg
710mg
31%
Energy (Cal)
369Cal
406Cal
Dietary Fibre (total)
1.8g
2.0g
7%
* Percentage Daily Intakes are based on an average adult diet of 8700 kJ. Your daily intakes may be higher or lower depending on your energy needs.",,https://www.coles.com.au/product/mainland-on-the-go-cheese-and-balsamic-beetroot-lunch-pack-110g-3757549,,,2024-06-16T21:39:32.987534-04:00
"Ind53SColes_ADairy, Eggs & Fridge_SACheese_ILa Casa Del Formagio Cheese Mozzarella Bag | 125g",La Casa Del Formagio Cheese Mozzarella Bag | 125g,La Casa Del Formagio,"Dairy, Eggs & Fridge",Cheese,Block cheese,,$3.00,,,$24.00 per 1kg,5429085,"It is packaged in a single use bag to be opened and enjoyed immediately to promote freshness. Drain off the brine, slice and layer with tomatoes and basil to form a traditional Caprese salad. It is also a great traditional pizza topping. If you've never had Fresh Mozzarella on your pizza, now is the time to try it! Fresh Mozzarella is a type of Pasta Filata or stretched curd, which is a delicately flavoured fresh cheese that has a texture very similar to al dente pasta.",,,"Per 100g/ml
Per Serving
%DI
Energy
1110kJ
694kJ
Protein
17.9g
11.2g
Total Fat
20.3g
12.7g
Saturated Fat
14.3g
8.9g
Carbohydrate
3.4g
2.1g
Sugars
<1g
<1g
Calcium
396mg
248mg
31%
Sodium
74mg
46mg
* Percentage Daily Intakes are based on an average adult diet of 8700 kJ. Your daily intakes may be higher or lower depending on your energy needs.",,https://www.coles.com.au/product/la-casa-del-formagio-cheese-mozzarella-bag-125g-5429085,,,2024-06-16T21:39:44.515094-04:00
"Ind53SColes_ADairy, Eggs & Fridge_SACheese_IFromager D'Affiniois Petite D'Affinois | 150g",Fromager D'Affiniois Petite D'Affinois | 150g,Fromager DAffiniois,"Dairy, Eggs & Fridge",Cheese,Brie & soft cheese,,$12.60,,,$84.01 per 1kg,3709150,,,,,,https://www.coles.com.au/product/fromager-d'affiniois-petite-d'affinois-150g-3709150,,,2024-06-16T21:39:53.562131-04:00
"Ind53SColes_ADairy, Eggs & Fridge_SA_ISomerdale IL Truffelino Cheddar Cheese With Truffle | 150g",Somerdale IL Truffelino Cheddar Cheese With Truffle | 150g,Somerdale,"Dairy, Eggs & Fridge",,,,$8.80,,,$58.67 per 1kg,3560770,"Somerdale Il Truffelino, 150g. Somerdale Il Truffelino is a premium cheese combining the creamy texture of classic English cheddar with the complex and luxuriant flavour of Black Summer Truffle.Pairs perfectly with a glass of your favourite bubbly for an even more decadent experience!Il Truffelino is suitable for vegetarians and does not contain Gluten.",,,,,https://www.coles.com.au/product/somerdale-il-truffelino-cheddar-cheese-with-truffle-150g-3560770,,,2024-06-16T21:40:02.362905-04:00
"Ind53SColes_ADairy, Eggs & Fridge_SACheese_ILa Casa Del Formaggio Cherry Bocconcini Cheese | 220g",La Casa Del Formaggio Cherry Bocconcini Cheese | 220g,La Casa Del Formaggio,"Dairy, Eggs & Fridge",Cheese,Gourmet Cheese,,$6.00,,,$27.27 per 1kg,8981415,"Cherry Bocconcini is perfect on skewers with tomato and basil, or to be tossed through a salad. Make an entree by dipping into flour, egg and breadcrumbs before deep frying or put in the middle of your meaballs. Cherry Bocconcini are 10g sized small balls of fresh mozzarella. Bocconcini is a type of Pasta Filata or stretched curd, which is a delicately flavoured fresh cheese that has a texture very similar to al dente pasta. It is used to carry other flavours such as fresh herbs and extra virgin olive oil in salads.",,,"Per 100g/ml
Per Serving
%DI
Energy
1110kJ
488kJ
Protein
17.9g
7.9g
Total Fat
20.3g
8.9g
Saturated Fat
14.3g
6.3g
Carbohydrate
3.4g
1.5g
Sugars
<1g
<1g
Calcium
396mg
174mg
21%
Sodium
74mg
33mg
* Percentage Daily Intakes are based on an average adult diet of 8700 kJ. Your daily intakes may be higher or lower depending on your energy needs.","Pasteurised Cows' Milk, Salt, Non-animal Rennet, Starter Cultures.",https://www.coles.com.au/product/la-casa-del-formaggio-cherry-bocconcini-cheese-220g-8981415,,,2024-06-16T21:40:13.702669-04:00
"Ind53SColes_ADairy, Eggs & Fridge_SACheese_IPhiladelphia Light Cream Cheese Block | 250g",Philadelphia Light Cream Cheese Block | 250g,Philadelphia,"Dairy, Eggs & Fridge",Cheese,Cream cheese & spreads,,$5.70,,,$22.80 per 1kg,5590885,"Philadelphia light block is your essential ingredient for a less fat cheesecake and tart or as a lighter icing alternative for any of your baking creations. Philadelphia Light block is also ideal to be used on salads. Philadelphia Light is highly versatile and can be enjoyed by the whole family and it's the perfect choice for all things cheesy and creamy.
25% less fat on average than Philadelphia Original block

Deliciously Creamy

Philadelphia is made in Australia since 1956

Natural ingredients

No artificial colours or flavours

No artificial colours or flavours.",,,"Per 100g/ml
Per Serving
%DI
Energy
948kJ
237kJ
3%
Protein
6.1g
1.5g
3%
Total Fat
21.9g
5.5g
8%
Saturated Fat
15.3g
3.8g
16%
Carbohydrate
2.9g
<1.0g
<1%
Sugars
2.8g
<1.0g
1%
Sodium
379mg
25mg
4%
Monounsaturated
0
0
0
Energy (Cal)
0
0
0
Dietary Fibre (total)
0
0
0
Polyunsaturated
0
0
0
Trans
0
0
0
* Percentage Daily Intakes are based on an average adult diet of 8700 kJ. Your daily intakes may be higher or lower depending on your energy needs.","Milk, Cream (From Milk), Milk Solids, Salt, Vegetable Gums (Locust Bean And/Or Guar), Starter Culture, Processing Aids (Contain Milk).",https://www.coles.com.au/product/philadelphia-light-cream-cheese-block-250g-5590885,,,2024-06-16T21:40:25.339817-04:00
"Ind53SColes_ADairy, Eggs & Fridge_SA_IKiri Cheese Cream | 108g",Kiri Cheese Cream | 108g,Kiri,"Dairy, Eggs & Fridge",,,,$4.85,,,$44.91 per 1kg,7646073,,,,,,https://www.coles.com.au/product/kiri-cheese-cream-108g-7646073,,,2024-06-16T21:40:33.944579-04:00
"Ind53SColes_ADairy, Eggs & Fridge_SACheese_IKroon Goats Cheese Wedge | 200g",Kroon Goats Cheese Wedge | 200g,Kroon,"Dairy, Eggs & Fridge",Cheese,Specialty & entertaining cheese,,$10.00,,,$50.00 per 1kg,6934797,,,,,,https://www.coles.com.au/product/kroon-goats-cheese-wedge-200g-6934797,,,2024-06-16T21:40:43.462272-04:00
"Ind53SColes_ADairy, Eggs & Fridge_SACheese_IColes Cypriot Halloumi With Mint | 250g",Coles Cypriot Halloumi With Mint | 250g,Coles,"Dairy, Eggs & Fridge",Cheese,Gourmet Cheese,,$6.50,,,$26.00 per 1kg,2173917,"Coles Dairy traditional Cypriot halloumi with a hint of mint, 250g. Perfect for barbecues and salads.",,,"Per 100g/ml
Per Serving
%DI
Energy
1351.27
337.82
Protein
22.97
5.74
Carbohydrate
2.17
0.54
Sugars
1.63
0.41
Calcium
634.00
158.50
Sodium
1200.00
300.00
Saturated
14.30
3.58
Energy (Cal)
323.27
80.82
Fat
24.97
6.24
Dietary Fibre (total)
0.00
0.00
Trans
0.60
0.15
* Percentage Daily Intakes are based on an average adult diet of 8700 kJ. Your daily intakes may be higher or lower depending on your energy needs.",,https://www.coles.com.au/product/coles-cypriot-halloumi-with-mint-250g-2173917,,,2024-06-16T21:40:54.478469-04:00
"Ind53SColes_ADairy, Eggs & Fridge_SA_IColes Finest Triple Cream Brie | 200g",Coles Finest Triple Cream Brie | 200g,Coles,"Dairy, Eggs & Fridge",,,,$5.50,,,$27.50 per 1kg,2801758,"Smooth, rich & extra creamy soft-ripened cheese crafted in the Gippsland region using Australian milk",,,"Per 100g/ml
Per Serving
%DI
Energy
1563.00
390.75
Protein
14.70
3.68
Carbohydrate
0.80
0.20
Sugars
0.10
0.03
Calcium
439.00
109.75
Sodium
469.00
117.25
Saturated
24.00
6.00
Energy (Cal)
373.92
93.48
Fat
35.10
8.78
Dietary Fibre (total)
0.10
0.03
* Percentage Daily Intakes are based on an average adult diet of 8700 kJ. Your daily intakes may be higher or lower depending on your energy needs.",,https://www.coles.com.au/product/coles-finest-triple-cream-brie-200g-2801758,,,2024-06-16T21:41:05.996535-04:00
"Ind53SColes_ADairy, Eggs & Fridge_SACheese_IColes Marinated Danish Fetta | 300g",Coles Marinated Danish Fetta | 300g,Coles,"Dairy, Eggs & Fridge",Cheese,Feta cheese,,$6.10,,,$20.33 per 1kg,2466450,"Coles Dairy Marinated Danish Feta, 300g. Bronze medallist in the Sydney Royal 2017 cheese and dairy show. Danish fetta marinated in herbs and garlic ready to be eaten on fresh bread.",,,"Per 100g/ml
Per Serving
%DI
Energy
1180
296
3
Protein
9.88
2.47
Total Fat
25.8
6.5
9
Saturated Fat
8.8
2.2
9
Carbohydrate
3.46
0.87
Sugars
2.26
0.57
Sodium
1290.00
322.50
Energy (Cal)
283
71
Dietary Fibre (total)
0.00
0.00
* Percentage Daily Intakes are based on an average adult diet of 8700 kJ. Your daily intakes may be higher or lower depending on your energy needs.",,https://www.coles.com.au/product/coles-marinated-danish-fetta-300g-2466450,,,2024-06-16T21:41:17.352237-04:00
"Ind53SColes_ADairy, Eggs & Fridge_SACheese_IPerfect Italiano Original Ricotta Soft Cheese | 500g",Perfect Italiano Original Ricotta Soft Cheese | 500g,Perfect Italiano,"Dairy, Eggs & Fridge",Cheese,Brie & soft cheese,,$7.00,,,$14.00 per 1kg,68321,"Perfect Italiano Cheese Smooth Ricotta 500g
Smooth and creamy, perfect in both your sweet and savoury dishes.",,,"Per 100g/ml
Per Serving
%DI
Energy
572kJ
715kJ
8%
Protein
8.7g
10.9g
22%
Total Fat
9.8g
12.2g
17%
Saturated Fat
6.9g
8.6g
36%
Carbohydrate
3.6g
4.5g
1%
Sugars
3.6g
4.5g
5%
Sodium
183mg
229mg
10%
* Percentage Daily Intakes are based on an average adult diet of 8700 kJ. Your daily intakes may be higher or lower depending on your energy needs.","Milk, Milk Solids, Acidity Regulator (260), Salt, Preservative (202).",https://www.coles.com.au/product/perfect-italiano-original-ricotta-soft-cheese-500g-68321,,,2024-06-16T21:41:28.405016-04:00
"Ind53SColes_ADairy, Eggs & Fridge_SACheese_ILemnos Smooth Fetta | 200g",Lemnos Smooth Fetta | 200g,Lemnos,"Dairy, Eggs & Fridge",Cheese,Feta cheese,,$6.50,,,$32.50 per 1kg,9728565,"Delicious Lemos Smooth Fetta is perfect for any occasion. Sprinkle on salad or pizza, stir through soup or pasta, or simply serve baked with tomatoes as a crowd pleasing Canape.
 No artificial flavours

No preservatives

Suitable for vegetarians",,,"Per 100g/ml
Per Serving
%DI
Energy
1020 kJ
255 kJ
Protein
10.5 g
2.6 g
Total Fat
21.5 g
5.4 g
Saturated Fat
11.4 g
2.8 g
Carbohydrate
3.0 g
Less than 1g
Sugars
2.2 g
Less than 1g
Sodium
1330 mg
333 mg
Energy (Cal)
244 Cal
61 Cal
* Percentage Daily Intakes are based on an average adult diet of 8700 kJ. Your daily intakes may be higher or lower depending on your energy needs.",,https://www.coles.com.au/product/lemnos-smooth-fetta-200g-9728565,,,2024-06-16T21:41:39.906990-04:00
"Ind53SColes_ADairy, Eggs & Fridge_SACheese_IMainland On The Go Tasty Cheese & Crackers 4 Pack | 120g",Mainland On The Go Tasty Cheese & Crackers 4 Pack | 120g,Mainland,"Dairy, Eggs & Fridge",Cheese,Cheese snacks,,$5.50,,$7.00,$4.58 per 100g,5415670,Mainland On The Go Tasty Cheese and Crackers 120g,,,"Per 100g/ml
Per Serving
%DI
Energy
1770kJ
531kJ
6 %
Protein
19.8g
5.9g
12 %
Total Fat
27.8g
8.3g
11.7g
Saturated Fat
16.2g
4.9g
20 %
Carbohydrate
21.8g
6.5g
2 %
Sugars
LESS THAN 1g
LESS THAN 1g
0
Calcium
511mg
153mg
19% RDI*
Sodium
675mg
203mg
9 %
* Percentage Daily Intakes are based on an average adult diet of 8700 kJ. Your daily intakes may be higher or lower depending on your energy needs.",,https://www.coles.com.au/product/mainland-on-the-go-tasty-cheese-and-crackers-4-pack-120g-5415670,,,2024-06-16T21:41:51.150015-04:00
"Ind53SColes_ADairy, Eggs & Fridge_SACheese_ITasmanian Heritage Club Cheddar Smoked | 140g",Tasmanian Heritage Club Cheddar Smoked | 140g,Tasmanian Heritage,"Dairy, Eggs & Fridge",Cheese,Cheddar & tasty cheese,,$6.50,,,$46.43 per 1kg,7161008,"South Cape Smoked Club Cheddar is a moist club cheese with a deep golden colour and fudgy texture. It has a toasty aroma and a sweet, yet creamy flavour with subtle savoury smokiness. Best served with fruit, crackers and paired with craft beer. Liberate your plate with South Cape.",,,"Per 100g/ml
Per Serving
%DI
Energy
1710kJ
427.5kJ
0%
Protein
25.6g
6.4g
0%
Total Fat
34g
8.5g
0%
Saturated Fat
22.8g
5.7g
0%
Carbohydrate
<1g
<1g
0%
Sugars
<1g
<1g
0%
Calcium
725mg
181.25mg
0%
Sodium
720mg
180mg
0%
* Percentage Daily Intakes are based on an average adult diet of 8700 kJ. Your daily intakes may be higher or lower depending on your energy needs.",,https://www.coles.com.au/product/tasmanian-heritage-club-cheddar-smoked-140g-7161008,,,2024-06-16T21:42:02.188763-04:00
"Ind53SColes_ADairy, Eggs & Fridge_SAColes Finest_IColes Finest Wensleydale With Cranberry PGI | 150g",Coles Finest Wensleydale With Cranberry PGI | 150g,Coles,"Dairy, Eggs & Fridge",Coles Finest,cheeses,,$6.50,,,$43.34 per 1kg,5217371,This regional speciality pairs creamy crumbly Wensleydale with the fruity succulence of sweet cranberries PGI 150g,,,"Per 100g/ml
Per Serving
%DI
Energy
1560.50
468.15
Protein
19.80
5.94
Total Fat
26.60
7.98
Saturated Fat
17.60
5.28
Carbohydrate
14.10
4.23
Sugars
12.00
3.60
Sodium
420.00
126.00
Energy (Cal)
373.33
112.00
Dietary Fibre (total)
0.00
0.00
Trans
0.37
0.11
* Percentage Daily Intakes are based on an average adult diet of 8700 kJ. Your daily intakes may be higher or lower depending on your energy needs.",,https://www.coles.com.au/product/coles-finest-wensleydale-with-cranberry-pgi-150g-5217371,,,2024-06-16T21:42:13.229005-04:00
"Ind53SColes_ADairy, Eggs & Fridge_SACheese_IAustralian Gold Dairy Cheese Brie | 115g",Australian Gold Dairy Cheese Brie | 115g,Australian Gold,"Dairy, Eggs & Fridge",Cheese,Brie & soft cheese,,$4.50,,,$39.13 per 1kg,8085619,,,,,,https://www.coles.com.au/product/australian-gold-dairy-cheese-brie-115g-8085619,,,2024-06-16T21:42:21.983717-04:00
"Ind53SColes_ADairy, Eggs & Fridge_SACheese_IColes Cheese Bites Chorizo & Mini Preztels | 50g",Coles Cheese Bites Chorizo & Mini Preztels | 50g,Coles,"Dairy, Eggs & Fridge",Cheese,Cheese snacks,,$3.50,,,$7.00 per 100g,4383965,"Coles Dairy 50g mild tasty cheese cubes made with Australian milk, mild chorizo bites and mini salted pretzels. The perfect snack for on the go.",,,"Per 100g/ml
Per Serving
%DI
Energy
1747.20
873.60
Protein
22.30
11.15
Carbohydrate
20.20
10.10
Sugars
2.70
1.35
Calcium
300.00
150.00
Sodium
900.00
450.00
Saturated
13.90
6.95
Energy (Cal)
417.99
209.00
Fat
27.50
13.75
Dietary Fibre (total)
0.90
0.45
Trans
0.90
0.45
* Percentage Daily Intakes are based on an average adult diet of 8700 kJ. Your daily intakes may be higher or lower depending on your energy needs.",,https://www.coles.com.au/product/coles-cheese-bites-chorizo-and-mini-preztels-50g-4383965,,,2024-06-16T21:42:33.178020-04:00
"Ind53SColes_ADairy, Eggs & Fridge_SACheese_IColes Tasty Cheese Slices Hungarian Salami & Watercrackers | 50g",Coles Tasty Cheese Slices Hungarian Salami & Watercrackers | 50g,Coles,"Dairy, Eggs & Fridge",Cheese,Cheese snacks,,$3.50,,,$7.00 per 100g,5437913,"Delicious slices of tasty cheese, Hungarian salami & water crackers. Perfect snack for on the go! Cheese made with Australian milk MILD = 1 chilli rating 4 Tasty Cheese Slices 4 Hungarian Salami Slices 4 Water Crackers",,,"Per 100g/ml
Per Serving
%DI
Energy
1680.10
840.05
Protein
20.30
10.15
Total Fat
28.10
14.05
Saturated Fat
15.90
7.95
Carbohydrate
16.90
8.45
Sugars
1.30
0.65
Calcium
276.10
138.05
Sodium
1287.00
643.50
Energy (Cal)
401.94
200.97
Dietary Fibre (total)
1.00
0.50
Trans
0.10
0.05
* Percentage Daily Intakes are based on an average adult diet of 8700 kJ. Your daily intakes may be higher or lower depending on your energy needs.",,https://www.coles.com.au/product/coles-tasty-cheese-slices-hungarian-salami-and-watercrackers-50g-5437913,,,2024-06-16T21:42:44.470147-04:00
"Ind53SColes_ADairy, Eggs & Fridge_SACheese_IMontefiore Mascarpone | 250g",Montefiore Mascarpone | 250g,Montefiore,"Dairy, Eggs & Fridge",Cheese,Brie & soft cheese,,$6.50,,,$26.00 per 1kg,1865325,"Prepare desserts and savoury dishes using Montefiore Mascarpone Cheese. Thought to originate from the Lombardy region of Italy, mascarpone cheese is a fresh cream cheese, milky white in colour. Soft enough to spread, it is made from pure enriched cream.
Soft traditional Italian cheese
Award-winning cheese
Made in Australia from at least 99% Australian ingredients.",,,,"Cream, Milk, Sugar, Food Acid (330).",https://www.coles.com.au/product/montefiore-mascarpone-250g-1865325,,,2024-06-16T21:42:53.686438-04:00
"Ind53SColes_ADairy, Eggs & Fridge_SACheese_IBega Cream Cheese Spreadable Tub | 225g",Bega Cream Cheese Spreadable Tub | 225g,Bega,"Dairy, Eggs & Fridge",Cheese,Cream cheese & spreads,,$5.00,,,$22.22 per 1kg,6134510,"Bega Cream Cheese Spreadable original is proudly Aussie made and owned. 

Deliciously smooth and creamy, Bega Cream Cheese is the perfect spead on top of bagels with smoked salmon, tomatoes and cracked pepper making the ultimate breakfast, mid morning snack or even lunch!

No artificial colours, flavours or preservatives.
Australia's Cream Cheese

Proudly Australian Made and Owned

No artificial colours, flavours or preservatives

Supports the Better Farms program",,,"Per 100g/ml
Per Serving
%DI
Energy
1220kJ
305kJ
4%
Protein
7.2g
1.8g
4%
Total Fat
28.1g
7.0g
10%
Saturated Fat
18.9g
4.7g
20%
Carbohydrate
3.4g
<1.0g
<1%
Sugars
2.9g
<1.0g
<1%
Sodium
288mg
72mg
3%
* Percentage Daily Intakes are based on an average adult diet of 8700 kJ. Your daily intakes may be higher or lower depending on your energy needs.",,https://www.coles.com.au/product/bega-cream-cheese-spreadable-tub-225g-6134510,,,2024-06-16T21:43:04.479046-04:00
"Ind53SColes_ADairy, Eggs & Fridge_SACheese_ITidbit Spanish Goats Cheese | 150g",Tidbit Spanish Goats Cheese | 150g,Tidbit,"Dairy, Eggs & Fridge",Cheese,Cheddar & tasty cheese,,$7.00,,,$46.67 per 1kg,5443304,,,,,,https://www.coles.com.au/product/tidbit-spanish-goats-cheese-150g-5443304,,,2024-06-16T21:43:13.380755-04:00
"Ind53SColes_ADairy, Eggs & Fridge_SACheese_IRiverina Fetta Basil Pesto | 200g",Riverina Fetta Basil Pesto | 200g,Riverina,"Dairy, Eggs & Fridge",Cheese,Gourmet Cheese,,$5.30,,,$26.50 per 1kg,4360846,"Award Winning, 100% Australian Owned Fetta infused with Basil Pesto!

Our delicious NUT FREE Basil Pesto-infused Fetta blends basil and garlic with our award winning Double Cream Fetta for a taste sensation. Try adding to your favourite omelet or quiche, sprinkle on a salad or enjoy just on its own as a flavour filled snack.

Our Fetta is made using the highest quality milk from our own farm situated on the fertile banks of the Murray River at Corowa NSW. 
Infused with Basil Pesto
100% Australian Owned and Made
All Natural Ingredients
Award Winning
Quality milk from our own farm
Made with Double Cream.",,,"Per 100g/ml
Per Serving
%DI
Energy
1590kJ
397.5kJ
Protein
19.4g
4.9g
Total Fat
34g
8.5g
Saturated Fat
23.6g
5.9g
Carbohydrate
0.1g
0.1g
Sugars
<0.1g
<0.1g
Sodium
800mg
200mg
* Percentage Daily Intakes are based on an average adult diet of 8700 kJ. Your daily intakes may be higher or lower depending on your energy needs.",,https://www.coles.com.au/product/riverina-fetta-basil-pesto-200g-4360846,,,2024-06-16T21:43:24.347211-04:00
"Ind53SColes_ADairy, Eggs & Fridge_SACheese_IMersey Valley Club Vintage Dairy Extra Tasty Cheddar Cheese | 180g",Mersey Valley Club Vintage Dairy Extra Tasty Cheddar Cheese | 180g,Mersey Valley,"Dairy, Eggs & Fridge",Cheese,Cheddar & tasty cheese,,$8.65,,,$48.06 per 1kg,6580526,"Mersey Valley Classic has a strong cheddar bite with a crumbly, melt in your mouth texture that has you coming back for more. Mersey Valley Classic is best paired with tomato relish, gherkins and cold meats, and best served with light craft beer or light red wine.Perfect for a snack that really hits the spot!",,,"Per 100g/ml
Per Serving
%DI
Energy
1740kJ
435kJ
0%
Protein
24.8g
6.2g
0%
Total Fat
33g
8.25g
0%
Saturated Fat
21.1g
5.275g
0%
Carbohydrate
1.4g
<1g
0%
Sugars
<1g
<1g
0%
Calcium
725mg
181.25mg
0%
Sodium
762mg
190.5mg
0%
* Percentage Daily Intakes are based on an average adult diet of 8700 kJ. Your daily intakes may be higher or lower depending on your energy needs.",,https://www.coles.com.au/product/mersey-valley-club-vintage-dairy-extra-tasty-cheddar-cheese-180g-6580526,,,2024-06-16T21:43:35.270234-04:00
"Ind53SColes_ADairy, Eggs & Fridge_SACheese_ISouth Cape Apricot & Almond Cream Cheese | 200g",South Cape Apricot & Almond Cream Cheese | 200g,South Cape,"Dairy, Eggs & Fridge",Cheese,Specialty & entertaining cheese,,$6.50,,,$32.50 per 1kg,6581201,"South Cape Apricot and Almond Cream Cheese is delicious combination of ripe apricots, tropical papaya and natural almonds. It has an amazing fresh flavour with a light, soft texture. Best served with crackers and paired with a sparkling wine. Liberate your plate with South Cape.",,,"Per 100g/ml
Per Serving
%DI
Energy
1380kJ
345kJ
0%
Protein
6.4g
1.6g
0%
Total Fat
28.1g
7.025g
0%
Saturated Fat
19.7g
4.925g
0%
Carbohydrate
13.3g
3.325g
0%
Sugars
10.8g
2.7g
0%
Sodium
280mg
70mg
0%
* Percentage Daily Intakes are based on an average adult diet of 8700 kJ. Your daily intakes may be higher or lower depending on your energy needs.",,https://www.coles.com.au/product/south-cape-apricot-and-almond-cream-cheese-200g-6581201,,,2024-06-16T21:43:46.131243-04:00
"Ind53SColes_ADairy, Eggs & Fridge_SACheese_IYarra Valley Cheese Fresh Goats Cheese | 80g",Yarra Valley Cheese Fresh Goats Cheese | 80g,Yarra Valley,"Dairy, Eggs & Fridge",Cheese,Specialty & entertaining cheese,,$5.50,,,$68.75 per 1kg,5443461,"Yarra Valley Cheese Fresh Goats Cheese. Salty, fresh goat's milk cheese with a savoury yoghurt aroma and light citrus finish.
Made in Australia

Fresh Goats Cheese

New Smaller Size

Creamy Goat's milk cheese

The way cheese should be.",,,"Per 100g/ml
Per Serving
%DI
Energy
1140
228
Protein
15.9
3.2
Total Fat
19.6
3.9
Saturated Fat
14.5
2.9
Carbohydrate
3.7
<1
Sugars
1.6
<1
Sodium
470
94
Trans
<1
<1
* Percentage Daily Intakes are based on an average adult diet of 8700 kJ. Your daily intakes may be higher or lower depending on your energy needs.",,https://www.coles.com.au/product/yarra-valley-cheese-fresh-goats-cheese-80g-5443461,,,2024-06-16T21:43:57.098489-04:00
"Ind53SColes_ADairy, Eggs & Fridge_SACheese_IAshgrove Natural Wood Cold Smoked Havarti Cheese Block | 140g",Ashgrove Natural Wood Cold Smoked Havarti Cheese Block | 140g,Ashgrove,"Dairy, Eggs & Fridge",Cheese,Firm cheese,,$7.50,,,$53.57 per 1kg,3272925,"Ashgrove Lake Burbury Tasmanian Smoked Havarti is soft, creamy and naturally wood smoked. Pair with Tasmanian cider and salami. 100% Tassie family-owned from paddock to plate. Family farm since 1908. Grass, cow, you.",,,"Per 100g/ml
Per Serving
%DI
Energy
1540kJ
308kJ
Protein
24.0g
4.8g
Total Fat
30.3g
6.1g
Saturated Fat
22.2g
4.4g
Carbohydrate
0.9g
0.2g
Sugars
0.1g
0.0
Calcium
774mg
155mg
Sodium
567mg
113mg
Trans
1.4g
0.3g
* Percentage Daily Intakes are based on an average adult diet of 8700 kJ. Your daily intakes may be higher or lower depending on your energy needs.",,https://www.coles.com.au/product/ashgrove-natural-wood-cold-smoked-havarti-cheese-block-140g-3272925,,,2024-06-16T21:44:08.785141-04:00
"Ind53SColes_ADairy, Eggs & Fridge_SACheese_IDairylea Cheddar Cheese Slices 12 Pack | 250g",Dairylea Cheddar Cheese Slices 12 Pack | 250g,Dairylea,"Dairy, Eggs & Fridge",Cheese,Sliced cheese,,$5.40,,,$21.60 per 1kg,192535,"Dairylea Cheddar Cheese Slices have no artificial colours or flavours and are a delicious source of calcium! Cheddar slices are great addition to wraps, sandwiches and toasties.",,,"Per 100g/ml
Per Serving
%DI
Energy
1410kJ
294kJ
3%
Protein
18.0g
3.7g
7%
Total Fat
28.8g
6.0g
9%
Saturated Fat
19.3g
4.0g
17%
Carbohydrate
2.5g
<1.0g
<1%
Sugars
2.0g
<1.0g
<1%
Calcium
615 mg
128 mg
16%
Sodium
1700mg
354mg
15%
* Percentage Daily Intakes are based on an average adult diet of 8700 kJ. Your daily intakes may be higher or lower depending on your energy needs.",,https://www.coles.com.au/product/dairylea-cheddar-cheese-slices-12-pack-250g-192535,,,2024-06-16T21:44:19.533760-04:00
"Ind53SColes_ADairy, Eggs & Fridge_SACheese_IJarlsberg Dairy Swiss Lite Cheese Slices | 150g",Jarlsberg Dairy Swiss Lite Cheese Slices | 150g,Jarlsberg,"Dairy, Eggs & Fridge",Cheese,Sliced cheese,,$8.50,Pick any 2 for $13,,$56.67 per 1kg,8389680,"Jarlsberg is made with a secret recipe since 1956, and generations of know-how.
A semi-soft, Swiss style cheese that is famous for its distinctive sweet and nutty taste with large, round holes.
Low in lactose and gluten free.
Cheese Type: Semi-Soft, Swiss Style
Milk: Cow
Origin: Ireland
Serving Suggestion: A versatile cheese - perfect for cheeseboards, toasties or sandwiches.
Wine Pairing: Chardonnay or Pinot Noir",,,,,https://www.coles.com.au/product/jarlsberg-dairy-swiss-lite-cheese-slices-150g-8389680,,,2024-06-16T21:44:28.443677-04:00
"Ind53SColes_ADairy, Eggs & Fridge_SAPrimo_IPrimo Cabanossi Barbeque Shapes & Tasty Cheese | 50g",Primo Cabanossi Barbeque Shapes & Tasty Cheese | 50g,Primo,"Dairy, Eggs & Fridge",Primo,Crackers & Snacks,,$4.50,,,$9.00 per 100g,5420943,"A delicious trio combination of Primo Cabanossi, Tasty cheese cubes and Arnott's Shapes Original BBQ crackers
Irresistible flavour trifecta mix

Convenient on the go snack

Source of Protein

No artificial flavours",,,"Per 100g/ml
Per Serving
%DI
Energy
1550
773
9%
Protein
16.8
8.4
17
Total Fat
27.1
13.6
19
Saturated Fat
12.7
6.4
26
Carbohydrate
15
7.5
2
Sugars
<1g
<1g
<1%
Sodium
799mg
399mg
17
* Percentage Daily Intakes are based on an average adult diet of 8700 kJ. Your daily intakes may be higher or lower depending on your energy needs.",,https://www.coles.com.au/product/primo-cabanossi-barbeque-shapes-and-tasty-cheese-50g-5420943,,,2024-06-16T21:44:39.724063-04:00
"Ind53SColes_ADairy, Eggs & Fridge_SACheese_ICheer Tasty Cheese Slices | 500g",Cheer Tasty Cheese Slices | 500g,Cheer,"Dairy, Eggs & Fridge",Cheese,Sliced cheese,,$10.00,,$11.00,$20.00 per 1kg,8578,"CHEER Tasty Cheese slices are a must for any sandwich! CHEER Tasty Cheese will melt and bubble nicely under the grill. A mild flavour makes it perfect for families.CHEER 500g Tasty Cheese Slices are perfect for lunch box sandwiches on the go or to create delicious cheesy toasties at home! With a mild cheese flavour and 32 slice pack, CHEER Tasty Cheese Slices are perfect for the whole family.- 32 Tasty cheese slices - Made in Australia from 100% Australian cow's milk- Vegetarian friendly- Preservative free- Mild cheese flavour- Perfect for your back to school lunch box or as a snack when relaxing at home!",,,"Per 100g/ml
Per Serving
%DI
Energy
1690kJ
355kJ
0%
Protein
25.8g
5.4g
0%
Total Fat
33.3g
7g
0%
Saturated Fat
21.6g
4.5g
0%
Carbohydrate
<1g
<1g
0%
Sugars
<1g
<1g
0%
Calcium
750mg
158mg
20%
Sodium
720mg
151mg
0%
* Percentage Daily Intakes are based on an average adult diet of 8700 kJ. Your daily intakes may be higher or lower depending on your energy needs.","Pasteurized Milk, Salt, Starter Cultures, Non animal rennet",https://www.coles.com.au/product/cheer-tasty-cheese-slices-500g-8578,,,2024-06-16T21:44:50.509151-04:00
"Ind53SColes_ADairy, Eggs & Fridge_SACheese_IReal Tasty Cheese Mild Salami & Crackers 3 Pack | 150g",Real Tasty Cheese Mild Salami & Crackers 3 Pack | 150g,Real,"Dairy, Eggs & Fridge",Cheese,Cheese snacks,,$9.10,,,$6.07 per 100g,4381868,With three satisfying snacks in every box our multi-packs are perfect for when stocking up and everyday for the lunch box.,,,"Per 100g/ml
Per Serving
%DI
Energy
1730kJ
865kJ
10.0%
Protein
21.0g
10.5g
21.0%
Total Fat
24.2g
12.1g
17.3%
Saturated Fat
12.6g
6.3g
26.3%
Carbohydrate
28.5g
14.3g
4.6%
Sugars
1.2g
0.6g
0.7%
Sodium
1026mg
513mg
22.3%
Energy (Cal)
412Cal
206Cal
10.0%
* Percentage Daily Intakes are based on an average adult diet of 8700 kJ. Your daily intakes may be higher or lower depending on your energy needs.",,https://www.coles.com.au/product/real-tasty-cheese-mild-salami-and-crackers-3-pack-150g-4381868,,,2024-06-16T21:45:01.493448-04:00
"Ind53SColes_ADairy, Eggs & Fridge_SACheese_ISouth Cape Danish Style Fetta | 200g",South Cape Danish Style Fetta | 200g,South Cape,"Dairy, Eggs & Fridge",Cheese,Feta cheese,,$6.50,,,$32.50 per 1kg,7117243,"South Cape Danish Style Fetta is a smooth, creamy bright white fetta with a mild flavour and tangy aftertaste. It has a firm texture which slices easily. Best served with salad and paired with sparkling. Liberate your plate with South Cape.",,,"Per 100g/ml
Per Serving
%DI
Energy
940kJ
235kJ
0%
Protein
15.1g
3.775g
0%
Total Fat
18g
4.5g
0%
Saturated Fat
11.7g
2.925g
0%
Carbohydrate
<1g
<1g
0%
Sugars
<1g
<1g
0%
Calcium
425mg
106.25mg
0%
Sodium
1179mg
294.75mg
0%
* Percentage Daily Intakes are based on an average adult diet of 8700 kJ. Your daily intakes may be higher or lower depending on your energy needs.",,https://www.coles.com.au/product/south-cape-danish-style-fetta-200g-7117243,,,2024-06-16T21:45:12.199105-04:00
"Ind53SColes_ADairy, Eggs & Fridge_SACheese_INormandie Dairy Champagne Pate | 150g",Normandie Dairy Champagne Pate | 150g,Normandie,"Dairy, Eggs & Fridge",Cheese,Pates & platters,,$5.10,,,$3.40 per 100g,5686339,,,,"Per 100g/ml
Per Serving
%DI
Energy
1410kJ
141kJ
Protein
9g
0.9g
Total Fat
33g
3.3g
Saturated Fat
20g
2g
Carbohydrate
2g
0.2g
Sugars
<1g
<1g
Sodium
480mg
48mg
* Percentage Daily Intakes are based on an average adult diet of 8700 kJ. Your daily intakes may be higher or lower depending on your energy needs.",,https://www.coles.com.au/product/normandie-dairy-champagne-pate-150g-5686339,,,2024-06-16T21:45:23.281852-04:00
"Ind53SColes_ADairy, Eggs & Fridge_SACheese_IMaggie Beer Quince Paste | 100g",Maggie Beer Quince Paste | 100g,Maggie Beer,"Dairy, Eggs & Fridge",Cheese,Pates & platters,,$6.30,,,$6.30 per 100g,8133052,Maggie Beer's slow dried Cavatelli Pasta has an authentic flavour and texture that makes it the perfect starting point for any pasta dish. Simply combine with one of Maggie's rich and flavourful pasta sauces to create an instant family favourite!,,,"Per 100g/ml
Per Serving
%DI
Energy
1350kJ
1688kJ
Protein
10.7g
13.4g
Total Fat
1.2g
1.5g
Saturated Fat
<1g
<1g
Carbohydrate
66.2g
82.8g
Sugars
<1g
<1g
Sodium
<5mg
<5mg
* Percentage Daily Intakes are based on an average adult diet of 8700 kJ. Your daily intakes may be higher or lower depending on your energy needs.",,https://www.coles.com.au/product/maggie-beer-quince-paste-100g-8133052,,,2024-06-16T21:45:34.369309-04:00
"Ind53SColes_ADairy, Eggs & Fridge_SACheese_IThe Laughing Cow Light Less Fat Cheese Spread | 128g",The Laughing Cow Light Less Fat Cheese Spread | 128g,The Laughing Cow,"Dairy, Eggs & Fridge",Cheese,Cheese snacks,,$5.00,,,$39.06 per 1kg,7646266,,,,,,https://www.coles.com.au/product/the-laughing-cow-light-less-fat-cheese-spread-128g-7646266,,,2024-06-16T21:45:43.049416-04:00
"Ind53SColes_ADairy, Eggs & Fridge_SACheese_IKing Island Dairy Stokes Point Smoked Cheddar Cheese | 170g",King Island Dairy Stokes Point Smoked Cheddar Cheese | 170g,King Island Dairy,"Dairy, Eggs & Fridge",Cheese,Cheddar & tasty cheese,,$10.95,,,$64.41 per 1kg,7160016,"Stokes Point Smoked Cheddar is naturally smoked with Australian hardwood to impart a deep smoky aroma and flavour tones, balanced perfectly with its creamy cheddar centre. Cheese Type: Hard. Milk: Cow. Origin: King Island, TAS. Serving Suggestion: Pairs well with cornichons, cured meats and pickled onions. Beverage Pairing: Enjoy with Riesling, Shiraz or craft beer. Delicious on its own, or enjoy as a part of a platter with other King Island Dairy cheeses.",,,"Per 100g/ml
Per Serving
%DI
Energy
1580kJ
395kJ
0%
Protein
26.6g
6.65g
0%
Total Fat
30g
7.5g
0%
Saturated Fat
19.1g
4.775g
0%
Carbohydrate
<1g
<1g
0%
Sugars
<1g
<1g
0%
Calcium
770mg
192.5mg
0%
Sodium
655mg
163.75mg
0%
* Percentage Daily Intakes are based on an average adult diet of 8700 kJ. Your daily intakes may be higher or lower depending on your energy needs.",,https://www.coles.com.au/product/king-island-dairy-stokes-point-smoked-cheddar-cheese-170g-7160016,,,2024-06-16T21:45:54.103885-04:00
"Ind53SColes_ADairy, Eggs & Fridge_SACheese_IBel Dairy Cheese Dippers 4 Pack | 140g",Bel Dairy Cheese Dippers 4 Pack | 140g,Bel,"Dairy, Eggs & Fridge",Cheese,Cheese snacks,,$5.20,,$6.50,$3.71 per 100g,8139809,,,,,,https://www.coles.com.au/product/bel-dairy-cheese-dippers-4-pack-140g-8139809,,,2024-06-16T21:46:03.088377-04:00
"Ind53SColes_ADairy, Eggs & Fridge_SACheese_IGreat Ocean Road Colby Cheese Block | 500g",Great Ocean Road Colby Cheese Block | 500g,Great Ocean Road,"Dairy, Eggs & Fridge",Cheese,Block cheese,,$10.30,,,$20.60 per 1kg,1010087,"Perfectly crafted for those melting moments, simple food pleasure.Born on the Great Ocean Road in Victoria, our products are made with 100% Australian milk sourced predominately from farmers in South West Victoria.- Colby Cheese- Colby Cheese Block",,,"Per 100g/ml
Per Serving
%DI
Energy
1640kJ
410kJ
0%
Protein
24.5g
6g
0%
Total Fat
32.5g
8g
0%
Saturated Fat
22.5g
6g
0%
Carbohydrate
<1g
<1g
0%
Sugars
<0.1g
<0.01g
0%
Calcium
590mg
148mg
18%
Sodium
750mg
180mg
0%
* Percentage Daily Intakes are based on an average adult diet of 8700 kJ. Your daily intakes may be higher or lower depending on your energy needs.",,https://www.coles.com.au/product/great-ocean-road-colby-cheese-block-500g-1010087,,,2024-06-16T21:46:15.783370-04:00
"Ind53SColes_ADairy, Eggs & Fridge_SA_IJindi Brie | 125g",Jindi Brie | 125g,Jindi,"Dairy, Eggs & Fridge",,,,$4.00,,$5.50,$32.00 per 1kg,6139229,"Crafted locally in Gippsland, Victoria.

To your taste: This Brie will continue to mature naturally and will reach its fullest flavour and softness towards the end of its shelf life. Consume earlier for a milder, firmer cheese.

 
Crafted locally in Gippsland, Victoria.

Suitable for vegetarians",,,"Per 100g/ml
Per Serving
%DI
Energy
1520 kJ
381 kJ
Protein
17.8 g
4.5 g
Total Fat
32.3 g
8.1 g
Saturated Fat
22.2 g
5.6 g
Carbohydrate
1.4 g
Less than 1 g
Sugars
Less than 1g
Less than 1 g
Sodium
441 mg
110 mg
Energy (Cal)
363 Cal
91 Cal
* Percentage Daily Intakes are based on an average adult diet of 8700 kJ. Your daily intakes may be higher or lower depending on your energy needs.",,https://www.coles.com.au/product/jindi-brie-125g-6139229,,,2024-06-16T21:46:28.144068-04:00
"Ind53SColes_ADairy, Eggs & Fridge_SACheese_IBega Lactose Free Natural Cheese Slices | 250g",Bega Lactose Free Natural Cheese Slices | 250g,Bega,"Dairy, Eggs & Fridge",Cheese,Sliced cheese,,$7.50,,,$30.00 per 1kg,4385756,"Great Bega Taste, without the Lactose.
Proudly Australian owned and made. 100% Natural source of calcium.
What makes Bega.. Bega? Over 100 years of dairying heritage resulting in the unique Bega taste you know and love.",,,"Per 100g/ml
Per Serving
%DI
Energy
1720kJ
292kJ
3%
Protein
24.2g
4.1g
8%
Total Fat
35.3g
6.0g
9%
Saturated Fat
21.3g
3.6g
15%
Carbohydrate
Less than 1g
Less than 1g
0%
Sugars
Less than 1g
Less than 1g
0%
Lactose
NIL
NIL
NIL
Calcium
660mg
112mg
14% RDI*
Sodium
720mg
122mg
5%
Dietary Fibre (total)
Less than 1g
Less than 1g
0%
Galactose
Less than 1g
Less than 1g
0%
* Percentage Daily Intakes are based on an average adult diet of 8700 kJ. Your daily intakes may be higher or lower depending on your energy needs.",,https://www.coles.com.au/product/bega-lactose-free-natural-cheese-slices-250g-4385756,,,2024-06-16T21:46:40.538288-04:00
"Ind53SColes_ADairy, Eggs & Fridge_SACheese_ICastello Herbs & Garlic In Oil Marinated Fetta | 265g",Castello Herbs & Garlic In Oil Marinated Fetta | 265g,Castello,"Dairy, Eggs & Fridge",Cheese,Feta cheese,,$6.30,,$7.00,$23.77 per 1kg,3842932,"Castello Greek Style Cheese in Oil with Garlic is made using a classic recipe to create a full flavour with a balanced, tangy finish and slightly crumbly texture.",,,"Per 100g/ml
Per Serving
%DI
Energy
10.1kJ
1.6kJ
Protein
10g
1.6g
Total Fat
55g
9.1g
Saturated Fat
11g
1.8g
Carbohydrate
<1g
<1g
Sugars
<1g
<1g
Sodium
1900mg
300mg
* Percentage Daily Intakes are based on an average adult diet of 8700 kJ. Your daily intakes may be higher or lower depending on your energy needs.",,https://www.coles.com.au/product/castello-herbs-and-garlic-in-oil-marinated-fetta-265g-3842932,,,2024-06-16T21:46:51.361261-04:00
"Ind53SColes_ADairy, Eggs & Fridge_SACheese_ILiddells Lactose Free Colby Cheese Slices | 250g",Liddells Lactose Free Colby Cheese Slices | 250g,Liddells,"Dairy, Eggs & Fridge",Cheese,Sliced cheese,,$7.50,,,$30.00 per 1kg,3241626,"All Liddells products are all made from real dairy, lactose free and where needed we add the lactase enzyme to break down the lactose into two simple sugars: glucose and galactose. These sugars can be easily absorbed in the small intestine, keeping your tummy feeling happy. That's all it is!",,,"Per 100g/ml
Per Serving
%DI
Energy
1670kJ
351kJ
0%
Protein
24.1g
5.1g
0%
Total Fat
33.5g
7g
0%
Saturated Fat
23.2g
4.9g
0%
Carbohydrate
<1g
<1g
0%
Sugars
<1g
<1g
0%
Calcium
710mg
149mg
19%
Sodium
610mg
128mg
0%
* Percentage Daily Intakes are based on an average adult diet of 8700 kJ. Your daily intakes may be higher or lower depending on your energy needs.",,https://www.coles.com.au/product/liddells-lactose-free-colby-cheese-slices-250g-3241626,,,2024-06-16T21:47:02.577461-04:00
"Ind53SColes_ADairy, Eggs & Fridge_SACheese_ICracker Barrel Extra Sharp Cheese Block | 500g",Cracker Barrel Extra Sharp Cheese Block | 500g,Cracker Barrel,"Dairy, Eggs & Fridge",Cheese,Block cheese,,$13.80,,,$27.60 per 1kg,3024457,"Our vintage cheddar is carefully aged to develop a sharp, full bodied flavour and crumbly texture.",,,"Per 100g/ml
Per Serving
%DI
Energy
1750kJ
438kJ
0%
Protein
25.8g
6.5g
0%
Total Fat
34g
8.5g
0%
Saturated Fat
23.5g
5.9g
0%
Carbohydrate
<1g
<1g
0%
Sugars
<1g
<1g
0%
Calcium
750mg
188mg
24%
Sodium
730mg
183mg
0%
* Percentage Daily Intakes are based on an average adult diet of 8700 kJ. Your daily intakes may be higher or lower depending on your energy needs.",,https://www.coles.com.au/product/cracker-barrel-extra-sharp-cheese-block-500g-3024457,,,2024-06-16T21:47:13.308978-04:00
"Ind53SColes_ADairy, Eggs & Fridge_SACheese_ISouth Cape Greek Style Fetta | 200g",South Cape Greek Style Fetta | 200g,South Cape,"Dairy, Eggs & Fridge",Cheese,Gourmet Cheese,,$6.50,,,$32.50 per 1kg,6416861,"South Cape Greek Style Fetta is a creamy white, porous textured cheese. It has a sharp, salty and milky flavour and is firm enough to be crumbled or sliced. Best served with salad and paired with sparkling wine. Liberate your plate with South Cape.",,,"Per 100g/ml
Per Serving
%DI
Energy
1318kJ
329.5kJ
0%
Protein
20.8g
5.2g
0%
Total Fat
25.6g
6.4g
0%
Saturated Fat
16.6g
4.15g
0%
Carbohydrate
<1g
<1g
0%
Sugars
<1g
<1g
0%
Calcium
450mg
112.5mg
0%
Sodium
1148mg
287mg
0%
* Percentage Daily Intakes are based on an average adult diet of 8700 kJ. Your daily intakes may be higher or lower depending on your energy needs.",,https://www.coles.com.au/product/south-cape-greek-style-fetta-200g-6416861,,,2024-06-16T21:47:25.009411-04:00
"Ind53SColes_ADairy, Eggs & Fridge_SACheese_IBrancourts Protein Plus Cottage Cheese | 225g",Brancourts Protein Plus Cottage Cheese | 225g,Brancourts,"Dairy, Eggs & Fridge",Cheese,Brie & soft cheese,,$4.80,,,$21.33 per 1kg,6255671,High Protein,,,"Per 100g/ml
Per Serving
%DI
Energy
454kJ
454kJ
5%
Protein
13.5g
13.5g
27%
Total Fat
2.9g
2.9g
4%
Saturated Fat
2g
2g
8%
Carbohydrate
6.9g
6.9g
2%
Sugars
6.1g
6.1g
7%
Sodium
264mg
264mg
11%
* Percentage Daily Intakes are based on an average adult diet of 8700 kJ. Your daily intakes may be higher or lower depending on your energy needs.",,https://www.coles.com.au/product/brancourts-protein-plus-cottage-cheese-225g-6255671,,,2024-06-16T21:47:35.830122-04:00
"Ind53SColes_ADairy, Eggs & Fridge_SACheese_ILemnos Foods Dairy Cheese Paneer | 200g",Lemnos Foods Dairy Cheese Paneer | 200g,Lemnos,"Dairy, Eggs & Fridge",Cheese,Gourmet Cheese,,$8.00,,,$40.00 per 1kg,9334672,"Lemnos Paneer is a very versatile cheese with a mild, milky flavour. It is the perfect addition to curries or can be stirred through soup, added to kebabs or included in stir fries. 

- suitable for vegetarians.

- No artificial flavours.
- No artificial colours.
Mediterranean Lifestyle.
Vacuum sealed for freshness.
No artificial flavours

No artificial colours

Suitable for vegetarians

Made in Australia",,,"Per 100g/ml
Per Serving
%DI
Energy
960 kJ
480 kJ
Protein
15.4g
7.7g
Total Fat
16.2 g
8.1 g
Saturated Fat
11.2 g
5.6 g
Carbohydrate
3.6 g
1.8 g
Sugars
2.4 g
1.2 g
Sodium
320 mg
160 mg
Energy (Cal)
228 Cal
114 Cal
* Percentage Daily Intakes are based on an average adult diet of 8700 kJ. Your daily intakes may be higher or lower depending on your energy needs.",,https://www.coles.com.au/product/lemnos-foods-dairy-cheese-paneer-200g-9334672,,,2024-06-16T21:47:46.786686-04:00
"Ind53SColes_ADairy, Eggs & Fridge_SACheese_IDelre Dutch Smoked Cheese | approx 100g",Delre Dutch Smoked Cheese | approx 100g,Delre,"Dairy, Eggs & Fridge",Cheese,Cheddar & tasty cheese,,$3.60,,,$14.40 per 1kg,6120912,,,,,,https://www.coles.com.au/product/delre-dutch-smoked-cheese-approx.-100g-6120912,,,2024-06-16T21:47:56.419417-04:00
"Ind53SColes_ADairy, Eggs & Fridge_SACheese_IThe Organic Milk Co Organic Melt N Bake | 250g",The Organic Milk Co Organic Melt N Bake | 250g,The Organic Milk Co,"Dairy, Eggs & Fridge",Cheese,Grated cheese,,$6.00,,,$24.00 per 1kg,5432013,,,,,,https://www.coles.com.au/product/the-organic-milk-co-organic-melt-n-bake-250g-5432013,,,2024-06-16T21:48:05.104343-04:00
"Ind53SColes_ADairy, Eggs & Fridge_SADairy, chilled & frozen_IZanetti Parmigiano Reggiano PDO | 200g",Zanetti Parmigiano Reggiano PDO | 200g,Zanetti,"Dairy, Eggs & Fridge","Dairy, chilled & frozen",Cheese & desserts,,$11.25,,,"$56.25 per 1kg
Was $12.50 on Apr 2024",3275661,,,,,"unpasteurised cow's MILK, salt, animal rennet",https://www.coles.com.au/product/zanetti-parmigiano-reggiano-pdo-200g-3275661,,,2024-06-16T21:48:13.916803-04:00
"Ind53SColes_ADairy, Eggs & Fridge_SACheese_ICracker Barrel Special Reserve Cheese Block | 250g",Cracker Barrel Special Reserve Cheese Block | 250g,Cracker Barrel,"Dairy, Eggs & Fridge",Cheese,Block cheese,,$7.45,,$9.20,$29.80 per 1kg,8838218,"Our vintage cheddar is carefully aged to develop a sharp, full bodied flavour and crumbly texture.",,,"Per 100g/ml
Per Serving
%DI
Energy
1750kJ
438kJ
0%
Protein
25.8g
6.5g
0%
Total Fat
34g
8.5g
0%
Saturated Fat
23.5g
5.9g
0%
Carbohydrate
<1g
<1g
0%
Sugars
<1g
<1g
0%
Calcium
750mg
188mg
24%
Sodium
730mg
183mg
0%
* Percentage Daily Intakes are based on an average adult diet of 8700 kJ. Your daily intakes may be higher or lower depending on your energy needs.",,https://www.coles.com.au/product/cracker-barrel-special-reserve-cheese-block-250g-8838218,,,2024-06-16T21:48:25.128927-04:00
"Ind53SColes_ADairy, Eggs & Fridge_SACheese_IPerfect Italiano Perfect Bakes | 450g",Perfect Italiano Perfect Bakes | 450g,Perfect Italiano,"Dairy, Eggs & Fridge",Cheese,Grated cheese,,$9.50,,,$21.11 per 1kg,1436737,"Perfect Italiano Cheese Perfect Bakes Grated 450g
3 Cheeses for a crisp, golden crust",,,"Per 100g/ml
Per Serving
%DI
Energy
1620kJ
405kJ
5%
Protein
25.8g
6.5g
13%
Total Fat
31.8g
8.0g
11%
Saturated Fat
21.9g
5.5g
23%
Carbohydrate
Less than 1g
Less than 1g
0%
Sugars
Less than 1g
Less than 1g
0%
Calcium
719mg
180mg
Sodium
703mg
176mg
8%
* Percentage Daily Intakes are based on an average adult diet of 8700 kJ. Your daily intakes may be higher or lower depending on your energy needs.",,https://www.coles.com.au/product/perfect-italiano-perfect-bakes-450g-1436737,,,2024-06-16T21:48:36.394582-04:00
"Ind53SColes_ADairy, Eggs & Fridge_SACheese_IBega Cream Cheese Block | 225g",Bega Cream Cheese Block | 225g,Bega,"Dairy, Eggs & Fridge",Cheese,Cream cheese & spreads,,$5.00,,,$22.22 per 1kg,6134531,"Australia's Cream Cheese. Bega Cream Cheese block is Australian Made and Owned and used Australian milk and cream sourced in Victoria.
Australia's Cream Cheese

Australian Made & Owned

No artificial colours, flavours or preservatives

Made in Australia from at least 95% Australian ingredients

HCA certified",,,"Per 100g/ml
Per Serving
%DI
Energy
1290kJ
323kJ
4%
Protein
9.1g
2.3g
5%
Total Fat
29.5g
7.4g
11%
Saturated Fat
20.6g
5.2g
22%
Carbohydrate
2.6g
<1.0g
<1%
Sugars
2.6g
<1.0g
<1%
Sodium
300mg
75mg
3%
* Percentage Daily Intakes are based on an average adult diet of 8700 kJ. Your daily intakes may be higher or lower depending on your energy needs.",,https://www.coles.com.au/product/bega-cream-cheese-block-225g-6134531,,,2024-06-16T21:48:47.519052-04:00
"Ind53SColes_ADairy, Eggs & Fridge_SACheese_ITasmanian Heritage Cheese Wedge Gouda | 180g",Tasmanian Heritage Cheese Wedge Gouda | 180g,Tasmanian Heritage,"Dairy, Eggs & Fridge",Cheese,Firm cheese,,$7.00,,,$38.89 per 1kg,5438440,"South Cape Gouda is a creamy yellow, semi-soft cheese with a smooth texture. It has a sweet mellow flavour with a slight nuttiness. Best served with cold meats and paired with white wine. Liberate your plate with South Cape.",,,"Per 100g/ml
Per Serving
%DI
Energy
1500kJ
375kJ
0%
Protein
23.8g
6g
0%
Total Fat
29g
7.3g
0%
Saturated Fat
19.4g
4.9g
0%
Carbohydrate
<1g
<1g
0%
Sugars
<1g
<1g
0%
Calcium
849mg
212mg
0%
Sodium
592mg
148mg
0%
* Percentage Daily Intakes are based on an average adult diet of 8700 kJ. Your daily intakes may be higher or lower depending on your energy needs.",,https://www.coles.com.au/product/tasmanian-heritage-cheese-wedge-gouda-180g-5438440,,,2024-06-16T21:48:58.529196-04:00
"Ind53SColes_ADairy, Eggs & Fridge_SACheese_IEmborg French Camembert Petit | 125g",Emborg French Camembert Petit | 125g,Emborg,"Dairy, Eggs & Fridge",Cheese,Brie & soft cheese,,$5.20,,,$41.60 per 1kg,5441626,"Emborg French Camembert is a classic creamy Camembert made in France. This French Camembert is of premium quality made in an authentic French family dairy located in the heart of the Limousin region. Emborg French Camembert is handcrafted by sacred methods, giving it the authentic taste experience of deep, mild and earthy flavours.The rich aromatic flavours with hints of mushrooms makes it great to enjoy with mild-tasting dishes, cheeseboard, baked and as an appetiser.",,,,"Pasteurized cow's milk, salt, lactic culture, rennet, mould culture. CONTAINS MILK",https://www.coles.com.au/product/emborg-french-camembert-petit-125g-5441626,,,2024-06-16T21:49:07.516383-04:00
"Ind53SColes_ADairy, Eggs & Fridge_SACheese_ISouth Cape Cream Cheese Apricot Almond | 80g",South Cape Cream Cheese Apricot Almond | 80g,South Cape,"Dairy, Eggs & Fridge",Cheese,Specialty & entertaining cheese,,$4.80,Pick any 3 for $12,,$60.00 per 1kg,4962361,,,,,,https://www.coles.com.au/product/south-cape-cream-cheese-apricot-almond-80g-4962361,,,2024-06-16T21:49:16.446861-04:00
"Ind53SColes_ADairy, Eggs & Fridge_SADairy, chilled & frozen_IUnicorn Selections Ash Brie | 125g",Unicorn Selections Ash Brie | 125g,Unicorn,"Dairy, Eggs & Fridge","Dairy, chilled & frozen",Cheese & desserts,,$5.50,,,"$44.00 per 1kg
Was $6.50 on Apr 2024",4357466,"Pleasanly Soft, Creamy & Earthy",,,,"Milk, Cream (From Milk), Salt, Starter Cultures, Enzyme (Non Animal Rennet), Vine Ash",https://www.coles.com.au/product/unicorn-selections-ash-brie-125g-4357466,,,2024-06-16T21:49:25.300658-04:00
"Ind53SColes_ADairy, Eggs & Fridge_SACheese_ILemnos Haloumi Smoked Paprika | 180g",Lemnos Haloumi Smoked Paprika | 180g,Lemnos,"Dairy, Eggs & Fridge",Cheese,Block cheese,,$7.00,,,$38.89 per 1kg,5432512,"Delicious baked, fried or grilled, Lemnos Smoked Paprika Haloumi is the perfect addition to a summer salad, breakfast omelette, or simply served as a crowd pleasing canape.
Made in Australia

Suitable for vegetarians",,,"Per 100g/ml
Per Serving
%DI
Energy
1310 kJ
393 kJ
Protein
19.3 g
5.8 g
Total Fat
25.0 g
7.5 g
Saturated Fat
17.1 g
5.1 g
Carbohydrate
3.4 g
1.0 g
Sugars
3.0 g
Less than 1g
Sodium
1470 mg
441 mg
Energy (Cal)
313 Cal
94 Cal
* Percentage Daily Intakes are based on an average adult diet of 8700 kJ. Your daily intakes may be higher or lower depending on your energy needs.",,https://www.coles.com.au/product/lemnos-haloumi-smoked-paprika-180g-5432512,,,2024-06-16T21:49:36.454630-04:00
"Ind53SColes_ADairy, Eggs & Fridge_SA_ISnowdonia Red Storm | 150g",Snowdonia Red Storm | 150g,Snowdonia,"Dairy, Eggs & Fridge",,,,$9.50,,,$63.34 per 1kg,3842138,"Snowdonia Red Storm 150g. Smartly dressed in deep red wax, Red Storm boasts serious vintage credentials. It is typically aged for 18 months, creating an intense, nutty flavour and a refined texture. Red Storm has won awards at the Nantwich International Cheese Awards, Global Cheese Awards and British Cheese Awards.",,,,,https://www.coles.com.au/product/snowdonia-red-storm-150g-3842138,,,2024-06-16T21:49:45.069401-04:00
"Ind53SColes_ADairy, Eggs & Fridge_SACheese_IBega Tasty Natural Cheese Slices 15 pack | 250g",Bega Tasty Natural Cheese Slices 15 pack | 250g,Bega,"Dairy, Eggs & Fridge",Cheese,Sliced cheese,,$7.50,,,$30.00 per 1kg,6704323,Bega Cheese Tasty Slices 250g,,,"Per 100g/ml
Per Serving
%DI
Energy
1720kJ
292kJ
3%
Protein
24.2g
4.1g
8%
Total Fat
35.3g
6.0g
8%
Saturated Fat
21.3g
3.6g
17%
Carbohydrate
Less than 1g
Less than 1g
0%
Sugars
Less than 1g
Less than 1g
0%
Calcium
660mg
Sodium
720mg
122mg
5%
* Percentage Daily Intakes are based on an average adult diet of 8700 kJ. Your daily intakes may be higher or lower depending on your energy needs.",,https://www.coles.com.au/product/bega-tasty-natural-cheese-slices-15-pack-250g-6704323,,,2024-06-16T21:49:56.730248-04:00
"Ind53SColes_ADairy, Eggs & Fridge_SACheese_IAshgrove Three Peaks Tassie Trio Cheese | 140g",Ashgrove Three Peaks Tassie Trio Cheese | 140g,Ashgrove,"Dairy, Eggs & Fridge",Cheese,Cheddar & tasty cheese,,$7.50,,,$53.57 per 1kg,7163820,"Ashgrove Three Peaks Tasmanian Trio. Three Ashgrove favourites in one. The ultimate cheese platter addition. 100% Tassie Family-owned from paddock to plate. Family farm since 1908. Grass, Cow, you.",,,"Per 100g/ml
Per Serving
%DI
Energy
1610kJ
322kJ
Protein
23.4g
4.7g
Total Fat
32.3g
6.5g
Saturated Fat
23.3g
4.7g
Carbohydrate
1.2g
0.2g
Sugars
0.1g
0.0g
Calcium
694mg
139mg
Sodium
671mg
134mg
Gluten
NIL
NIL
Trans
1.6g
0.3g
* Percentage Daily Intakes are based on an average adult diet of 8700 kJ. Your daily intakes may be higher or lower depending on your energy needs.",,https://www.coles.com.au/product/ashgrove-three-peaks-tassie-trio-cheese-140g-7163820,,,2024-06-16T21:50:07.648482-04:00
"Ind53SColes_ADairy, Eggs & Fridge_SACheese_IJarlsberg Cheese Wedge | 230g",Jarlsberg Cheese Wedge | 230g,Jarlsberg,"Dairy, Eggs & Fridge",Cheese,Firm cheese,,$8.50,,$10.50,$36.96 per 1kg,4368804,"Jarlsberg is made with a secret recipe since 1956, and generations of know-how.
A semi-soft, Swiss style cheese that is famous for its distinctive sweet and nutty taste with large, round holes.
Low in lactose and gluten free.
Cheese Type: Semi-Soft, Swiss Style
Milk: Cow
Origin: Ireland
Serving Suggestion: A versatile cheese - perfect for cheeseboards, toasties or sandwiches.
Wine Pairing: Chardonnay or Pinot Noir",,,,,https://www.coles.com.au/product/jarlsberg-cheese-wedge-230g-4368804,,,2024-06-16T21:50:16.456236-04:00
"Ind53SColes_ADairy, Eggs & Fridge_SADairy, chilled & frozen_IPrimo Duos Cabanossi And Cheese | 50g",Primo Duos Cabanossi And Cheese | 50g,Primo,"Dairy, Eggs & Fridge","Dairy, chilled & frozen",Cheese & yoghurt,,$3.75,,,"$7.50 per 100g
Was $4.25 on May 2024",4380504,Primo Duos Cabanossi Bites & Cheddar Cheese contains no artificial colours and has a source of protein.,,,"Per 100g/ml
Per Serving
%DI
Energy
1430kJ
715kJ
8%
Protein
18.8g
9.4g
19%
Total Fat
29.4g
14.7g
21%
Saturated Fat
16.2g
8.1g
34%
Carbohydrate
Less than 1g
Less than 1g
<1%
Sugars
Less than 1g
Less than 1g
<1%
Sodium
817mg
409mg
18%
* Percentage Daily Intakes are based on an average adult diet of 8700 kJ. Your daily intakes may be higher or lower depending on your energy needs.",,https://www.coles.com.au/product/primo-duos-cabanossi-and-cheese-50g-4380504,,,2024-06-16T21:50:27.418453-04:00
"Ind53SColes_ADairy, Eggs & Fridge_SACheese_IMersey Valley Club Ploughman's Cheddar Cheese | 235g",Mersey Valley Club Ploughman's Cheddar Cheese | 235g,Mersey Valley,"Dairy, Eggs & Fridge",Cheese,Cheddar & tasty cheese,,$7.00,,$9.95,$29.79 per 1kg,4513211,"Iconic Mersey Valley is best known for its unique crumbly texture and bold vintage cheddar flavour. Mersey Valley Ploughmans is a strong, bitey cheddar with a punch of Tasmanian pickled onions. Create an afternoon smorgasbord featuring Mersey Valley Ploughmans cheese, fruit, crackers, relish and fresh bread. Snack perfection! Best served with a light craft beer or a red wine.",,,"Per 100g/ml
Per Serving
%DI
Energy
1510kJ
377.5kJ
0%
Protein
22.1g
5.525g
0%
Total Fat
28g
7g
0%
Saturated Fat
18.2g
4.55g
0%
Carbohydrate
3g
<1g
0%
Sugars
2.4g
1g
0%
Calcium
645mg
161.25mg
0%
Sodium
745mg
186.25mg
0%
* Percentage Daily Intakes are based on an average adult diet of 8700 kJ. Your daily intakes may be higher or lower depending on your energy needs.",,https://www.coles.com.au/product/mersey-valley-club-ploughman's-cheddar-cheese-235g-4513211,,,2024-06-16T21:50:38.296925-04:00
"Ind53SColes_ADairy, Eggs & Fridge_SACheese_IMainland Epicure Cheese Block | 200g",Mainland Epicure Cheese Block | 200g,Mainland,"Dairy, Eggs & Fridge",Cheese,Block cheese,,$7.50,,,$37.50 per 1kg,6577430,"Aged for a generous 32 months, Mainland Epicure Aged Cheddar is the choice for those who like an extra sharp, intense cheddar flavour.

The texture is very firm yet extra crumbly with calcium crystals developed through extra long aging, which give a satisfying crunch.
Aged up to 32 months

Intense & Extra Crumbly

New Zealand Aged Cheddar",,,"Per 100g/ml
Per Serving
%DI
Energy
1800kJ
450kJ
5%
Protein
23.3g
5.8g
12%
Total Fat
37.4g
9.4g
13%
Saturated Fat
22.5g
5.6g
23%
Carbohydrate
<1g
<1g
0%
Sugars
<1g
<1g
0%
Calcium
760mg
190mg
24% RDI*
Sodium
694mg
174mg
8%
* Percentage Daily Intakes are based on an average adult diet of 8700 kJ. Your daily intakes may be higher or lower depending on your energy needs.","MILK, SALT, CULTURES (MILK), ENZYME (RENNET).",https://www.coles.com.au/product/mainland-epicure-cheese-block-200g-6577430,,,2024-06-16T21:50:49.363356-04:00
"Ind53SColes_ADairy, Eggs & Fridge_SACheese_IKing Island Dairy Phoques Cove Camembert Cheese | 200g",King Island Dairy Phoques Cove Camembert Cheese | 200g,King Island Dairy,"Dairy, Eggs & Fridge",Cheese,Brie & soft cheese,,$14.95,,,$74.75 per 1kg,5149781,"The velvety, dense white rind of Camembert encases a creamy interior with a mild, nutty flavour. Cheese Type: Soft Ripened White. Milk: Cow. Origin: King Island, TAS. Serving Suggestion: Pairs well with fruit bread, fresh seasonal fruit or dried fruit such as dates and muscatels. Beverage Pairing: Enjoy with sparkling wine or Chardonnay. Delicious on its own, or enjoy as a part of a platter with other King Island Dairy cheeses.",,,"Per 100g/ml
Per Serving
%DI
Energy
1480kJ
370kJ
0%
Protein
20.7g
5.175g
0%
Total Fat
30g
7.5g
0%
Saturated Fat
19.2g
4.8g
0%
Carbohydrate
<1g
<1g
0%
Sugars
<1g
<1g
0%
Calcium
515mg
128.75mg
0%
Sodium
605mg
151.25mg
0%
* Percentage Daily Intakes are based on an average adult diet of 8700 kJ. Your daily intakes may be higher or lower depending on your energy needs.",,https://www.coles.com.au/product/king-island-dairy-phoques-cove-camembert-cheese-200g-5149781,,,2024-06-16T21:51:00.379585-04:00
"Ind53SColes_ADairy, Eggs & Fridge_SACheese_IPerfect Italiano Mexican Cheese Blend Grated | 450g",Perfect Italiano Mexican Cheese Blend Grated | 450g,Perfect Italiano,"Dairy, Eggs & Fridge",Cheese,Grated cheese,,$9.50,,,$21.11 per 1kg,4383740,"Perfect Italiano Cheese Mexican Blend Grated 450g
For a more authentic Mexican Flavour",,,"Per 100g/ml
Per Serving
%DI
Energy
1490kJ
371kJ
4%
Protein
24.7g
6.2g
12%
Total Fat
28.3g
7.1g
10%
Saturated Fat
17.5g
4.4g
18%
Carbohydrate
Less than 1g
Less than 1g
0%
Sugars
Less than 1g
Less than 1g
0%
Calcium
725mg
181mg
23% RDI%
Sodium
670mg
166mg
7%
* Percentage Daily Intakes are based on an average adult diet of 8700 kJ. Your daily intakes may be higher or lower depending on your energy needs.",,https://www.coles.com.au/product/perfect-italiano-mexican-cheese-blend-grated-450g-4383740,,,2024-06-16T21:51:11.435411-04:00
"Ind53SColes_ADairy, Eggs & Fridge_SACheese_ILemnos Fetta Smooth Less Than 5g Fat | 200g",Lemnos Fetta Smooth Less Than 5g Fat | 200g,Lemnos,"Dairy, Eggs & Fridge",Cheese,Feta cheese,,$6.50,,,$32.50 per 1kg,6823355,"Sprinkle on salad or pizza, stir through soup or pasta, or
simply serve baked with tomatoes as a crowd pleasing canape. Containing less than 5g fat (per 25g serve), this fetta is soft & creamy and contains no artificial flavours or preservatives. Suitable for vegetarians.
Less than 5g fat (per 25g serve)

No artificial flavours or preservatives

Suitable for vegetarians",,,"Per 100g/ml
Per Serving
%DI
Energy
887kJ
222kJ
Protein
13.5g
3.4g
Total Fat
16.0g
4.0g
Saturated Fat
8.6g
2.2g
Carbohydrate
3.3 g
Less than 1g
Sugars
3.3 g
Less than 1g
Sodium
1370mg
343mg
Energy (Cal)
212Cal
53Cal
* Percentage Daily Intakes are based on an average adult diet of 8700 kJ. Your daily intakes may be higher or lower depending on your energy needs.",,https://www.coles.com.au/product/lemnos-fetta-smooth-less-than-5g-fat-200g-6823355,,,2024-06-16T21:51:22.342381-04:00
"Ind53SColes_ADairy, Eggs & Fridge_SACheese_IColes Greek Feta PDO | 250g",Coles Greek Feta PDO | 250g,Coles,"Dairy, Eggs & Fridge",Cheese,Feta cheese,,$6.00,,,$24.00 per 1kg,4350831,"Coles Dairy Greek feta pdo (protected designation of origin.) , 250g. Part of the gourmet selection this rich and tangy feta, made traditionally in Thessaly, Greece, is perfect crumbled over a salad.",,,"Per 100g/ml
Per Serving
%DI
Energy
1143.4
285.85
3
Protein
16.5
4.13
8
Total Fat
23
5.75
8
Saturated Fat
17
4.25
18
Carbohydrate
0.7
0.18
0
Sugars
0.7
0.18
0
Calcium
448
112
14
Sodium
1085
271.25
12
Energy (Cal)
273.54
68.39
0
Dietary Fibre (total)
0
0
0
* Percentage Daily Intakes are based on an average adult diet of 8700 kJ. Your daily intakes may be higher or lower depending on your energy needs.",,https://www.coles.com.au/product/coles-greek-feta-pdo-250g-4350831,,,2024-06-16T21:51:33.561038-04:00
"Ind53SColes_ADairy, Eggs & Fridge_SACheese_IKing Island Dairy Cape Wickham Double Brie | 200g",King Island Dairy Cape Wickham Double Brie | 200g,King Island Dairy,"Dairy, Eggs & Fridge",Cheese,Brie & soft cheese,,$14.95,,,$74.75 per 1kg,8167484,"Cape Wickham Double Brie's velvety, dense white rind encases a beautiful glossy, creamy coloured centre. The flavour is superbly rich with mushroom overtones. Cheese Type: Soft Ripened White. Milk: Cow. Origin: King Island, TAS. Serving Suggestion: Pairs well with fruit breads and fresh grapes or figs. Beverage Pairing: Enjoy with sparkling wine or Chardonnay. Delicious on its own, or enjoy as a part of a platter with other King Island Dairy cheeses.",,,"Per 100g/ml
Per Serving
%DI
Energy
1530kJ
382.5kJ
0%
Protein
19.9g
4.975g
0%
Total Fat
31.6g
7.9g
0%
Saturated Fat
22.1g
5.525g
0%
Carbohydrate
<1g
<1g
0%
Sugars
<1g
<1g
0%
Calcium
540mg
135mg
0%
Sodium
605mg
151.25mg
0%
* Percentage Daily Intakes are based on an average adult diet of 8700 kJ. Your daily intakes may be higher or lower depending on your energy needs.",,https://www.coles.com.au/product/king-island-dairy-cape-wickham-double-brie-200g-8167484,,,2024-06-16T21:51:44.526734-04:00
"Ind53SColes_ADairy, Eggs & Fridge_SACheese_IPhiladelphia Regular Cream Cheese Block | 250g",Philadelphia Regular Cream Cheese Block | 250g,Philadelphia,"Dairy, Eggs & Fridge",Cheese,Cream cheese & spreads,,$5.70,,,$22.80 per 1kg,192502,"Philadelphia original block is your essential ingredient for an indulgent cheesecake, a delicious tart or as frosting and icing for any of your favourite desserts. Philadelphia is highly versatile and can be enjoyed by the whole family and it's the perfect choice for all things cheesy and creamy.
Deliciously Creamy

Philadelphia is made in Australia since 1956

Natural ingredients

No artificial colours or flavours

Made with at least 95% Australian ingredients",,,"Per 100g/ml
Per Serving
%DI
Energy
1270kJ
317kJ
4%
Protein
6.6g
1.6g
3%
Total Fat
30.1g
7.5g
11%
Saturated Fat
21.0g
5.2g
22%
Carbohydrate
2.5g
<1.0g
<1%
Sugars
2.5g
<1.0g
1%
Sodium
362mg
90mg
4%
Monounsaturated
0
0
0
Energy (Cal)
0
0
0
Dietary Fibre (total)
0
0
0
Polyunsaturated
0
0
0
Trans
0
0
0
* Percentage Daily Intakes are based on an average adult diet of 8700 kJ. Your daily intakes may be higher or lower depending on your energy needs.",,https://www.coles.com.au/product/philadelphia-regular-cream-cheese-block-250g-192502,,,2024-06-16T21:51:56.982404-04:00
"Ind53SColes_ADairy, Eggs & Fridge_SACheese_IMaggie Beer Quince & Champagne Paste | 100g",Maggie Beer Quince & Champagne Paste | 100g,Maggie Beer,"Dairy, Eggs & Fridge",Cheese,Pates & platters,,$6.30,,,$6.30 per 100g,4959389,"Create the most delicious platter by pairing your favourite cheeses with Maggie Beer's Quince & Champagne Paste.
This fruit paste combines the beautiful flavour of Australian quince, delicate notes of Champagne and crisp acidity from Australian Seville oranges.
It makes for the perfect accompaniment to a luscious Triple Cream Brie or Camembert.
Made with 100% Australian quinces, it has a distinctive flavour that's sure to impress a lover of gourmet food.",,,"Per 100g/ml
Per Serving
%DI
Energy
1090kJ
109kJ
Protein
<1g
<1g
Total Fat
<1g
<1g
Saturated Fat
<1g
<1g
Carbohydrate
59.2g
5.9g
Sugars
59.2g
5.9g
Sodium
24mg
<5mg
* Percentage Daily Intakes are based on an average adult diet of 8700 kJ. Your daily intakes may be higher or lower depending on your energy needs.",,https://www.coles.com.au/product/maggie-beer-quince-and-champagne-paste-100g-4959389,,,2024-06-16T21:52:09.875415-04:00
"Ind53SColes_ADairy, Eggs & Fridge_SACheese_IGreat Ocean Road Tasty Cheese Block | 500g",Great Ocean Road Tasty Cheese Block | 500g,Great Ocean Road,"Dairy, Eggs & Fridge",Cheese,Block cheese,,$10.30,,,$20.60 per 1kg,9182177,"Escape the everyday and enjoy our naturally pure tasty. Born on the Great Ocean Road in Victoria, our products are made with 100% Australian milk sourced predominately from farmers in South West Victoria.- Tasty Cheese- Tasty Cheese Block",,,"Per 100g/ml
Per Serving
%DI
Energy
1750kJ
438kJ
0%
Protein
27g
7g
0%
Total Fat
34g
8g
0%
Saturated Fat
23.5g
6g
0%
Carbohydrate
<1g
<1g
0%
Sugars
<1g
<1g
0%
Calcium
750mg
188mg
23%
Sodium
650mg
163mg
0%
* Percentage Daily Intakes are based on an average adult diet of 8700 kJ. Your daily intakes may be higher or lower depending on your energy needs.",,https://www.coles.com.au/product/great-ocean-road-tasty-cheese-block-500g-9182177,,,2024-06-16T21:52:22.039164-04:00
"Ind53SColes_ADairy, Eggs & Fridge_SACheese_ILiddells Cream Cheese | 250g",Liddells Cream Cheese | 250g,Liddells,"Dairy, Eggs & Fridge",Cheese,Cheese snacks,,$6.30,,,$25.20 per 1kg,1828395,"All Liddells products are all made from real dairy, lactose free and where needed we add the lactase enzyme to break down the lactose into two simple sugars: glucose and galactose. These sugars can be easily absorbed in the small intestine, keeping your tummy feeling happy. That's all it is!",,,"Per 100g/ml
Per Serving
%DI
Energy
1100kJ
275kJ
0%
Protein
6.1g
1.5g
0%
Total Fat
25.6g
6.4g
0%
Saturated Fat
17.9g
4.5g
0%
Carbohydrate
<2.8g
<0.7g
0%
Sugars
<2.8g
<0.7g
0%
Calcium
23mg
Sodium
343mg
86mg
0%
* Percentage Daily Intakes are based on an average adult diet of 8700 kJ. Your daily intakes may be higher or lower depending on your energy needs.",,https://www.coles.com.au/product/liddells-cream-cheese-250g-1828395,,,2024-06-16T21:52:33.093582-04:00
"Ind53SColes_ADairy, Eggs & Fridge_SACheese_IAshgrove Signature Smoked Red Leicester | 150g",Ashgrove Signature Smoked Red Leicester | 150g,Ashgrove Signature,"Dairy, Eggs & Fridge",Cheese,Cheddar & tasty cheese,,$9.50,,,$63.34 per 1kg,5400243,"Ashgrove cheese is 100% Tassie family-owned. Dairy farming in Tasmania since 1908. 

Enjoy with charcoal crackers, caramelised onion and rum. 

Signature Masterclass

Style: Rich and rounded. 
Colour: Deep-ruby (amber). 
Texture: Firm body, creamy, smooth. 
Taste: Subtle smoke, burnt caramel, earthy. ",,,"Per 100g/ml
Per Serving
%DI
Energy
1710kJ
342kJ
Protein
25.5g
5.1g
Total Fat
33.9g
6.8g
Saturated Fat
24.8g
5g
Carbohydrate
1.3g
0.3g
Sugars
0.1g
0.0g
Sodium
667mg
133mg
* Percentage Daily Intakes are based on an average adult diet of 8700 kJ. Your daily intakes may be higher or lower depending on your energy needs.",,https://www.coles.com.au/product/ashgrove-signature-smoked-red-leicester-150g-5400243,,,2024-06-16T21:52:44.150320-04:00
"Ind53SColes_ADairy, Eggs & Fridge_SACheese_IPhiladelphia Lactose Free Block | 250g",Philadelphia Lactose Free Block | 250g,Philadelphia,"Dairy, Eggs & Fridge",Cheese,Cheese snacks,,$5.70,,,$22.80 per 1kg,3575891,"Philadelphia Lactose Free is made with the Enzyme Lactase which works by converting the Lactose in Milk into Galactose and Glucose making it friendly for those who are lactose intolerant. Philadelphia Lactose Free is fantastically versatile. It is your essential ingredient for a lactose free cheesecake or as an icing alternative for all your baking creations. You can also have it with crackers, use it for a creamy pasta carbonara or even  for your salads
Deliciously Creamy

Philadelphia is made in Australia since 1956

Natural ingredients

No artificial colours or flavours

Made with at least 95% Australian ingredients.",,,"Per 100g/ml
Per Serving
%DI
Energy
1380kJ
344kJ
4%
Protein
7.1g
1.8g
4%
Total Fat
32.7g
8.2g
12%
Saturated Fat
22.8g
5.7g
24%
Carbohydrate
2.5g
<1.0g
<1%
Sugars
2.3g
<1.0g
1%
Lactose
Not Detected
Not Detected
0
Sodium
360mg
90mg
4%
Monounsaturated
0
0
0
Energy (Cal)
0
0
0
Dietary Fibre (total)
<1.0g
<1.0g
<1%
Polyunsaturated
0
0
0
Galactose
1.3g
0.3g
0
Trans
0
0
0
* Percentage Daily Intakes are based on an average adult diet of 8700 kJ. Your daily intakes may be higher or lower depending on your energy needs.",,https://www.coles.com.au/product/philadelphia-lactose-free-block-250g-3575891,,,2024-06-16T21:52:57.443923-04:00
"Ind53SColes_ADairy, Eggs & Fridge_SACheese_IBlack Jack Cheddar Spaccato | approx 100g",Black Jack Cheddar Spaccato | approx 100g,Black Jack,"Dairy, Eggs & Fridge",Cheese,Cheddar & tasty cheese,,$2.00,,,$20.00 per 1kg,2240730,,,,,,https://www.coles.com.au/product/black-jack-cheddar-spaccato-approx.-100g-2240730,,,2024-06-16T21:53:06.276846-04:00
"Ind53SColes_ADairy, Eggs & Fridge_SAPrimo_IPrimo Stackers Mild Pepperoni & Jatz | 57g",Primo Stackers Mild Pepperoni & Jatz | 57g,Primo,"Dairy, Eggs & Fridge",Primo,Crackers & Snacks,,$4.50,,,$7.89 per 100g,5422042,"A delicious trio combination of Primo Mild Pepperoni, Arnott's Jatz and Cheddar Cheese
Irresistible mix: Primo Stackers now with Australia's favourite cracker*

Satisfying, convenient, on the go snack for anytime, anywhere

Source of protein

No artifical flavours

*IRI MarketEdge Total Grocery Australia 2021",,,"Per 100g/ml
Per Serving
%DI
Energy
1760kj
1000kj
11%
Protein
18.9g
10.8g
22%
Total Fat
30.4g
17.3g
25%
Saturated Fat
14.1g
8.0g
33%
Carbohydrate
17.4g
9.9g
3%
Sugars
2.6g
1.5g
2%
Sodium
940mg
536mg
23%
* Percentage Daily Intakes are based on an average adult diet of 8700 kJ. Your daily intakes may be higher or lower depending on your energy needs.","Mild Pepperoni [Meat Including Pork, Salt, Dextrose (Maize or Tapioca), Milk Solids, Fortified Wine, Spices, Lactose (Milk), Mineral Salt (451), Smoke Flavour, Antioxidant (316), Dried Vegetable (Garlic), Starter Culture, Preservative (250), Wood Smoke], Cheese [Milk, Salt, Starter Cultures, Enzyme (Non-Animal Rennet)], Jatz [Wheat Flour, Vegetable Oil [Antioxidant (307b Soy)], Sugar, Salt, Herb Extract, Malt Extract (Barley), Baking Powder [Raising Agent (500)], Yeast, Food Acid (330), Emulsifier (322 Soy)].",https://www.coles.com.au/product/primo-stackers-mild-pepperoni-and-jatz-57g-5422042,,,2024-06-16T21:53:18.394134-04:00
"Ind53SColes_ADairy, Eggs & Fridge_SACheese_IMil Lel Extra Sharp Parmesan | 170g",Mil Lel Extra Sharp Parmesan | 170g,Mil Lel,"Dairy, Eggs & Fridge",Cheese,Grated cheese,,$6.20,,$6.90,$36.47 per 1kg,3843276,Our MIL LEL Parmesan is expertly crafted from the finest ingredients. This award winning full-flavoured robust cheese is perfect addition to any occasion or meal.,,,"Per 100g/ml
Per Serving
%DI
Energy
1540kJ
385kJ
0%
Protein
31.3g
7.8g
0%
Total Fat
26.8g
6.7g
0%
Saturated Fat
17.4g
4.4g
0%
Carbohydrate
<1g
<1g
0%
Sugars
<1g
<1g
0%
Calcium
1540mg
351mg
44%
Sodium
1120mg
280mg
0%
* Percentage Daily Intakes are based on an average adult diet of 8700 kJ. Your daily intakes may be higher or lower depending on your energy needs.",,https://www.coles.com.au/product/mil-lel-extra-sharp-parmesan-170g-3843276,,,2024-06-16T21:53:30.667984-04:00
"Ind53SColes_ADairy, Eggs & Fridge_SACheese_IPerfect Italiano Grated Cheese Perfect Pizza | 250g",Perfect Italiano Grated Cheese Perfect Pizza | 250g,Perfect Italiano,"Dairy, Eggs & Fridge",Cheese,Grated cheese,,$6.50,,,$26.00 per 1kg,3273994,"Perfect Italiano Cheese Perfect Pizza Grated 250g
4 cheeses for authentic flavour",,,"Per 100g/ml
Per Serving
%DI
Energy
1380kJ
345kJ
4%
Protein
26.3g
6.6g
13%
Total Fat
25.1g
6.3g
9%
Saturated Fat
16.1g
4.0g
17%
Carbohydrate
less than 1g
less than 1g
0%
Sugars
less than 1g
less than 1g
0%
Calcium
758mg
189mg
23% RDI*
Sodium
617mg
154mg
7%
* Percentage Daily Intakes are based on an average adult diet of 8700 kJ. Your daily intakes may be higher or lower depending on your energy needs.",,https://www.coles.com.au/product/perfect-italiano-grated-cheese-perfect-pizza-250g-3273994,,,2024-06-16T21:53:41.635775-04:00
"Ind53SColes_ADairy, Eggs & Fridge_SACheese_IColes Dairy Cheese Tasty | 1kg",Coles Dairy Cheese Tasty | 1kg,Coles,"Dairy, Eggs & Fridge",Cheese,Block cheese,,$13.90,,,$13.90 per 1kg,287609,Coles Dairy 1kg tasty cheese block. A matured rich and tasty flavour with a strength indicator of 3. Ideal for cubing and slicing.,,,"Per 100g/ml
Per Serving
%DI
Energy
1700.70
425.18
Protein
24.40
6.10
Carbohydrate
0.10
0.03
Sugars
0.10
0.03
Calcium
708.00
177.00
Sodium
700.00
175.00
Saturated
23.60
5.90
Energy (Cal)
406.87
101.72
Fat
34.60
8.65
Dietary Fibre (total)
0.50
0.13
* Percentage Daily Intakes are based on an average adult diet of 8700 kJ. Your daily intakes may be higher or lower depending on your energy needs.",,https://www.coles.com.au/product/coles-dairy-cheese-tasty-1kg-287609,,,2024-06-16T21:53:52.963838-04:00
"Ind53SColes_ADairy, Eggs & Fridge_SACheese_ICheer Light & Tasty Cheese Slices | 500g",Cheer Light & Tasty Cheese Slices | 500g,Cheer,"Dairy, Eggs & Fridge",Cheese,Sliced cheese,,$10.00,,$11.00,$20.00 per 1kg,5292118,"Enjoy the great classic taste of CHEER Cheese with 25% less fat*. A mild flavour makes it perfect for families. *Contains 25% less fat than CHEER Tasty Cheese.CHEER 500g Light & Tasty Cheese Slices are perfect for lunch box sandwiches on the go or to create delicious cheesy toasties at home! With 25% less fat* and a 32 slice pack, CHEER Light & Tasty Cheese Slices are perfect for bringing a little CHEER to your table! - 32 Light & Tasty cheese slices - Made in Australia from 100% Australian cow's milk- Vegetarian friendly- Preservative free- Mild cheese flavour- Natural reduced fat cheese- Perfect for your back to school lunch box or as a snack when relaxing at home!",,,"Per 100g/ml
Per Serving
%DI
Energy
1400kJ
294kJ
0%
Protein
30g
6.3g
0%
Total Fat
23.6g
5g
0%
Saturated Fat
15.3g
3.2g
0%
Carbohydrate
<1g
<1g
0%
Sugars
<1g
<1g
0%
Calcium
860mg
181mg
23%
Sodium
700mg
147mg
0%
* Percentage Daily Intakes are based on an average adult diet of 8700 kJ. Your daily intakes may be higher or lower depending on your energy needs.",,https://www.coles.com.au/product/cheer-light-and-tasty-cheese-slices-500g-5292118,,,2024-06-16T21:54:04.006949-04:00
"Ind53SColes_ADairy, Eggs & Fridge_SAColes Finest_IColes Finest Pate | 150g",Coles Finest Pate | 150g,Coles,"Dairy, Eggs & Fridge",Coles Finest,cheeses,,$4.80,,,$3.20 per 100g,5485814,"Made from Tasmanian free range chicken livers, this creamy pate is smooth, rich and full of flavour. Finished with warm, fruity notes of Tawny and Apera fortified wines.",,,"Per 100g/ml
Per Serving
%DI
Energy
526.80
263.40
Protein
9.90
4.95
Total Fat
8.50
4.25
Saturated Fat
3.60
1.80
Carbohydrate
0.80
0.40
Sugars
1.80
0.90
Sodium
580.00
290.00
Energy (Cal)
126.03
63.01
Dietary Fibre (total)
3.80
1.90
Trans
0.10
0.05
* Percentage Daily Intakes are based on an average adult diet of 8700 kJ. Your daily intakes may be higher or lower depending on your energy needs.",,https://www.coles.com.au/product/coles-finest-pate-150g-5485814,,,2024-06-16T21:54:15.850077-04:00
"Ind53SColes_ADairy, Eggs & Fridge_SACheese_IKebia Bulgarian Sheep's Cheese | 400g",Kebia Bulgarian Sheep's Cheese | 400g,Kebia,"Dairy, Eggs & Fridge",Cheese,Gourmet Cheese,,$11.50,,,$28.75 per 1kg,3724696,"Smooth and creamy cheese produced with fresh free range milk from the mountains of Bulgaria. Perfect for Salads, baking and platters.",,,"Per 100g/ml
Per Serving
%DI
Energy
1300
360
4.1
Protein
17
4.8
9.6
Total Fat
24.5
7
10
Saturated Fat
15
4
16.7
Carbohydrate
1
0.3
0.1
Sugars
1
0.3
0.3
Sodium
1400
390
17
* Percentage Daily Intakes are based on an average adult diet of 8700 kJ. Your daily intakes may be higher or lower depending on your energy needs.",,https://www.coles.com.au/product/kebia-bulgarian-sheep's-cheese-400g-3724696,,,2024-06-16T21:54:27.705192-04:00
"Ind53SColes_ADairy, Eggs & Fridge_SADairy, chilled & frozen_IColes Cheese Shredded Mexican Blend | 250g",Coles Cheese Shredded Mexican Blend | 250g,Coles,"Dairy, Eggs & Fridge","Dairy, chilled & frozen",Cheese & desserts,,$5.00,,,"$20.00 per 1kg
Was $5.50 on Apr 2024",6795613,SOFT & STRETCHY THREE CHEESE BLEND WITH A MEDIUM HEAT. PERFECT FOR MEXICAN INSPIRED DISHES.,,,"Per 100g/ml
Per Serving
%DI
Energy
1418.93
354.73
Protein
24.70
6.18
Total Fat
26.7
6.7
10
Saturated Fat
19.4
4.9
20
Carbohydrate
0.09
0.02
Sugars
0.09
0.02
Calcium
700.00
175.00
Sodium
596.00
149.00
Saturated
19.40
4.85
Energy (Cal)
339.46
84.86
Fat
26.70
6.68
Dietary Fibre (total)
1.20
0.30
* Percentage Daily Intakes are based on an average adult diet of 8700 kJ. Your daily intakes may be higher or lower depending on your energy needs.",,https://www.coles.com.au/product/coles-cheese-shredded-mexican-blend-250g-6795613,,,2024-06-16T21:54:38.844000-04:00
"Ind53SColes_ADairy, Eggs & Fridge_SACheese_IKCF Lime & Cracked Pepper Club Cheddar | 165g",KCF Lime & Cracked Pepper Club Cheddar | 165g,KCF,"Dairy, Eggs & Fridge",Cheese,Cheddar & tasty cheese,,$4.80,,$5.50,$29.09 per 1kg,1988551,Lime Juice & Cracked Pepper corns are blended to create a cheese initially fruity citus flavour with a subtle peppery after-taste. A go to cheese on a sweet or savoury platter.,,,,"Pasteurised Cows Milk, Salt, Culture, Non Animal Rennet, Lime Juice, Cracked Black Pepper, Lemon Zest, Water, Preservative (223, 202)",https://www.coles.com.au/product/kcf-lime-and-cracked-pepper-club-cheddar-165g-1988551,,,2024-06-16T21:54:48.578550-04:00
"Ind53SColes_ADairy, Eggs & Fridge_SA_IMersey Valley Club Original Cheddar Cheese | 235g",Mersey Valley Club Original Cheddar Cheese | 235g,Mersey Valley,"Dairy, Eggs & Fridge",,,,$7.00,,$9.95,$29.79 per 1kg,6533005,"Mersey Valley Original has a delightful crumbly texture with a milder cheddar flavour, perfect for a snack that really hits the spot! Mersey Valley Original pairs perfectly with tomatoes, salami and your favourite crackers. Best served with a light craft beer or light red wine.",,,"Per 100g/ml
Per Serving
%DI
Energy
1740kJ
435kJ
0%
Protein
24.8g
6.2g
0%
Total Fat
33g
8.25g
0%
Saturated Fat
21.1g
5.275g
0%
Carbohydrate
1.4g
<1g
0%
Sugars
<1g
<1g
0%
Calcium
741mg
185.25mg
0%
Sodium
720mg
180mg
0%
* Percentage Daily Intakes are based on an average adult diet of 8700 kJ. Your daily intakes may be higher or lower depending on your energy needs.",,https://www.coles.com.au/product/mersey-valley-club-original-cheddar-cheese-235g-6533005,,,2024-06-16T21:55:00.871028-04:00
"Ind53SColes_ADairy, Eggs & Fridge_SACheese_ICheer Tasty Cheese Slices | 250g",Cheer Tasty Cheese Slices | 250g,Cheer,"Dairy, Eggs & Fridge",Cheese,Sliced cheese,,$7.30,,,$29.20 per 1kg,7648603,"NEW CHEER Cheese slices - refill pack! Now with 80% less plastic* and available in all 250g cheese slice variants. Bring a little CHEER, with a lot less plastic. Simply BYO container and help us save the extra plastic! *Compared to the weight of previous CHEER Slices 250g packagingCHEER Cheese 250g Tasty Cheese Slices are perfect for lunch box sandwiches on the go or to create delicious cheesy toasties at home! With a mild cheese flavour and 16 slice pack, CHEER Tasty Cheese Slices are the perfect everyday fridge staple.- 16 Tasty cheese slices - Simply BYO container and help us save the extra plastic! - Made in Australia from 100% Australian cow's milk- Vegetarian friendly- Preservative free- Mild cheese flavour- Perfect for your back to school lunch box or as a snack when relaxing at home!",,,"Per 100g/ml
Per Serving
%DI
Energy
1690kJ
270kJ
3%
Protein
25.8g
4.1g
8%
Total Fat
33.3g
5.3g
8%
Saturated Fat
21.6g
3.5g
14%
Carbohydrate
<1g
<1g
1%
Sugars
<1g
<1g
1%
Calcium
750mg
120mg
15%
Sodium
720mg
115mg
5%
* Percentage Daily Intakes are based on an average adult diet of 8700 kJ. Your daily intakes may be higher or lower depending on your energy needs.",,https://www.coles.com.au/product/cheer-tasty-cheese-slices-250g-7648603,,,2024-06-16T21:55:13.612906-04:00
"Ind53SColes_ADairy, Eggs & Fridge_SACheese_IColes Havarti Cheese Slices | 200g",Coles Havarti Cheese Slices | 200g,Coles,"Dairy, Eggs & Fridge",Cheese,Sliced cheese,,$4.90,,,$24.50 per 1kg,1462555,10 cheese slices mild with a sweet finish,,,"Per 100g/ml
Per Serving
%DI
Energy
1387
277.4
Protein
25
5
Total Fat
26
5.2
Carbohydrate
0
0
Sugars
0
0
Calcium
800
160
Sodium
600
120
Saturated
16.6
3.32
Energy (Cal)
331.82
66.36
Dietary Fibre (total)
0
0
* Percentage Daily Intakes are based on an average adult diet of 8700 kJ. Your daily intakes may be higher or lower depending on your energy needs.",,https://www.coles.com.au/product/coles-havarti-cheese-slices-200g-1462555,,,2024-06-16T21:55:24.607669-04:00
"Ind53SColes_ADairy, Eggs & Fridge_SACheese_ITasmanian Heritage Club Cheddar Vintage | 140g",Tasmanian Heritage Club Cheddar Vintage | 140g,Tasmanian Heritage,"Dairy, Eggs & Fridge",Cheese,Cheddar & tasty cheese,,$6.50,,,$46.43 per 1kg,7161020,"South Cape Vintage cheddar has been aged for at least 12 months to create a classic cheddar with a rich, full bodied flavour and very satisfying cheddar bite. Best served with fruit, crackers and paired with craft beer. Liberate your plate with South Cape.",,,"Per 100g/ml
Per Serving
%DI
Energy
1750kJ
437.5kJ
0%
Protein
25.7g
6.425g
0%
Total Fat
35g
8.75g
0%
Saturated Fat
23.5g
5.875g
0%
Carbohydrate
<1g
<1g
0%
Sugars
<1g
<1g
0%
Calcium
735mg
183.75mg
0%
Sodium
800mg
200mg
0%
* Percentage Daily Intakes are based on an average adult diet of 8700 kJ. Your daily intakes may be higher or lower depending on your energy needs.",,https://www.coles.com.au/product/tasmanian-heritage-club-cheddar-vintage-140g-7161020,,,2024-06-16T21:55:38.785413-04:00
"Ind53SColes_ADairy, Eggs & Fridge_SAPrimo_IPrimo Trios Twiggy Cheese & BBQ Rice Crackers | 50g",Primo Trios Twiggy Cheese & BBQ Rice Crackers | 50g,Primo,"Dairy, Eggs & Fridge",Primo,Crackers & Snacks,,$4.50,,,$9.00 per 100g,7696570,"Twiggy, Tasty Cheese and Barbecue Flavoured Rice Crackers
Source of protein
No artificial colours or flavours
Place straight into lunch bags for an easy filling snack",,,"Per 100g/ml
Per Serving
%DI
Energy
1680
840
10
Protein
19.4
9.7
19
Total Fat
27.1
13.6
19
Saturated Fat
13.0
6.5
27
Carbohydrate
20.0
10.0
3
Sugars
1.7
<1g
<1
Sodium
775mg
388mg
17%
* Percentage Daily Intakes are based on an average adult diet of 8700 kJ. Your daily intakes may be higher or lower depending on your energy needs.",,https://www.coles.com.au/product/primo-trios-twiggy-cheese-and-bbq-rice-crackers-50g-7696570,,,2024-06-16T21:55:50.181019-04:00
"Ind53SColes_ADairy, Eggs & Fridge_SACheese_IUdder Delights Smoked Brie | 180g",Udder Delights Smoked Brie | 180g,Udder Delights,"Dairy, Eggs & Fridge",Cheese,Brie & soft cheese,,$10.50,,,$58.34 per 1kg,6372019,Australian made Brie infused with natural smoke flavouring,,,,"Pasteurised Cow's Milk, Salt, Non-animal Rennet, Smoke Flavour 0.5%, Annatto & Cultures",https://www.coles.com.au/product/udder-delights-smoked-brie-180g-6372019,,,2024-06-16T21:56:00.267583-04:00
"Ind53SColes_ADairy, Eggs & Fridge_SA_ISouth Cape Reduced Fat Greek Style Fetta | 200g",South Cape Reduced Fat Greek Style Fetta | 200g,South Cape,"Dairy, Eggs & Fridge",,,,$6.50,,,$32.50 per 1kg,6416883,"Low-fat Greek Fetta with a slight acidic taste and crumbly texture. All the flavours of our classic Greek Fetta - salty, tangy, crumbly - with 43% less fat. Try this low-fat Fetta cheese cubed in salads, skewered as an entree, or crumbled over pasta. Enjoy.
Reduced-fat
25% Less fat than Cape Greek-style Fetta
Sharp & crumbly light
Made in Australia",,,,"Reduced Fat Pasteurised Cow'S Milk, Salt, Mineral Salt (509), Starter Cultures, Non-Animal Rennet).",https://www.coles.com.au/product/south-cape-reduced-fat-greek-style-fetta-200g-6416883,,,2024-06-16T21:56:09.345439-04:00
"Ind53SColes_ADairy, Eggs & Fridge_SACheese_IBabybel Mini Cheese Regular | 200g",Babybel Mini Cheese Regular | 200g,Babybel,"Dairy, Eggs & Fridge",Cheese,Cheese snacks,,$9.00,,$11.20,$45.00 per 1kg,6165047,"Mild, creamy and delicious, Original Mini Babybel makes snack time a tasty adventure.This 100% real cheese snack has no artificial growth hormones*, artificial colours, flavours, or preservatives.Pair it with your favourite crackers or pretzel for a creamy, crunchy duo.",,,,,https://www.coles.com.au/product/babybel-mini-cheese-regular-200g-6165047,,,2024-06-16T21:56:18.076696-04:00
"Ind53SColes_ADairy, Eggs & Fridge_SACheese_IBulla Dairy Low Fat Cottage Cheese Original | 200g",Bulla Dairy Low Fat Cottage Cheese Original | 200g,Bulla,"Dairy, Eggs & Fridge",Cheese,Brie & soft cheese,,$3.80,,,$19.00 per 1kg,393989,"Bulla Cottage Cheese 200g is a high protein versatile cheese that is 97% fat free and vegetarian friendly. Bulla Cottage Cheese is handmade in country Victoria, from fresh milk delivered daily.
Australian family owned and made.",,,"Per 100g/ml
Per Serving
%DI
Energy
344kJ
344kJ
4%
Protein
12g
12g
24%
Total Fat
1.8g
1.8g
3%
Saturated Fat
1.2g
1.2g
5%
Carbohydrate
4.3g
4.3g
1%
Sugars
4.2g
4.2g
5%
Calcium
106mg
106mg
13%
Sodium
312mg
312mg
14%
* Percentage Daily Intakes are based on an average adult diet of 8700 kJ. Your daily intakes may be higher or lower depending on your energy needs.",,https://www.coles.com.au/product/bulla-dairy-low-fat-cottage-cheese-original-200g-393989,,,2024-06-16T21:56:29.995597-04:00
"Ind53SColes_ADairy, Eggs & Fridge_SACheese_ICheer Tasty Cheese Block | 400g",Cheer Tasty Cheese Block | 400g,Cheer,"Dairy, Eggs & Fridge",Cheese,Block cheese,,$9.00,,,$22.50 per 1kg,7648283,"CHEER Cheese 400g Tasty Cheese block is a delicious fridge staple, perfect for when you want the option for sliced cheese or grated cheese ! CHEER Cheese 400g Tasty Cheese Block will melt and bubble nicely under the grill, making it perfect for cutting into cheese slices for toasties or to use as grated cheese. Cheer Tasty Cheese is also perfect to enjoy as a snack when relaxing at home. With a mild cheese flavour, CHEER Tasty Cheese Block is perfect for families.- 400g Tasty cheese block- Made in Australia from 100% Australian cow's milk- Vegetarian friendly- Preservative free- Mild cheese flavour",,,"Per 100g/ml
Per Serving
%DI
Energy
1690kJ
422kJ
5%
Protein
25.8g
6.5g
13%
Total Fat
33.3g
8.3g
12%
Saturated Fat
21.6g
5.4g
22%
Carbohydrate
<1g
<1g
1%
Sugars
<1g
<1g
1%
Calcium
750mg
188mg
24%
Sodium
720mg
180mg
8%
* Percentage Daily Intakes are based on an average adult diet of 8700 kJ. Your daily intakes may be higher or lower depending on your energy needs.",,https://www.coles.com.au/product/cheer-tasty-cheese-block-400g-7648283,,,2024-06-16T21:56:41.108600-04:00
"Ind53SColes_ADairy, Eggs & Fridge_SACheese_ISouth Cape 4 Piece Cheese Selection Platter | 435g",South Cape 4 Piece Cheese Selection Platter | 435g,South Cape,"Dairy, Eggs & Fridge",Cheese,Pates & platters,,$21.95,,,$50.46 per 1kg,8116847,,,,,,https://www.coles.com.au/product/south-cape-4-piece-cheese-selection-platter-435g-8116847,,,2024-06-16T21:56:49.913478-04:00
"Ind53SColes_ADairy, Eggs & Fridge_SA_IKenilworth Roast Garlic & Cracked Pepper Cheddar | 165g",Kenilworth Roast Garlic & Cracked Pepper Cheddar | 165g,Kenilworth,"Dairy, Eggs & Fridge",,,,$4.80,,$5.50,$29.09 per 1kg,1988438,"Always a successful combination, a little garlic and a hint of pepper to this delightlfully subtle cheese. Perfect for a platter, grated over a pizza, or the perfect cheesy garlic bread.  One for the whole family.
Garlic & Pepper
Mild Club Cheddar
Australian dairy",,,"Per 100g/ml
Per Serving
%DI
Energy
1680kj
420kj
Protein
25.4g
6.3g
Total Fat
33.8g
8.4g
Saturated Fat
21.5g
5.4g
Carbohydrate
1.1g
<1
Sugars
<1
<1
Sodium
655mg
164mg
* Percentage Daily Intakes are based on an average adult diet of 8700 kJ. Your daily intakes may be higher or lower depending on your energy needs.",,https://www.coles.com.au/product/kenilworth-roast-garlic-and-cracked-pepper-cheddar-165g-1988438,,,2024-06-16T21:57:02.176746-04:00
"Ind53SColes_ADairy, Eggs & Fridge_SACheese_ICheer Mozzarella Cheese Block | 400g",Cheer Mozzarella Cheese Block | 400g,Cheer,"Dairy, Eggs & Fridge",Cheese,Block cheese,,$9.00,,,$22.50 per 1kg,7648498,"CHEER Cheese 400g Mozzarella Cheese Block is a delicious fridge staple, perfect for when you want the option for sliced cheese or grated cheese ! With a mild creamy flavour, CHEER Cheese 400g Mozzarella Cheese Block is perfectly stretchy for use in cooking. Enjoy by cutting CHEER Mozzarella Cheese Block into cheese slices for paninis and toasties or use it as grated cheese, for sprinkling over lasagne!- 400g Mozzarella cheese block- Made in Australia from 100% Australian cow's milk- Preservative free- Mild creamy cheese flavour",,,"Per 100g/ml
Per Serving
%DI
Energy
1410kJ
353kJ
4%
Protein
27.1g
6.8g
14%
Total Fat
25.2g
6.3g
9%
Saturated Fat
17.7g
4.4g
18%
Carbohydrate
<1g
<1g
1%
Sugars
<1g
<1g
1%
Calcium
880mg
220mg
28%
Sodium
510mg
128mg
5%
* Percentage Daily Intakes are based on an average adult diet of 8700 kJ. Your daily intakes may be higher or lower depending on your energy needs.",,https://www.coles.com.au/product/cheer-mozzarella-cheese-block-400g-7648498,,,2024-06-16T21:57:13.292905-04:00
"Ind53SColes_ADairy, Eggs & Fridge_SACheese_ICastello Fetta Cubes In Brine | 430g",Castello Fetta Cubes In Brine | 430g,Castello,"Dairy, Eggs & Fridge",Cheese,Feta cheese,,$6.00,,,$13.95 per 1kg,3272889,"Castello Traditional Greek Style Fetta is made using a classic recipe to create a full flavour with a balanced, tangy finish and slightly crumbly texture.
It's pre-cut into convenient cubes, ready to add to salads, pizza, pasta and baked dishes.",,,"Per 100g/ml
Per Serving
%DI
Energy
1080kJ
270kJ
Protein
15.3g
3.8g
Total Fat
21.8g
5.5g
Saturated Fat
13.9g
3.5g
Carbohydrate
0.2g
<0.1g
Sugars
0.2g
<0.1g
Sodium
1200mg
300mg
* Percentage Daily Intakes are based on an average adult diet of 8700 kJ. Your daily intakes may be higher or lower depending on your energy needs.","Fetta Cheese 43% (Pasteurised Milk, Salt, Culture, Non-Animal Rennet, Calcium Chloride (509)), Brine (Water, Salt, Calcium Chloride (509), Acidity Regulator (Lactic Acid))",https://www.coles.com.au/product/castello-fetta-cubes-in-brine-430g-3272889,,,2024-06-16T21:57:24.346359-04:00
"Ind53SColes_ADairy, Eggs & Fridge_SACheese_IYarra Valley Cheese Marinated Persian Fetta | 350g",Yarra Valley Cheese Marinated Persian Fetta | 350g,Yarra Valley,"Dairy, Eggs & Fridge",Cheese,Feta cheese,,$11.40,,,$32.57 per 1kg,2791280,"This could be the most versatile cheese in your fridge. Created using only the finest quality Australian ingredients and premium Victorian milk, our Persian Fetta will not only raise the bar of your cheese platter, it will elevate all of your favourite salads and pasta dishes to next-level delicious -- don't forget to use the oil! Simply perfect piled onto warm, crusty bread or paired with rocket and roasted root vegetables.

Handcrafted on our family-owned farm in the Yarra Valley using the same original recipe since its creation in 1994.
Made in Australia

Cows' milk cheese marinated in herbs and oil

Handcrafted on our family-owned farm in the Yarra Valley using the same original recipe since its creation in 1994.",,,"Per 100g/ml
Per Serving
%DI
Energy
1270
317
Protein
15.5g
4g
Total Fat
25.8g
6.5g
Saturated Fat
14.3g
3.6g
Carbohydrate
2.8g
<1g
Sugars
1.8g
<1g
Sodium
420mg
105mg
Trans
1.1g
<1g
* Percentage Daily Intakes are based on an average adult diet of 8700 kJ. Your daily intakes may be higher or lower depending on your energy needs.",,https://www.coles.com.au/product/yarra-valley-cheese-marinated-persian-fetta-350g-2791280,,,2024-06-16T21:57:35.332774-04:00
"Ind53SColes_ADairy, Eggs & Fridge_SACheese_ILemnos Crumbled Fetta Pouch | 120g",Lemnos Crumbled Fetta Pouch | 120g,Lemnos,"Dairy, Eggs & Fridge",Cheese,Feta cheese,,$3.85,,$4.80,$32.08 per 1kg,6820539,"Embrace your creative side with Lemnos Traditional Crumbled Fetta. Sprinkle on salad or pizza, stir through soup or pasta or bake in a frittata or quiche.
Contains Protein & Calcium

Just a few Ingredients

No Artificial Flavours or Colors

Suitable for Vegetarians

Made in Australia",,,"Per 100g/ml
Per Serving
%DI
Energy
1140 kJ
342 kJ
Protein
17.6 g
5.3 g
Total Fat
21.5 g
6.4 g
Saturated Fat
14.6 g
4.4 g
Carbohydrate
2.5 g
Less than 1 g
Sugars
1.4 g
Less than 1 g
Calcium
285 mg
85 mg
Sodium
1165 mg
349 mg
Energy (Cal)
272 Cal
82 Cal
* Percentage Daily Intakes are based on an average adult diet of 8700 kJ. Your daily intakes may be higher or lower depending on your energy needs.",,https://www.coles.com.au/product/lemnos-crumbled-fetta-pouch-120g-6820539,,,2024-06-16T21:57:46.593664-04:00
"Ind53SColes_ADairy, Eggs & Fridge_SACheese_ITasmanian Heritage Trilogy Roasted Onion & Chive Vintage & Smoked Cheddar | 140g",Tasmanian Heritage Trilogy Roasted Onion & Chive Vintage & Smoked Cheddar | 140g,Tasmanian Heritage,"Dairy, Eggs & Fridge",Cheese,Cheddar & tasty cheese,,$6.50,,,$46.43 per 1kg,6578080,South Cape Trilogy features a great selection of flavours with Vintage and Smoked complimented by the delicious flavour of Roasted Onion and Chive. Best served with crackers and paired with craft beer. Liberate your plate with South Cape.,,,"Per 100g/ml
Per Serving
%DI
Energy
1710kJ
427.5kJ
0%
Protein
25.6g
6.4g
0%
Total Fat
34g
8.5g
0%
Saturated Fat
22.8g
5.7g
0%
Carbohydrate
<1g
<1g
0%
Sugars
<1g
<1g
0%
Calcium
745mg
186.25mg
0%
Sodium
720mg
180mg
0%
* Percentage Daily Intakes are based on an average adult diet of 8700 kJ. Your daily intakes may be higher or lower depending on your energy needs.",,https://www.coles.com.au/product/tasmanian-heritage-trilogy-roasted-onion-and-chive-vintage-and-smoked-cheddar-140g-6578080,,,2024-06-16T21:57:59.182309-04:00
"Ind53SColes_ADairy, Eggs & Fridge_SACheese_IPhiladelphia Portions Cream Cheese Original Spread | 150g",Philadelphia Portions Cream Cheese Original Spread | 150g,Philadelphia,"Dairy, Eggs & Fridge",Cheese,Cream cheese & spreads,,$4.00,,,$26.67 per 1kg,5432035,"Philadelphia Portions is perfect for snacking on the go, lunch boxes or when you just need a little bit of cream cheese. It also helps to retain freshness as it comes in a convenient single serve pack which is just the just the right size to make a sandwich filling or a tasty topping to a crackers.
Single serve packs

Deliciously Creamy

Portionable and convenient

Philadelphia is made in Australia since 1956

No artificial colours or flavours

Made with at least 95% Australian ingredients.",,,"Per 100g/ml
Per Serving
%DI
Energy
940kJ
352kJ
4%
Protein
4.9g
1.8g
4%
Total Fat
21.8g
8.2g
12%
Saturated Fat
15.2g
5.7g
24%
Carbohydrate
2.9g
1.1g
<1%
Sugars
2.9g
1.1g
1%
Sodium
328mg
123mg
5%
Monounsaturated
0
0
0
Energy (Cal)
0
0
0
Dietary Fibre (total)
0
0
0
Polyunsaturated
0
0
0
Trans
0
0
0
* Percentage Daily Intakes are based on an average adult diet of 8700 kJ. Your daily intakes may be higher or lower depending on your energy needs.",,https://www.coles.com.au/product/philadelphia-portions-cream-cheese-original-spread-150g-5432035,,,2024-06-16T21:58:11.757783-04:00
"Ind53SColes_ADairy, Eggs & Fridge_SACheese_IColes Smooth Ricotta | 375g",Coles Smooth Ricotta | 375g,Coles,"Dairy, Eggs & Fridge",Cheese,Brie & soft cheese,,$3.60,,,$9.60 per 1kg,2212666,Coles dairy 375g smooth ricotta. Ideal for crafting your own sweet savoury and pasta dishes.,,,"Per 100g/ml
Per Serving
%DI
Energy
561.5
168.45
Protein
9.0
2.7
5
Carbohydrate
3.6
1.1
0
Sugars
3.6
1.08
Calcium
94
28.2
Saturated
6.5
1.95
Energy (Cal)
159
48
Fat
9.8
2.94
Dietary Fibre (total)
0
0
* Percentage Daily Intakes are based on an average adult diet of 8700 kJ. Your daily intakes may be higher or lower depending on your energy needs.",,https://www.coles.com.au/product/coles-smooth-ricotta-375g-2212666,,,2024-06-16T21:58:22.982553-04:00
"Ind53SColes_ADairy, Eggs & Fridge_SACheese_ISouth Cape Cream Cheese Sweet Chilli | 80g",South Cape Cream Cheese Sweet Chilli | 80g,South Cape,"Dairy, Eggs & Fridge",Cheese,Specialty & entertaining cheese,,$4.80,Pick any 3 for $12,,$60.00 per 1kg,5003618,,,,,,https://www.coles.com.au/product/south-cape-cream-cheese-sweet-chilli-80g-5003618,,,2024-06-16T21:58:32.165420-04:00
"Ind53SColes_ADairy, Eggs & Fridge_SACheese_IDairylea Burger Cheese Slices | 250g",Dairylea Burger Cheese Slices | 250g,Dairylea,"Dairy, Eggs & Fridge",Cheese,Sliced cheese,,$5.40,,,$21.60 per 1kg,2984261,"Dairylea Burger Cheese Slices are bold in taste, have no artificial colours or flavours and are a delicious source of calcium. Add some extra oomph to your classic homemade burger.",,,,"CHEESE (MINIMUM 55%) (MILK, SALT, STARTER CULTURE, ENZYMES), BUTTER OR CREAM (FROM MILK) OR MILK FAT, WATER, MILK SOLIDS, MINERAL SALTS (331, 339), SALT, FOOD ACID (270), COLOUR (160b), PRESERVATIVE (200), SPICE, ANTI-STICK AGENT (401).",https://www.coles.com.au/product/dairylea-burger-cheese-slices-250g-2984261,,,2024-06-16T21:58:41.428428-04:00
"Ind53SColes_ADairy, Eggs & Fridge_SACheese_ICheer Light & Tasty Cheese Block | 400g",Cheer Light & Tasty Cheese Block | 400g,Cheer,"Dairy, Eggs & Fridge",Cheese,Block cheese,,$9.00,,,$22.50 per 1kg,7648465,"CHEER Cheese 400g Tasty Light Cheese block is a delicious fridge staple, perfect for when you want the option for sliced cheese or grated cheese ! CHEER Cheese 400g Tasty Light Cheese Block is perfect for cutting into cheese slices for toasties, to use as grated cheese as a garnish to meals, or even to enjoy as a snack! With 25% less fat* and a mild flavour, CHEER Light & Tasty Cheese Block is perfect for families.- 400g Tasty Light cheese block- Made in Australia from 100% Australian cow's milk- Vegetarian friendly- Preservative free- Mild cheese flavour*Contains 25% less fat than CHEER Tasty Cheese.",,,"Per 100g/ml
Per Serving
%DI
Energy
1400kJ
350kJ
4%
Protein
30g
7.5g
15%
Total Fat
23.6g
5.9g
8%
Saturated Fat
15.3g
3.8g
16%
Carbohydrate
<1g
<1g
1%
Sugars
<1g
<1g
1%
Calcium
860mg
215mg
27%
Sodium
700mg
175mg
8%
* Percentage Daily Intakes are based on an average adult diet of 8700 kJ. Your daily intakes may be higher or lower depending on your energy needs.",,https://www.coles.com.au/product/cheer-light-and-tasty-cheese-block-400g-7648465,,,2024-06-16T21:58:52.409927-04:00
"Ind53SColes_ADairy, Eggs & Fridge_SACheese_ITasmanian Heritage Little Entertainers Camembert | 80g",Tasmanian Heritage Little Entertainers Camembert | 80g,Tasmanian Heritage,"Dairy, Eggs & Fridge",Cheese,Brie & soft cheese,,$4.80,Pick any 3 for $12,,$60.00 per 1kg,5441681,"Tasmanian Heritage Camembert has a wonderfully satisfying smooth, mild and delicate flavour. Its rind has a dense, even white mould covering, with a slight mushroom aroma, revealing a silky yet firm and pale centre. Available in a smaller 80g serving, perfect for smaller cheese boards for up to 3 people.",,,"Per 100g/ml
Per Serving
%DI
Energy
1350kJ
338kJ
0%
Protein
20.6g
5.2g
0%
Total Fat
27.1g
6.8g
0%
Saturated Fat
18.9g
4.7g
0%
Carbohydrate
<1g
<1g
0%
Sugars
<1g
<1g
0%
Calcium
680mg
170mg
0%
Sodium
525mg
131mg
0%
* Percentage Daily Intakes are based on an average adult diet of 8700 kJ. Your daily intakes may be higher or lower depending on your energy needs.",,https://www.coles.com.au/product/tasmanian-heritage-little-entertainers-camembert-80g-5441681,,,2024-06-16T21:59:03.695050-04:00
"Ind53SColes_ADairy, Eggs & Fridge_SACheese_IMainland On The Go Cheese Lavosh & Caramelised Onion | 36g",Mainland On The Go Cheese Lavosh & Caramelised Onion | 36g,Mainland,"Dairy, Eggs & Fridge",Cheese,Cheese snacks,,$3.00,Pick any 2 for $5,,$8.33 per 100g,5420025,Mainland Tasty Cheese & Caramelised Onion Lavosh Crackers 36g,,,"Per 100g/ml
Per Serving
%DI
Energy
1770kJ
637kJ
Protein
20.5g
7.4g
Total Fat
29.3g
10.6g
Saturated Fat
18.5g
6.7g
Carbohydrate
18.1g
6.5g
Sugars
1.2g
Less than 1g
Calcium
549mg
198mg
Sodium
740mg
266mg
* Percentage Daily Intakes are based on an average adult diet of 8700 kJ. Your daily intakes may be higher or lower depending on your energy needs.",,https://www.coles.com.au/product/mainland-on-the-go-cheese-lavosh-and-caramelised-onion-36g-5420025,,,2024-06-16T21:59:14.974837-04:00
"Ind53SColes_ADairy, Eggs & Fridge_SACheese_IBega Easy Melt Colby Slices | 250g",Bega Easy Melt Colby Slices | 250g,Bega,"Dairy, Eggs & Fridge",Cheese,Sliced cheese,,$7.50,,,$30.00 per 1kg,1446286,Bega Cheese Easy Melt Colby Slices 250g,,,"Per 100g/ml
Per Serving
%DI
Energy
1680kJ
286kJ
3%
Protein
23.3g
4.0g
8%
Total Fat
34.5g
5.9g
8%
Saturated Fat
20.8g
3.5g
15%
Carbohydrate
Less than 1g
Less than 1g
0%
Sugars
Less than 1g
Less than 1g
0%
Calcium
720mg
Sodium
692mg
118mg
5%
* Percentage Daily Intakes are based on an average adult diet of 8700 kJ. Your daily intakes may be higher or lower depending on your energy needs.","Milk, Salt, Cultures, Enzyme (Non-Animal Rennet).",https://www.coles.com.au/product/bega-easy-melt-colby-slices-250g-1446286,,,2024-06-16T21:59:25.945891-04:00
"Ind53SColes_ADairy, Eggs & Fridge_SACheese_ITasmanian Heritage Little Entertainers Havarti | 80g",Tasmanian Heritage Little Entertainers Havarti | 80g,Tasmanian Heritage,"Dairy, Eggs & Fridge",Cheese,Firm cheese,,$4.80,Pick any 3 for $12,,$60.00 per 1kg,3029712,"South Cape Havarti is a pale yellow, buttery semi soft cheese with a tangy flavour and lovely melting quality. This smaller 80g serving is perfect for cheese boards for smaller groups- mix n' match with other cheeses from the Little Entertainers range. Best served with cold meats and paired with white wine. Liberate your plate with South Cape.",,,"Per 100g/ml
Per Serving
%DI
Energy
1680kJ
420kJ
0%
Protein
21.6g
5.4g
0%
Total Fat
35g
8.75g
0%
Saturated Fat
24.3g
6.075g
0%
Carbohydrate
<1g
<1g
0%
Sugars
<1g
<1g
0%
Calcium
738mg
184.5mg
0%
Sodium
563mg
140.75mg
0%
* Percentage Daily Intakes are based on an average adult diet of 8700 kJ. Your daily intakes may be higher or lower depending on your energy needs.",,https://www.coles.com.au/product/tasmanian-heritage-little-entertainers-havarti-80g-3029712,,,2024-06-16T21:59:36.983915-04:00
"Ind53SColes_ADairy, Eggs & Fridge_SACheese_ILa Casa Del Formaggio Mozzarella Ball | 250g",La Casa Del Formaggio Mozzarella Ball | 250g,La Casa Del Formaggio,"Dairy, Eggs & Fridge",Cheese,Block cheese,,$5.50,,,$22.00 per 1kg,2485512,"Mozzarella is delicious melted on pizzas and toasted focaccia rolls. It is a key ingredient in lasagnas, casseroles, pasta bakes and most other cheesy hot dishes. Simple to use, just grate or slice, and add to your favourite dish. Mozzarella, also from the Pasta Filata family, is lower in moisture than Bocconcini. La Casa Del Formaggio's Mozzarella follows the same manufacturing process as the Bocconcini products, only it is cooked a little longer in its own whey to expel more moisture, making it one of the purest Mozzarellas on the market, with absolutely no artificial preservatives. Our Mozzarella is higher moisture than standard pizza cheese, which means it stays rich and creamy when melted at high temperatures.",,,"Per 100g/ml
Per Serving
%DI
Energy
1260kJ
315kJ
Protein
24.8g
6.2g
Total Fat
22.4g
5.6g
Saturated Fat
15g
3.8g
Carbohydrate
<1g
<1g
Sugars
<1g
<1g
Calcium
730mg
182mg
22%
Sodium
341mg
85mg
* Percentage Daily Intakes are based on an average adult diet of 8700 kJ. Your daily intakes may be higher or lower depending on your energy needs.",,https://www.coles.com.au/product/la-casa-del-formaggio-mozzarella-ball-250g-2485512,,,2024-06-16T21:59:52.144810-04:00
"Ind53SColes_ADairy, Eggs & Fridge_SACheese_IColes Traditional Bocconcini | 210g",Coles Traditional Bocconcini | 210g,Coles,"Dairy, Eggs & Fridge",Cheese,Gourmet Cheese,,$4.80,,,$22.86 per 1kg,2466460,"Coles Dairy traditional Bocconcini, 210g. Made with Australian milk, fresh milk pearls of mozzarella cheese, a fresh topping for pizza and salads. Perfect for entertaining.",,,"Per 100g/ml
Per Serving
%DI
Energy
1204.7
361.41
4
Protein
21.4
6.42
13
Total Fat
21.9
6.57
9
Saturated Fat
15.1
4.53
19
Carbohydrate
1.8
0.54
0
Calcium
447
134.1
Sodium
188
56.4
2
Energy (Cal)
288.21
86.46
Dietary Fibre
0
0
* Percentage Daily Intakes are based on an average adult diet of 8700 kJ. Your daily intakes may be higher or lower depending on your energy needs.",,https://www.coles.com.au/product/coles-traditional-bocconcini-210g-2466460,,,2024-06-16T22:00:03.306173-04:00
"Ind53SColes_ADairy, Eggs & Fridge_SACheese_ITasmanian Heritage Little Entertainers Trilogy Summer Herbs Vintage Cheddar & Sundired Tomato | 80g",Tasmanian Heritage Little Entertainers Trilogy Summer Herbs Vintage Cheddar & Sundired Tomato | 80g,Tasmanian,"Dairy, Eggs & Fridge",Cheese,Cheddar & tasty cheese,,$4.80,Pick any 3 for $12,,$60.00 per 1kg,5438406,Tasmanaian Heritage Trilogy offers the traditional flavour of Vintage paired with the Mediterranean flavours of Summer Herbs and Sun-dried Tomato. Best served with crackers and paired with craft beer.,,,"Per 100g/ml
Per Serving
%DI
Energy
1490kJ
313kJ
0%
Protein
24g
5g
0%
Total Fat
30g
6.3g
0%
Saturated Fat
20.5g
4.3g
0%
Carbohydrate
<1g
<1g
0%
Sugars
<1g
<1g
0%
Calcium
796mg
167mg
21%
Sodium
720mg
151mg
0%
* Percentage Daily Intakes are based on an average adult diet of 8700 kJ. Your daily intakes may be higher or lower depending on your energy needs.",,https://www.coles.com.au/product/tasmanian-heritage-little-entertainers-trilogy-summer-herbs-vintage-cheddar-and-sundired-tomato-80g-5438406,,,2024-06-16T22:00:14.541894-04:00
"Ind53SColes_ADairy, Eggs & Fridge_SACheese_IPhiladelphia Soft Cream Cheese Tub | 250g",Philadelphia Soft Cream Cheese Tub | 250g,Philadelphia,"Dairy, Eggs & Fridge",Cheese,Cream cheese & spreads,,$4.85,,$5.70,$19.40 per 1kg,5196114,"Philadelphia Spreads is perfect for everyday snacking.  A spread of Philadelphia cream cheese can elevate everyday simple snacks to something deliciously creamy whether it's crackers, bread, bruschetta, dips, bagels, croissants or your healthy vege snacks of carrot sticks
Deliciously Creamy

Philadelphia is made in Australia since 1956

No artificial colours or flavours

Made with at least 95% Australian ingredients

100% recyclable",,,"Per 100g/ml
Per Serving
%DI
Energy
940kJ
235kJ
3%
Protein
4.9g
1.2g
2%
Total Fat
21.8g
5.4g
8%
Saturated Fat
15.2g
3.8g
16%
Carbohydrate
2.9g
<1.0g
<1%
Sugars
2.9g
<1.0g
1%
Sodium
350mg
88mg
4%
Monounsaturated
0
0
0
Energy (Cal)
0
0
0
Dietary Fibre (total)
0
0
0
Polyunsaturated
0
0
0
Trans
0
0
0
* Percentage Daily Intakes are based on an average adult diet of 8700 kJ. Your daily intakes may be higher or lower depending on your energy needs.",,https://www.coles.com.au/product/philadelphia-soft-cream-cheese-tub-250g-5196114,,,2024-06-16T22:00:26.597306-04:00
"Ind53SColes_ADairy, Eggs & Fridge_SACheese_IZanetti Pecorino Romano | 200g",Zanetti Pecorino Romano | 200g,Zanetti,"Dairy, Eggs & Fridge",Cheese,Block cheese,,$11.25,,$12.50,$56.25 per 1kg,3575938,,,,,,https://www.coles.com.au/product/zanetti-pecorino-romano-200g-3575938,,,2024-06-16T22:00:36.665245-04:00
"Ind53SColes_ADairy, Eggs & Fridge_SACheese_IBega Light & Tasty Natural Cheese Slices 12x250g | 250g",Bega Light & Tasty Natural Cheese Slices 12x250g | 250g,Bega,"Dairy, Eggs & Fridge",Cheese,Sliced cheese,,$7.50,,,$30.00 per 1kg,9400960,"Contains 50% less fat than Bega Tasty Cheddar Cheese which contains 35.3g fat per 100g.

100% Natural.

100% Natural Tasty Cheddar Cheese.",,,"Per 100g/ml
Per Serving
%DI
Energy
1140kJ
194kJ
2%
Protein
34.4g
5.8g
12%
Total Fat
15.0g
2.6g
4%
Saturated Fat
9.0g
1.5g
7%
Carbohydrate
Less than 1g
Less than 1g
0%
Sugars
Less than 1g
Less than 1g
0%
Calcium
940mg
Sodium
600mg
102mg
4%
* Percentage Daily Intakes are based on an average adult diet of 8700 kJ. Your daily intakes may be higher or lower depending on your energy needs.",,https://www.coles.com.au/product/bega-light-and-tasty-natural-cheese-slices-12x250g-250g-9400960,,,2024-06-16T22:00:48.005896-04:00
"Ind53SColes_ADairy, Eggs & Fridge_SACheese_ICastello Intense Blue | 150g",Castello Intense Blue | 150g,Castello,"Dairy, Eggs & Fridge",Cheese,Blue cheese,,$7.50,,,$50.00 per 1kg,3226655,"A unique blend of cow and sheep's milk and specially selected blue mould to create a rich, full flavour with a soft texture inside and dark outer rind.",,,"Per 100g/ml
Per Serving
%DI
Energy
1700kJ
424kJ
Protein
13.8g
3.5g
Total Fat
39g
9.8g
Saturated Fat
24.9g
6.2g
Carbohydrate
0.1g
<0.1g
Sugars
0.1g
<0.1g
Sodium
800mg
200mg
* Percentage Daily Intakes are based on an average adult diet of 8700 kJ. Your daily intakes may be higher or lower depending on your energy needs.",,https://www.coles.com.au/product/castello-intense-blue-150g-3226655,,,2024-06-16T22:00:59.411061-04:00
"Ind53SColes_ADairy, Eggs & Fridge_SACheese_IColes Mozzarella Shredded Cheese | 700g",Coles Mozzarella Shredded Cheese | 700g,Coles,"Dairy, Eggs & Fridge",Cheese,Grated cheese,,$10.00,,,$14.29 per 1kg,1413334,"1 is for very mild strength Very mild and stretchy, perfect for pizza, baked potato and lasagne.",,,"Per 100g/ml
Per Serving
%DI
Energy
1357.30
339.33
Protein
25.60
6.40
Carbohydrate
0.90
0.23
Sugars
0.80
0.20
Calcium
772.00
193.00
Sodium
481.00
120.25
Saturated
16.90
4.23
Energy (Cal)
324.71
81.18
Fat
24.40
6.10
Dietary Fibre (total)
0.50
0.13
* Percentage Daily Intakes are based on an average adult diet of 8700 kJ. Your daily intakes may be higher or lower depending on your energy needs.",,https://www.coles.com.au/product/coles-mozzarella-shredded-cheese-700g-1413334,,,2024-06-16T22:01:10.542825-04:00
"Ind53SColes_ADairy, Eggs & Fridge_SACheese_IBulla Dairy Low Fat Cottage Cheese Original | 500g",Bulla Dairy Low Fat Cottage Cheese Original | 500g,Bulla,"Dairy, Eggs & Fridge",Cheese,Brie & soft cheese,,$6.00,,,$12.00 per 1kg,394008,"Bulla Cottage Cheese 500g is a high protein versatile cheese that is 97% fat free and vegetarian friendly. Bulla Cottage Cheese is handmade in country Victoria, from fresh milk delivered daily.Australian family owned and made.",,,"Per 100g/ml
Per Serving
%DI
Energy
344kJ
344kJ
4%
Protein
12g
12g
24%
Total Fat
1.8g
1.8g
3%
Saturated Fat
1.2g
1.2g
5%
Carbohydrate
4.3g
4.3g
1%
Sugars
4.2g
4.2g
5%
Calcium
106mg
106mg
13%
Sodium
312mg
312mg
14%
* Percentage Daily Intakes are based on an average adult diet of 8700 kJ. Your daily intakes may be higher or lower depending on your energy needs.",,https://www.coles.com.au/product/bulla-dairy-low-fat-cottage-cheese-original-500g-394008,,,2024-06-16T22:01:21.995690-04:00
"Ind53SColes_ADairy, Eggs & Fridge_SACheese_IThe Organic Milk Co. Organic Shredded Cheddar | 250g",The Organic Milk Co. Organic Shredded Cheddar | 250g,The Organic Milk Co,"Dairy, Eggs & Fridge",Cheese,Grated cheese,,$6.50,,,$26.00 per 1kg,4380887,"Our products start with a passion for quality, organic milk. No additives, antibiotics or GMOs.

Our Organic Cheddar is aged up to 12 months and selected when the flavour has developed a hint of sharpness and a smooth texture. A versatile all rounder, sure to please the whole family.",,,"Per 100g/ml
Per Serving
%DI
Energy
1660
415
Protein
25.0
6.3
Total Fat
32.5
8.1
Saturated Fat
21.2
5.3
Carbohydrate
1.3
<1.0
Sugars
<1.0
<1.0
Sodium
645
161
* Percentage Daily Intakes are based on an average adult diet of 8700 kJ. Your daily intakes may be higher or lower depending on your energy needs.",,https://www.coles.com.au/product/the-organic-milk-co.-organic-shredded-cheddar-250g-4380887,,,2024-06-16T22:01:34.087743-04:00
"Ind53SColes_ADairy, Eggs & Fridge_SACheese_IColes Tasty Cheese Slices Salami & Poppyseed Lavosh Crackers | 48g",Coles Tasty Cheese Slices Salami & Poppyseed Lavosh Crackers | 48g,Coles,"Dairy, Eggs & Fridge",Cheese,Cheese snacks,,$3.50,,,$7.29 per 100g,4383976,"Delicious slices of tasty cheese, Danish salami & lavosh crackers. Perfect snack for on the go!",,,"Per 100g/ml
Per Serving
%DI
Energy
1556.1
746.93
Protein
20.5
9.84
Total Fat
24.7
11.86
Carbohydrate
16.1
7.73
Sugars
1.5
0.72
Calcium
320
153.6
Sodium
1000
480
Saturated
13.9
6.67
Energy (Cal)
372.27
178.69
Dietary Fibre (total)
2.5
1.2
Trans
1
0.48
* Percentage Daily Intakes are based on an average adult diet of 8700 kJ. Your daily intakes may be higher or lower depending on your energy needs.",,https://www.coles.com.au/product/coles-tasty-cheese-slices-salami-and-poppyseed-lavosh-crackers-48g-4383976,,,2024-06-16T22:01:45.652591-04:00
"Ind53SColes_ADairy, Eggs & Fridge_SACheese_IDodoni Halloumi | 225g",Dodoni Halloumi | 225g,Dodoni,"Dairy, Eggs & Fridge",Cheese,Gourmet Cheese,,$8.50,,,$37.78 per 1kg,1843435,"Authentic Cypriot halloumi cheese with mint, made from cow, sheep and goats milk.",,,"Per 100g/ml
Per Serving
%DI
Energy
1322kJ
397kJ
Protein
23g
6.9g
Total Fat
24g
7.2g
Saturated Fat
16g
4.8g
Carbohydrate
2g
0.6g
Sugars
2g
0.6g
Sodium
3000mg
900mg
* Percentage Daily Intakes are based on an average adult diet of 8700 kJ. Your daily intakes may be higher or lower depending on your energy needs.",,https://www.coles.com.au/product/dodoni-halloumi-225g-1843435,,,2024-06-16T22:01:57.951577-04:00
"Ind53SColes_ADairy, Eggs & Fridge_SADairy, chilled & frozen_IUnicorn Classic Brie Chilli | 125g",Unicorn Classic Brie Chilli | 125g,Unicorn,"Dairy, Eggs & Fridge","Dairy, chilled & frozen",Cheese & yoghurt,,$5.00,,,"$40.00 per 1kg
Was $6.00 on Apr 2024",5443337,Our Classic Brie Cheese infused with chilli flakes. For the entertainer that wants to add a kick to their cheese board.,,,"Per 100g/ml
Per Serving
%DI
Energy
1630kJ
326kJ
Protein
18.5g
3.7g
Total Fat
35.6g
7.1g
Saturated Fat
25.7g
5.1g
Carbohydrate
<0.5g
<0.1g
Sugars
0.4g
<0.1g
Sodium
963mg
192.6mg
* Percentage Daily Intakes are based on an average adult diet of 8700 kJ. Your daily intakes may be higher or lower depending on your energy needs.",,https://www.coles.com.au/product/unicorn-classic-brie-chilli-125g-5443337,,,2024-06-16T22:02:10.519918-04:00
"Ind53SColes_ADairy, Eggs & Fridge_SACheese_IBio Shredded Cheddar Cheese | 200g",Bio Shredded Cheddar Cheese | 200g,Bio,"Dairy, Eggs & Fridge",Cheese,Grated cheese,,$7.20,,$9.00,$36.00 per 1kg,3274760,"BioCheese Cheddar Shred is made with coconut oil, producing a full flavoured cheddar, that is delicious and versatile. An ideal plant-based dairy simulant shredded for your convenience in a resealable bag. Perfect for wraps, salads, tacos and more of your favourite dishes! 
Vegan Friendly

Vegetarian

Gluten Free

Soya Free

Lactose Free

Palm Oil Free.

GMO Free.

Melts.",,,"Per 100g/ml
Per Serving
%DI
Energy
1130
339
Protein
0.0
0.0
Total Fat
21.0
6.3
Saturated Fat
19.0
5.7
Carbohydrate
21.0
6.3
Sugars
0.0
0.0
Sodium
920
276
Energy (Cal)
270
81
Dietary Fibre (total)
0.0
0.0
Trans
0.21
0.06
* Percentage Daily Intakes are based on an average adult diet of 8700 kJ. Your daily intakes may be higher or lower depending on your energy needs.",,https://www.coles.com.au/product/bio-shredded-cheddar-cheese-200g-3274760,,,2024-06-16T22:02:22.852005-04:00
"Ind53SColes_ADairy, Eggs & Fridge_SA_ILemnos Reduced Salt Haloumi | 180g",Lemnos Reduced Salt Haloumi | 180g,Lemnos,"Dairy, Eggs & Fridge",,,,$7.00,,,$38.89 per 1kg,1464357,"Grilled, fried or baked, Lemnos Haloumi Cyprus Style Salt Reduced Cheese is delicious in a wide variety of meals. Contains no artificial flavours, no preservatives and is suitable for vegetarians. Proudly made in Australia.
Contains no artificial flavours

no preservatives

suitable for vegetarians

Made in Australia",,,"Per 100g/ml
Per Serving
%DI
Energy
1280 kJ
384 kJ
Protein
18.5 g
5.5 g
Total Fat
23.2 g
7.0 g
Saturated Fat
16.1 g
4.8 g
Carbohydrate
1.3 g
Less than 1g
Sugars
1.3 g
Less than 1g
Sodium
1290 mg
387mg
Energy (Cal)
306 Cal
92 Cal
Potassium
44 mg
13 mg
* Percentage Daily Intakes are based on an average adult diet of 8700 kJ. Your daily intakes may be higher or lower depending on your energy needs.",,https://www.coles.com.au/product/lemnos-reduced-salt-haloumi-180g-1464357,,,2024-06-16T22:03:41.427037-04:00
"Ind53SColes_ADairy, Eggs & Fridge_SACheese_IBega Cheese Slices Colby | 500g",Bega Cheese Slices Colby | 500g,Bega,"Dairy, Eggs & Fridge",Cheese,Sliced cheese,,$11.00,,,$22.00 per 1kg,6796660,"Bega Cheese Colby Slices 500g
100% Natural

Source of Calcium

Made in Australia",,,"Per 100g/ml
Per Serving
%DI
Energy
1680
286
3
Protein
23.3
4.0
8
Total Fat
34.5
5.9
8
Saturated Fat
20.8
3.5
15
Carbohydrate
Less than 1g
Less than 1g
0
Sugars
Less than 1g
Less than 1g
0
Calcium
720
122mg(15%RDI)
15
Sodium
692mg
118mg
5
* Percentage Daily Intakes are based on an average adult diet of 8700 kJ. Your daily intakes may be higher or lower depending on your energy needs.",,https://www.coles.com.au/product/bega-cheese-slices-colby-500g-6796660,,,2024-06-16T22:03:52.520039-04:00
"Ind53SColes_ADairy, Eggs & Fridge_SA_IUdder Delights Camembert | 200g",Udder Delights Camembert | 200g,Udder Delights,"Dairy, Eggs & Fridge",,,,$10.50,,,$52.50 per 1kg,3054549,"From Blue Cheese to Brie, Chevre to Camembert, Udder Delights is passionate about making, sharing and eating cheese. Our handmade artisan products are lovingly created at our cheese factory in Lobethal, in the beautiful Adelaide Hills. Working with South Australian dairies, from the Hills to the Fleurier Peninsula, we value our relationships with local producers.",,,,"Cow's Milk, Non-Animal Rennet, Culture, Salt",https://www.coles.com.au/product/udder-delights-camembert-200g-3054549,,,2024-06-16T22:04:02.186935-04:00
"Ind53SColes_ADairy, Eggs & Fridge_SACheese_IGreat Ocean Road Vintage Cheese Block | 500g",Great Ocean Road Vintage Cheese Block | 500g,Great Ocean Road,"Dairy, Eggs & Fridge",Cheese,Block cheese,,$10.30,,,$20.60 per 1kg,9182213,"Matured for longer, leaving time to relax and take in the view.Born on the Great Ocean Road in Victoria, our products are made with 100% Australian milk sourced predominately from farmers in South West Victoria.- Vintage Cheese- Vintage Cheese Block",,,"Per 100g/ml
Per Serving
%DI
Energy
1750kJ
438kJ
0%
Protein
27g
7g
0%
Total Fat
34g
8g
0%
Saturated Fat
23.5g
6g
0%
Carbohydrate
<1g
<1g
0%
Sugars
<1g
<1g
0%
Calcium
750mg
188mg
23%
Sodium
640mg
160mg
0%
* Percentage Daily Intakes are based on an average adult diet of 8700 kJ. Your daily intakes may be higher or lower depending on your energy needs.","Natural Cheddar Cheese. Ingredients- Pasteurised Milk, Salt, Starter Cultures, Non-Animal Rennet.",https://www.coles.com.au/product/great-ocean-road-vintage-cheese-block-500g-9182213,,,2024-06-16T22:04:13.344736-04:00
"Ind53SColes_ADairy, Eggs & Fridge_SACheese_IMainland Tasty Cheddar & Rosemary & Rock Salt Lavosh Crackers | 36g",Mainland Tasty Cheddar & Rosemary & Rock Salt Lavosh Crackers | 36g,Mainland,"Dairy, Eggs & Fridge",Cheese,Cheese snacks,,$3.00,Pick any 2 for $5,,$8.11 per 100g,4383739,Mainland Tasty Cheese & Rosemary & Rock Salt Lavosh Crackers 36g,,,"Per 100g/ml
Per Serving
%DI
Energy
1770kJ
637kJ
Protein
20.5g
7.4g
Total Fat
29.5g
10.6g
Saturated Fat
18.6g
6.7g
Carbohydrate
17.7g
6.4g
Sugars
1.0g
Less than 1g
Calcium
549mg
198mg
Sodium
744mg
268mg
* Percentage Daily Intakes are based on an average adult diet of 8700 kJ. Your daily intakes may be higher or lower depending on your energy needs.","Tasty cheddar cheese 72% [milk, salt, cultures, enzyme (non-animal rennet)], rock salt & rosemary lavosh crackers 28% [wheat flour, butter (cream (milk), salt), vegetable oil, skim milk powder, sugar, rock salt (1.0%), dried rosemary (0.8%), salt].",https://www.coles.com.au/product/mainland-tasty-cheddar-and-rosemary-and-rock-salt-lavosh-crackers-36g-4383739,,,2024-06-16T22:04:24.435119-04:00
"Ind53SColes_ADairy, Eggs & Fridge_SACheese_ITasmanian Heritage Cheese Wedge Edam | 180g",Tasmanian Heritage Cheese Wedge Edam | 180g,Tasmanian Heritage,"Dairy, Eggs & Fridge",Cheese,Firm cheese,,$7.00,,,$38.89 per 1kg,5438520,"South Cape Edam is an eye cheese made in the traditional style, with a smooth pliable texture and a mild, buttery flavour with a slight tang. Best served with cold meats and paired with white wine. Liberate your plate with South Cape.",,,"Per 100g/ml
Per Serving
%DI
Energy
1400kJ
350kJ
0%
Protein
25.5g
6.4g
0%
Total Fat
25.6g
6.4g
0%
Saturated Fat
17.2g
4.3g
0%
Carbohydrate
<1g
<1g
0%
Sugars
<1g
<1g
0%
Calcium
800mg
200mg
0%
Sodium
568mg
142mg
0%
* Percentage Daily Intakes are based on an average adult diet of 8700 kJ. Your daily intakes may be higher or lower depending on your energy needs.",,https://www.coles.com.au/product/tasmanian-heritage-cheese-wedge-edam-180g-5438520,,,2024-06-16T22:04:35.407346-04:00
"Ind53SColes_ADairy, Eggs & Fridge_SACheese_ICheer Tasty Cheese Block | 1kg",Cheer Tasty Cheese Block | 1kg,Cheer,"Dairy, Eggs & Fridge",Cheese,Block cheese,,$14.95,,,$14.95 per 1kg,192411,"CHEER 1Kg Tasty Cheese block is a delicious fridge staple, perfect for when you want the option for sliced cheese or grated cheese.CHEER 1kg Tasty Cheese Block will melt and bubble nicely under the grill, making it perfect for a delicious cheese toastie! Cheer Tasty Cheese is also perfect to enjoy as a snack when relaxing at home. With a mild cheese flavour, Cheer Cheese 1Kg Tasty Cheese Block is perfect for families. - 1kg Tasty cheese block- Made in Australia from 100% Australian Cow's Milk- Vegetarian friendly- Preservative free- Mild cheese flavour- Convenient value block",,,"Per 100g/ml
Per Serving
%DI
Energy
1690kJ
423kJ
0%
Protein
25.8g
6.5g
0%
Total Fat
33.3g
8.3g
0%
Saturated Fat
21.6g
5.4g
0%
Carbohydrate
<1g
<1g
0%
Sugars
<1g
<1g
0%
Calcium
750mg
188mg
24%
Sodium
720mg
180mg
0%
* Percentage Daily Intakes are based on an average adult diet of 8700 kJ. Your daily intakes may be higher or lower depending on your energy needs.",,https://www.coles.com.au/product/cheer-tasty-cheese-block-1kg-192411,,,2024-06-16T22:04:46.383524-04:00
"Ind53SColes_ADairy, Eggs & Fridge_SACheese_IMeredith Goats Cheese Chevre | 80g",Meredith Goats Cheese Chevre | 80g,Meredith,"Dairy, Eggs & Fridge",Cheese,Specialty & entertaining cheese,,$5.50,,,$68.75 per 1kg,3275945,"Meredith Dairy Fresh Goat Cheese is incredibly versatile. Its pure, delicate and wonderfully creamy taste is achieved by processing our goat milk when it is just hours old! The result is a perfect harmony of subtle salt and citrus flavour in a light, fluffy texture. Our 80g Original Goat Cheese is perfect for singles, packed work lunches and picnics with crackers and bread.",,,"Per 100g/ml
Per Serving
%DI
Energy
1110
222
Protein
15.1
3.0
Total Fat
22.5
4.5
Saturated Fat
14.9
3.0
Carbohydrate
1.6
0.3
Sugars
1.6
0.3
Calcium
79
16
Sodium
420mg
84mg
* Percentage Daily Intakes are based on an average adult diet of 8700 kJ. Your daily intakes may be higher or lower depending on your energy needs.",,https://www.coles.com.au/product/meredith-goats-cheese-chevre-80g-3275945,,,2024-06-16T22:04:57.329127-04:00
"Ind53SColes_ADairy, Eggs & Fridge_SACheese_IColes Danish Blue Cheese | 100g",Coles Danish Blue Cheese | 100g,Coles,"Dairy, Eggs & Fridge",Cheese,Blue cheese,,$4.40,,,$44.00 per 1kg,3020580,"Blue Vein soft cheese, matured in Denmark for a smooth texture and tangy flavour 100g",,,"Per 100g/ml
Per Serving
%DI
Energy
1405
351.25
Protein
19.9
4.98
Total Fat
28.6
7.15
Carbohydrate
0.5
0.13
Sugars
0.5
0.13
Calcium
536
134
Sodium
1320
330
Saturated
18.2
4.55
Energy (Cal)
336.12
84.03
Dietary Fibre (total)
0
0
* Percentage Daily Intakes are based on an average adult diet of 8700 kJ. Your daily intakes may be higher or lower depending on your energy needs.",,https://www.coles.com.au/product/coles-danish-blue-cheese-100g-3020580,,,2024-06-16T22:05:08.299666-04:00
"Ind53SColes_ADairy, Eggs & Fridge_SACheese_IBega Dairy Tasty Grated Cheese | 500g",Bega Dairy Tasty Grated Cheese | 500g,Bega,"Dairy, Eggs & Fridge",Cheese,Grated cheese,,$10.50,,,$21.00 per 1kg,6576347,Bega Cheese Tasty Grated 500g,,,"Per 100g/ml
Per Serving
%DI
Energy
1720kJ
430kJ
5%
Protein
24.2g
6.1g
12%
Total Fat
35.3g
8.8g
13%
Saturated Fat
21.3g
5.3g
22%
Carbohydrate
Less than 1g
Less than 1g
0%
Sugars
Less than 1g
Less than 1g
0%
Calcium
660mg
165mg(21% RDI*)
Sodium
720mg
180mg
8%
* Percentage Daily Intakes are based on an average adult diet of 8700 kJ. Your daily intakes may be higher or lower depending on your energy needs.",,https://www.coles.com.au/product/bega-dairy-tasty-grated-cheese-500g-6576347,,,2024-06-16T22:05:19.371651-04:00
"Ind53SColes_ADairy, Eggs & Fridge_SACheese_IColes Smooth Blue Cheese | 150g",Coles Smooth Blue Cheese | 150g,Coles,"Dairy, Eggs & Fridge",Cheese,Blue cheese,,$5.50,,,$36.67 per 1kg,3991728,Soft and Buttery blue veined cheese with a mild finish,,,"Per 100g/ml
Per Serving
%DI
Energy
1809
452.25
Protein
14
3.5
Total Fat
42
10.5
Carbohydrate
1
0.25
Sugars
0.1
0.03
Calcium
330
82.5
Sodium
650
162.5
Saturated
27
6.75
Energy (Cal)
432.78
108.19
Dietary Fibre (total)
0
0
Trans
2.5
0.63
Cholesterol
100
25
* Percentage Daily Intakes are based on an average adult diet of 8700 kJ. Your daily intakes may be higher or lower depending on your energy needs.",,https://www.coles.com.au/product/coles-smooth-blue-cheese-150g-3991728,,,2024-06-16T22:05:31.072322-04:00
"Ind53SColes_ADairy, Eggs & Fridge_SACheese_IJarlsberg Dairy Original Swiss Cheese Slices | 150g",Jarlsberg Dairy Original Swiss Cheese Slices | 150g,Jarlsberg,"Dairy, Eggs & Fridge",Cheese,Sliced cheese,,$8.50,Pick any 2 for $13,,$56.67 per 1kg,5498703,"Jarlsberg is made with a secret recipe since 1956, and generations of know-how.
A semi-soft, Swiss style cheese that is famous for its distinctive sweet and nutty taste with large, round holes.
Low in lactose and gluten free.
Cheese Type: Semi-Soft, Swiss Style
Milk: Cow
Origin: Ireland
Serving Suggestion: A versatile cheese - perfect for cheeseboards, toasties or sandwiches.
Wine Pairing: Chardonnay or Pinot Noir",,,,,https://www.coles.com.au/product/jarlsberg-dairy-original-swiss-cheese-slices-150g-5498703,,,2024-06-16T22:05:39.980711-04:00
"Ind53SColes_ADairy, Eggs & Fridge_SACheese_IDairylea Original Cheese Slices 12 pack | 216g",Dairylea Original Cheese Slices 12 pack | 216g,Dairylea,"Dairy, Eggs & Fridge",Cheese,Sliced cheese,,$4.50,,$5.25,$20.83 per 1kg,192546,Dairylea Cheese Slices Original are a delicious source of calcium with no artificial colours or flavours. They're sure to be a hit in sandwiches and wraps!,,,"Per 100g/ml
Per Serving
%DI
Energy
1160kJ
209kJ
2%
Protein
19.8g
3.6g
7%
Total Fat
20.9g
3.8g
5%
Saturated Fat
13.6g
2.5g
10%
Carbohydrate
3.1g
<1.0g
<1%
Sugars
2.4g
<1.0g
<1%
Calcium
800 mg
144 mg
18%
Sodium
1350mg
242mg
11%
* Percentage Daily Intakes are based on an average adult diet of 8700 kJ. Your daily intakes may be higher or lower depending on your energy needs.",,https://www.coles.com.au/product/dairylea-original-cheese-slices-12-pack-216g-192546,,,2024-06-16T22:05:52.386929-04:00
"Ind53SColes_ADairy, Eggs & Fridge_SACheese_IColes Dairy Tasty Cheese Block | 250g",Coles Dairy Tasty Cheese Block | 250g,Coles,"Dairy, Eggs & Fridge",Cheese,Block cheese,,$6.00,,,$24.00 per 1kg,294003,Coles Dairy 250g tasty cheese block. A matured rich and tasty flavour with a strength indicator of 3. Ideal for cubing and slicing.,,,"Per 100g/ml
Per Serving
%DI
Energy
1700.70
425.18
Protein
24.40
6.10
Total Fat
34.60
8.65
Saturated Fat
23.60
5.90
Carbohydrate
0.10
0.03
Sugars
0.10
0.03
Calcium
708.00
177.00
Sodium
700.00
175.00
Energy (Cal)
406.87
101.72
Dietary Fibre (total)
0.50
0.13
* Percentage Daily Intakes are based on an average adult diet of 8700 kJ. Your daily intakes may be higher or lower depending on your energy needs.",,https://www.coles.com.au/product/coles-dairy-tasty-cheese-block-250g-294003,,,2024-06-16T22:06:04.178034-04:00
"Ind53SColes_ADairy, Eggs & Fridge_SACheese_IColes Sweet Chilli Cheese | 190g",Coles Sweet Chilli Cheese | 190g,Coles,"Dairy, Eggs & Fridge",Cheese,Specialty & entertaining cheese,,$3.80,,,$20.00 per 1kg,7781320,"Coles Dairy 190g sweet chilli cream cheese. A savoury cream cheese with subtle chilli, sweet red peppers and garlic. The perfect addition to any cheese board.",,,"Per 100g/ml
Per Serving
%DI
Energy
1412.50
353.13
Carbohydrate
7.20
1.80
Sugars
7.20
1.80
Calcium
82.00
20.50
Saturated
21.60
5.40
Monounsaturated
6.80
1.70
Energy (Cal)
337.92
84.48
Fat
30.90
7.73
Dietary Fibre (total)
0.50
0.13
Polyunsaturated
0.80
0.20
Trans
1.10
0.28
* Percentage Daily Intakes are based on an average adult diet of 8700 kJ. Your daily intakes may be higher or lower depending on your energy needs.",,https://www.coles.com.au/product/coles-sweet-chilli-cheese-190g-7781320,,,2024-06-16T22:06:15.457039-04:00
"Ind53SColes_ADairy, Eggs & Fridge_SA_IMoondarra Cheese Herb & Capsicum | 120g",Moondarra Cheese Herb & Capsicum | 120g,Moondarra,"Dairy, Eggs & Fridge",,,,$3.30,,$3.90,$27.50 per 1kg,5438100,"Australian made and Australian owned, Moondarra Herb & Capsicum 120g is a smooth and creamy cream cheese base, coated in a colourful mix of herbs, garlic and capsicum.",,,"Per 100g/ml
Per Serving
%DI
Energy
1640kJ
492kJ
Protein
10g
3g
Total Fat
37.8g
11.3g
Saturated Fat
26.7g
8g
Carbohydrate
4.3g
1.3g
Sugars
4.3g
1.3g
Sodium
472mg
142mg
* Percentage Daily Intakes are based on an average adult diet of 8700 kJ. Your daily intakes may be higher or lower depending on your energy needs.",,https://www.coles.com.au/product/moondarra-cheese-herb-and-capsicum-120g-5438100,,,2024-06-16T22:06:26.716825-04:00
"Ind53SColes_ADairy, Eggs & Fridge_SA_ICheer Vintage Cheese Slices | 250g",Cheer Vintage Cheese Slices | 250g,Cheer,"Dairy, Eggs & Fridge",,,,$7.30,,,$29.20 per 1kg,7648523,"NEW CHEER Cheese slices - refill pack! Now with 80% less plastic* and available in all 250g cheese slice variants. Bring a little CHEER, with a lot less plastic. Simply BYO container and help us save the extra plastic! *Compared to the weight of previous CHEER Slices 250g packagingCHEER Cheese 250g Vintage Cheese Slices are perfect for lunch box sandwiches on the go or to create delicious cheesy toasties at home! With a strong and bitey cheese flavour and 16 slice pack, CHEER Vintage Cheese Slices are ideal for bringing a little CHEER to your table!- 16 Vintage cheese slices- Simply BYO container and help us save the extra plastic! - Made in Australia from 100% Australian cow's milk- Vegetarian friendly- Preservative free- Strong and bitey cheese flavour- Perfect for your back to school lunch box or as a snack when relaxing at home!",,,"Per 100g/ml
Per Serving
%DI
Energy
1750kJ
280kJ
3%
Protein
25.8g
4.1g
8%
Total Fat
34g
5.4g
8%
Saturated Fat
23.5g
3.8g
16%
Carbohydrate
<1g
<1g
1%
Sugars
<1g
<1g
1%
Calcium
750mg
120mg
15%
Sodium
720mg
115mg
5%
* Percentage Daily Intakes are based on an average adult diet of 8700 kJ. Your daily intakes may be higher or lower depending on your energy needs.",,https://www.coles.com.au/product/cheer-vintage-cheese-slices-250g-7648523,,,2024-06-16T22:06:37.936099-04:00
"Ind53SColes_ADairy, Eggs & Fridge_SAPrimo_IPrimo Trios Cabanossi Cheese & Sour Cream Rice Crackers | 50g",Primo Trios Cabanossi Cheese & Sour Cream Rice Crackers | 50g,Primo,"Dairy, Eggs & Fridge",Primo,Crackers & Snacks,,$4.50,,,$9.00 per 100g,7696581,"Cabanossi, Tasty Cheese and Sour Cream & Chives Flavoured Rice Crackers ",,,"Per 100g/ml
Per Serving
%DI
Energy
1480
740
9
Protein
17.3
8.7
17
Total Fat
24.7
12.4
18
Saturated Fat
12.5
6.3
26
Carbohydrate
16.3
8.2
3
Sugars
<1g
<1g
<1
Sodium
775mg
388mg
17%
* Percentage Daily Intakes are based on an average adult diet of 8700 kJ. Your daily intakes may be higher or lower depending on your energy needs.",,https://www.coles.com.au/product/primo-trios-cabanossi-cheese-and-sour-cream-rice-crackers-50g-7696581,,,2024-06-16T22:06:49.449960-04:00
"Ind53SColes_ADairy, Eggs & Fridge_SAPantry items_ICastello Double Cream Truffle Cheese | 150g",Castello Double Cream Truffle Cheese | 150g,Castello,"Dairy, Eggs & Fridge",Pantry items,World foods,,$8.50,,,"$56.67 per 1kg
Was $9.00 on Apr 2024",3301820,"The softness of a double cream brie combined with rich summer truffles, for an earthy flavour and a creamy texture throughout",,,"Per 100g/ml
Per Serving
%DI
Energy
1670kJ
417kJ
Protein
14g
3.5g
Total Fat
38g
9.5g
Saturated Fat
24g
6g
Carbohydrate
0.3g
<1g
Sugars
0.2g
<1g
Sodium
591mg
148mg
* Percentage Daily Intakes are based on an average adult diet of 8700 kJ. Your daily intakes may be higher or lower depending on your energy needs.",,https://www.coles.com.au/product/castello-double-cream-truffle-cheese-150g-3301820,,,2024-06-16T22:07:00.350060-04:00
"Ind53SColes_ADairy, Eggs & Fridge_SACheese_IPerfect Italiano Original Ricotta Soft Cheese Tub | 250g",Perfect Italiano Original Ricotta Soft Cheese Tub | 250g,Perfect Italiano,"Dairy, Eggs & Fridge",Cheese,Brie & soft cheese,,$5.00,,,$20.00 per 1kg,181594,"Perfect Italiano Cheese Smooth Ricotta 250g
Smooth and creamy, perfect in both your sweet and savoury dishes.",,,"Per 100g/ml
Per Serving
%DI
Energy
572kJ
715kJ
8%
Protein
8.7g
10.9g
22%
Total Fat
9.8g
12.2g
17%
Saturated Fat
6.9g
8.6g
36%
Carbohydrate
3.6g
4.5g
1%
Sugars
3.6g
4.5g
5%
Sodium
183mg
229mg
10%
* Percentage Daily Intakes are based on an average adult diet of 8700 kJ. Your daily intakes may be higher or lower depending on your energy needs.",,https://www.coles.com.au/product/perfect-italiano-original-ricotta-soft-cheese-tub-250g-181594,,,2024-06-16T22:07:13.188167-04:00
"Ind53SColes_ADairy, Eggs & Fridge_SACheese_IPerfect Italiano 4 Cheese Melt | 450g",Perfect Italiano 4 Cheese Melt | 450g,Perfect Italiano,"Dairy, Eggs & Fridge",Cheese,Grated cheese,,$9.50,,,$21.11 per 1kg,7602067,"Perfect Italiano Cheese Perfect Melt Shredded 450g
4 cheeses for a golden melt",,,"Per 100g/ml
Per Serving
%DI
Energy
1370kJ
343kJ
4%
Protein
26.0g
6.5g
13%
Total Fat
25.0g
6.2g
9%
Saturated Fat
15.9g
4.0g
17%
Carbohydrate
less than 1g
less than 1g
0%
Sugars
less than 1g
less than 1g
0%
Calcium
814mg
203mg
Sodium
637mg
159mg
7%
* Percentage Daily Intakes are based on an average adult diet of 8700 kJ. Your daily intakes may be higher or lower depending on your energy needs.",,https://www.coles.com.au/product/perfect-italiano-4-cheese-melt-450g-7602067,,,2024-06-16T22:07:26.206258-04:00
"Ind53SColes_ADairy, Eggs & Fridge_SACheese_IColes Dairy Cheese Brie Wrapped | 125g",Coles Dairy Cheese Brie Wrapped | 125g,Coles,"Dairy, Eggs & Fridge",Cheese,Brie & soft cheese,,$2.75,,,$22.00 per 1kg,6169489,"Coles Australian Dairy wrapped brie cheese, 125g. A soft surface ripened with a smooth and buttery centre. Perfect for entertaining.",,,"Per 100g/ml
Per Serving
%DI
Energy
1510
377
4
Protein
18
4.5
Carbohydrate
1.3
0.33
Sugars
0
0
Calcium
500
125
Sodium
470
117.5
Saturated
21.4
5.35
Energy (Cal)
361
90
Fat
31.9
7.98
Dietary Fibre (total)
0
0
* Percentage Daily Intakes are based on an average adult diet of 8700 kJ. Your daily intakes may be higher or lower depending on your energy needs.",,https://www.coles.com.au/product/coles-dairy-cheese-brie-wrapped-125g-6169489,,,2024-06-16T22:07:37.822081-04:00
"Ind53SColes_ADairy, Eggs & Fridge_SACheese_IMainland Munchables Cheese & Rice Crackers 4 Pack | 96g",Mainland Munchables Cheese & Rice Crackers 4 Pack | 96g,Mainland,"Dairy, Eggs & Fridge",Cheese,Cheese snacks,,$5.50,,$7.00,$5.73 per 100g,3273597,"Mainland Munchables Cheese & Rice Crackers 96g
100% Natural Tasty Cheese",,,"Per 100g/ml
Per Serving
%DI
Energy
1740
418kJ
Protein
20.8
5.0g
Total Fat
29.4
7.0g
Saturated Fat
29.4
4.1g
Carbohydrate
17.2
4.1g
Sugars
LESS THAN 1
LESS THAN 1g
Calcium
600
144mg
18% RDI *
Sodium
656
157mg
* Percentage Daily Intakes are based on an average adult diet of 8700 kJ. Your daily intakes may be higher or lower depending on your energy needs.","Cheese (79%) [*Milk*, Salt, Cultures, Enzyme (non-animal rennet)], Rice Crackers (21%) [Rice Flour, Rice Bran oil, Maltodextrin (From Corn), Salt, Sugar, *Soy* Sauce Powder, Antioxidant (307b)]",https://www.coles.com.au/product/mainland-munchables-cheese-and-rice-crackers-4-pack-96g-3273597,,,2024-06-16T22:07:50.436544-04:00
"Ind53SColes_ADairy, Eggs & Fridge_SACheese_ICheer Cheese Slices Colby | 750g",Cheer Cheese Slices Colby | 750g,Cheer,"Dairy, Eggs & Fridge",Cheese,Sliced cheese,,$14.00,,,$18.67 per 1kg,6800134,,,,,,https://www.coles.com.au/product/cheer-cheese-slices-colby-750g-6800134,,,2024-06-16T22:08:00.075830-04:00
"Ind53SColes_ADairy, Eggs & Fridge_SACheese_IKraft Grated Parmesan Cheese Cannister | 250g",Kraft Grated Parmesan Cheese Cannister | 250g,Kraft,"Dairy, Eggs & Fridge",Cheese,Grated cheese,,$9.80,,,$39.20 per 1kg,144827,"Enjoy your favourite Italian dishes with the delicious taste of Kraft Grated Parmesan Cheese. Conveniently packed in a handy reusable storage container, this is a classic way to season your favourite family meals. Kraft Grated Parmesan Cheese is ready to use straight from the pantry. You'll love the taste of this grated cheese, ready to use to enhance the taste of your pizzas, salads, seafoods and more. Sprinkle it on top of pasta or risotto, or melt into a warm creamy mash for a bold cheese flavour.",,,"Per 100g/ml
Per Serving
%DI
Energy
1960 kJ
100 kJ
Protein
40.8 g
2.0 g
Total Fat
34.1 g
1.7 g
Saturated Fat
20.4 g
1.0 g
Carbohydrate
0.1 g
0 g
Sugars
0 g
0 g
Sodium
1650 mg
85 mg
* Percentage Daily Intakes are based on an average adult diet of 8700 kJ. Your daily intakes may be higher or lower depending on your energy needs.",,https://www.coles.com.au/product/kraft-grated-parmesan-cheese-cannister-250g-144827,,,2024-06-16T22:08:11.245505-04:00
"Ind53SColes_ADairy, Eggs & Fridge_SACheese_IColes Dairy Cheese Camembert Wrapped | 125g",Coles Dairy Cheese Camembert Wrapped | 125g,Coles,"Dairy, Eggs & Fridge",Cheese,Brie & soft cheese,,$2.75,,,$22.00 per 1kg,6169580,"Coles Australian Dairy wrapped camembert cheese, 125g. A soft surface ripened with a creamy and rich nutty flavour. Perfect for entertaining.",,,"Per 100g/ml
Per Serving
%DI
Energy
1340
334
4
Protein
18.7
4.68
Carbohydrate
2.3
0.58
Sugars
0
0
Calcium
475
119
Sodium
470
117.5
Saturated
18
4.5
Energy (Cal)
319.98
79.99
Fat
26.5
6.63
Dietary Fibre (total)
0
0
* Percentage Daily Intakes are based on an average adult diet of 8700 kJ. Your daily intakes may be higher or lower depending on your energy needs.",,https://www.coles.com.au/product/coles-dairy-cheese-camembert-wrapped-125g-6169580,,,2024-06-16T22:08:22.572542-04:00
"Ind53SColes_ADairy, Eggs & Fridge_SACheese_IKroon Smoked Cheese Wedge | 150g",Kroon Smoked Cheese Wedge | 150g,Kroon,"Dairy, Eggs & Fridge",Cheese,Gourmet Cheese,,$7.50,,,$50.00 per 1kg,6934800,,,,,,https://www.coles.com.au/product/kroon-smoked-cheese-wedge-150g-6934800,,,2024-06-16T22:08:33.114570-04:00
"Ind53SColes_ADairy, Eggs & Fridge_SACheese_ICastello Creamy Havarti | 200g",Castello Creamy Havarti | 200g,Castello,"Dairy, Eggs & Fridge",Cheese,Firm cheese,,$8.00,,,$40.00 per 1kg,3029086,"Castello Creamy Havarti is a mild and aromatic cheese with just a hint of tanginess. Its creamy texture makes Castello Creamy Havarti versatile enough for cheese platters, every-day snacking and cooking. Castello Creamy Havarti is a mild and buttery cheese with just a hint of tanginess. As it matures, the taste develops more character. It's a great everyday choice for cheese platters, snacking and cooking. Enjoy with crackers and fig paste, or sliced in a sandwich with smoked ham. Try it grilled or melted for a deliciously creamy taste.",,,"Per 100g/ml
Per Serving
%DI
Energy
1750kJ
437kJ
Protein
19g
5g
Total Fat
38g
10g
Saturated Fat
24g
6g
Carbohydrate
<1g
<1g
Sugars
<1g
<1g
Sodium
800mg
200mg
* Percentage Daily Intakes are based on an average adult diet of 8700 kJ. Your daily intakes may be higher or lower depending on your energy needs.",,https://www.coles.com.au/product/castello-creamy-havarti-200g-3029086,,,2024-06-16T22:08:46.150514-04:00
"Ind53SColes_ADairy, Eggs & Fridge_SACheese_IColes British Blue Stilton | 150g",Coles British Blue Stilton | 150g,Coles,"Dairy, Eggs & Fridge",Cheese,Blue cheese,,$5.50,,,$36.67 per 1kg,3275990,"A full fat, crumbly blue veined cheese handcrafted in the small village of Long Clawson, Leicestershire150g",,,"Per 100g/ml
Per Serving
%DI
Energy
1690
508
6
Protein
22.5
6.8
14
Total Fat
34.9
10.5
15
Saturated Fat
21.8
6.6
28
Carbohydrate
1.0
LESS THAN 1g
0
Sodium
724
217
9
Energy (Cal)
405
122
Trans
LESS THAN 1g
LESS THAN 0.1g
Dietary Fibre
0.43
0.13
* Percentage Daily Intakes are based on an average adult diet of 8700 kJ. Your daily intakes may be higher or lower depending on your energy needs.",,https://www.coles.com.au/product/coles-british-blue-stilton-150g-3275990,,,2024-06-16T22:08:57.147700-04:00
"Ind53SColes_ADairy, Eggs & Fridge_SAPackaged Breads_IColes Happy Gut Wholemeal | 700g",Coles Happy Gut Wholemeal | 700g,Coles,"Dairy, Eggs & Fridge",Packaged Breads,Digestive Health & Speciality Bread,,$3.30,,,$0.47 per 100g,4727962,"BARLEYmax to promote gut health 1.8g prebiotic fibre per serve Rich in fibre Vegan. Simply add your favourite filling, for the perfect snack",,,,"INGREDIENTS: Water, Wholemeal Wheat Flour (25%), Wheat Flour, +BARLEYmax (Barley) Flakes (15%), Wheat Gluten, Yeast, Vinegar, Iodised Salt, Canola Oil, Soy Flour, Fermented Wheat Flour, Malted Barley Flour, Vegetable Emulsifiers (481, 471, 472e), Vitamins (Thiamin, Folic Acid), Processing Aids (Wheat).",https://www.coles.com.au/product/coles-happy-gut-wholemeal-700g-4727962,,,2024-06-16T22:09:05.972412-04:00
"Ind53SColes_ADairy, Eggs & Fridge_SACheese_IDodoni Greek Feta Cheese In Brine | 400g",Dodoni Greek Feta Cheese In Brine | 400g,Dodoni,"Dairy, Eggs & Fridge",Cheese,Feta cheese,,$18.50,,,$46.25 per 1kg,9728587,"Premium authentic Greek feta cheese made from pasteurized sheep's and goat's milk
Protected Designation of Origin (P.D.O.)",,,"Per 100g/ml
Per Serving
%DI
Energy
1075kJ
323kJ
Protein
17g
5.1g
Total Fat
21g
6.3g
Saturated Fat
15.7g
4.7g
Carbohydrate
<1g
<1g
Sugars
<1g
<1g
Sodium
1010mg
303mg
* Percentage Daily Intakes are based on an average adult diet of 8700 kJ. Your daily intakes may be higher or lower depending on your energy needs.",,https://www.coles.com.au/product/dodoni-greek-feta-cheese-in-brine-400g-9728587,,,2024-06-16T22:09:18.150457-04:00
"Ind53SColes_ADairy, Eggs & Fridge_SADairy, chilled & frozen_IColes Cheese Shredded Mozzarella | 250g",Coles Cheese Shredded Mozzarella | 250g,Coles,"Dairy, Eggs & Fridge","Dairy, chilled & frozen",Cheese & desserts,,$5.00,,,"$20.00 per 1kg
Was $5.50 on Apr 2024",9508026,STRENGTH INDICATOR: 1 VERY MILD Soft & Stretchy cheese with a very mild flavour. Perfect for baking.,,,"Per 100g/ml
Per Serving
%DI
Energy
1357.30
339.33
Protein
25.60
6.40
Total Fat
24.40
6.10
Saturated Fat
16.90
4.23
Carbohydrate
0.90
0.23
Sugars
0.80
0.20
Calcium
772.00
193.00
Sodium
481.00
120.25
Energy (Cal)
324.71
81.18
Dietary Fibre (total)
0.50
0.13
* Percentage Daily Intakes are based on an average adult diet of 8700 kJ. Your daily intakes may be higher or lower depending on your energy needs.",,https://www.coles.com.au/product/coles-cheese-shredded-mozzarella-250g-9508026,,,2024-06-16T22:09:30.405336-04:00
"Ind53SColes_ADairy, Eggs & Fridge_SACheese_ICastello Double Cream Brie | 150g",Castello Double Cream Brie | 150g,Castello,"Dairy, Eggs & Fridge",Cheese,Brie & soft cheese,,$7.50,,,$50.00 per 1kg,5429766,"Castello double cream brie is carefully crafted to mature over time into a distinctive soft cheese with a delicate buttery flavour and smooth, creamy texture. To enjoy this cheese at its best, remove from the fridge one hour before eating.",,,"Per 100g/ml
Per Serving
%DI
Energy
1690kJ
423kJ
Protein
14.2g
3.6g
Total Fat
39g
9.8g
Saturated Fat
24.9g
6.2g
Carbohydrate
0.2g
<0.1g
Sugars
0.2g
<0.1g
Sodium
600mg
150mg
* Percentage Daily Intakes are based on an average adult diet of 8700 kJ. Your daily intakes may be higher or lower depending on your energy needs.",,https://www.coles.com.au/product/castello-double-cream-brie-150g-5429766,,,2024-06-16T22:09:42.799764-04:00
"Ind53SColes_ADairy, Eggs & Fridge_SACheese_IMainland Tasty Cheese Block | 500g",Mainland Tasty Cheese Block | 500g,Mainland,"Dairy, Eggs & Fridge",Cheese,Block cheese,,$10.00,,,$20.00 per 1kg,472994,Mainland Cheese Tasty Block 500g,,,"Per 100g/ml
Per Serving
%DI
Energy
1800 kJ
450 kJ
5%
Protein
23.3 g
5.8 g
12%
Total Fat
37.4 g
9.4 g
13%
Saturated Fat
22.5 g
5.6 g
23%
Carbohydrate
LESS THAN 1 g
LESS THAN 1 g
0%
Sugars
LESS THAN 1 g
LESS THAN 1 g
0%
Calcium
760 mg
190 mg
24% RDI*
Sodium
696 mg
174 mg
8%
* Percentage Daily Intakes are based on an average adult diet of 8700 kJ. Your daily intakes may be higher or lower depending on your energy needs.",,https://www.coles.com.au/product/mainland-tasty-cheese-block-500g-472994,,,2024-06-16T22:09:54.393379-04:00
"Ind53SColes_ADairy, Eggs & Fridge_SACheese_ISunbeam Sultanas With Cheddar Cheese | 35g",Sunbeam Sultanas With Cheddar Cheese | 35g,Sunbeam,"Dairy, Eggs & Fridge",Cheese,Cheese snacks,,$3.00,,,$8.57 per 100g,7703790,"Introducing Sunbeam Fruit & Cheese chilled snacks  where real fruit meets real cheese for a taste that's real cool!
Packed with the goodness of nature, our snacks are the perfect on-the-go solution for busy kids.
Embrace the real goodness of Sunbeam Fruit & Cheese snacks and add a little Sunbeam sunshine to their day!
With Real Fruit
With Real Cheese
Source of Calcium
No Artificial colours or flavours",,,"Per 100g/ml
Per Serving
%DI
Energy
1400kJ
491kJ
Protein
9.2g
3.2g
Total Fat
12.7g
4.4g
Saturated Fat
9.5g
3.3g
Carbohydrate
44.6g
15.6g
Sugars
43.3g
15.2g
Calcium
377mg
132mg
16%
Sodium
355mg
124mg
* Percentage Daily Intakes are based on an average adult diet of 8700 kJ. Your daily intakes may be higher or lower depending on your energy needs.",,https://www.coles.com.au/product/sunbeam-sultanas-with-cheddar-cheese-35g-7703790,,,2024-06-16T22:10:05.834060-04:00
"Ind53SColes_ADairy, Eggs & Fridge_SACheese_IColes Kids Cheese Triangles | 140g",Coles Kids Cheese Triangles | 140g,Coles,"Dairy, Eggs & Fridge",Cheese,Cheese snacks,,$2.60,,,$18.57 per 1kg,3418361,a tasty on the go snack add me to your lunch box!,,,"Per 100g/ml
Per Serving
%DI
Energy
1070
187
2
Protein
10.0
1.8
4
Total Fat
22.0
3.9
6
Saturated Fat
14.0
2.5
10
Carbohydrate
5.0
LESS THAN 1g
0
Sugars
4.7g
<1g
1%
Sodium
800
140
6
Energy (Cal)
256
45
Dietary Fibre (total)
0g
0g
* Percentage Daily Intakes are based on an average adult diet of 8700 kJ. Your daily intakes may be higher or lower depending on your energy needs.",,https://www.coles.com.au/product/coles-kids-cheese-triangles-140g-3418361,,,2024-06-16T22:10:18.868169-04:00
"Ind53SColes_ADairy, Eggs & Fridge_SACheese_IMersey Valley Salt & Vinegar Cheddar | 80g",Mersey Valley Salt & Vinegar Cheddar | 80g,Mersey Valley,"Dairy, Eggs & Fridge",Cheese,Cheddar & tasty cheese,,$4.80,Pick any 3 for $12,,$60.00 per 1kg,6845631,,,,,,https://www.coles.com.au/product/mersey-valley-salt-and-vinegar-cheddar-80g-6845631,,,2024-06-16T22:10:28.859321-04:00
"Ind53SColes_ADairy, Eggs & Fridge_SACheese_IColes Tasty Cheese & Crackers | 50g",Coles Tasty Cheese & Crackers | 50g,Coles,"Dairy, Eggs & Fridge",Cheese,Cheese snacks,,$1.90,,,$3.80 per 100g,2073060,TASTY CHEESE & CRACKERS Delicious slices of Australian tasty cheddar with plain water crackers MATURE 3 STRENGTH 5 slices & 5 crackers,,,"Per 100g/ml
Per Serving
%DI
Energy
1628.5
814.25
Protein
21.3
10.65
Total Fat
23.8
11.9
Carbohydrate
21
10.5
Sugars
0.9
0.45
Calcium
540
270
Sodium
640
320
Saturated
16.2
8.1
Energy (Cal)
389.59
194.8
Dietary Fibre (total)
3.6
1.8
Trans
0.8
0.4
* Percentage Daily Intakes are based on an average adult diet of 8700 kJ. Your daily intakes may be higher or lower depending on your energy needs.",,https://www.coles.com.au/product/coles-tasty-cheese-and-crackers-50g-2073060,,,2024-06-16T22:10:41.454780-04:00
"Ind53SColes_ADairy, Eggs & Fridge_SACheese_ILa Casa Del Formaggio Burrata | 150g",La Casa Del Formaggio Burrata | 150g,La Casa Del Formaggio,"Dairy, Eggs & Fridge",Cheese,Gourmet Cheese,,$6.50,,,$43.34 per 1kg,3301637,"Burrata is undoubtedly one of the most magnificent cheeses you will ever come across. It is a delicate shell of fresh mozzarella that encases stracciatella. It is a special moment of anticipation for your dinner guests when you press the knife into your Burrata to release the stracciatella from inside the heart of its mozzarella casing. The little shreds of mozzarella that makes up the stracciatella combines with the rich cream to become as soft and milky as it is decadent.
It doesn't matter how you serve it. You can break it over bread, you can break it over a pizza, you can break it over a bed of tomatoes or a salad of roasted vegetables. Whatever way you choose, season it with a little salt, pepper and a drizzle of extra virgin olive oil. But keep your recipes simple because the burrata is the hero.",,,"Per 100g/ml
Per Serving
%DI
Energy
1180kJ
590kJ
Protein
15.1g
7.6g
Total Fat
24.1g
12.1g
Saturated Fat
16.6g
8.3g
Carbohydrate
1.8g
<1g
Sugars
<1g
<1g
Sodium
48mg
24mg
* Percentage Daily Intakes are based on an average adult diet of 8700 kJ. Your daily intakes may be higher or lower depending on your energy needs.",,https://www.coles.com.au/product/la-casa-del-formaggio-burrata-150g-3301637,,,2024-06-16T22:10:54.641569-04:00
"Ind53SColes_ADairy, Eggs & Fridge_SACheese_IPerfect Italiano Shredded Mozzarella | 250g",Perfect Italiano Shredded Mozzarella | 250g,Perfect Italiano,"Dairy, Eggs & Fridge",Cheese,Grated cheese,,$6.50,,,$26.00 per 1kg,3562164,"Perfect Italiano Cheese Mozzarella Shredded 250g
Perfectly mild and stretchy",,,"Per 100g/ml
Per Serving
%DI
Energy
1260kJ
316kJ
4%
Protein
24.8g
6.2g
12%
Total Fat
22.3g
5.6g
8%
Saturated Fat
15.5g
3.9g
16%
Carbohydrate
1.2g
less than 1g
0%
Sugars
1.2g
less than 1g
0%
Calcium
707mg
177mg
22% RDI*
Sodium
576mg
144mg
6%
* Percentage Daily Intakes are based on an average adult diet of 8700 kJ. Your daily intakes may be higher or lower depending on your energy needs.",,https://www.coles.com.au/product/perfect-italiano-shredded-mozzarella-250g-3562164,,,2024-06-16T22:11:06.875140-04:00
"Ind53SColes_ADairy, Eggs & Fridge_SACheese_IBega Bar-B-Cubes Tasty Cheese | 500g",Bega Bar-B-Cubes Tasty Cheese | 500g,Bega,"Dairy, Eggs & Fridge",Cheese,Cheese snacks,,$10.50,,,$21.00 per 1kg,467189,Bega Cheese Bar B Cubes 500g,,,,"Cheddar Cheese [Milk, Salt, Cultures, Enzyme (Non-Animal Rennet)], Anti-caking Agent (460), Preservative (200).",https://www.coles.com.au/product/bega-bar-b-cubes-tasty-cheese-500g-467189,,,2024-06-16T22:11:17.940988-04:00
"Ind53SColes_ADairy, Eggs & Fridge_SACheese_ICracker Barrel Extra Sharp Cheese Block | 250g",Cracker Barrel Extra Sharp Cheese Block | 250g,Cracker Barrel,"Dairy, Eggs & Fridge",Cheese,Block cheese,,$7.45,,$9.20,$29.80 per 1kg,192433,"Our vintage cheddar is carefully aged to develop a sharp, full bodied flavour and crumbly texture.",,,"Per 100g/ml
Per Serving
%DI
Energy
1690kJ
422kJ
0%
Protein
25.8g
6.5g
0%
Total Fat
33.3g
8.3g
0%
Saturated Fat
21.6g
5.4g
0%
Carbohydrate
<1g
<1g
0%
Sugars
<1g
<1g
0%
Calcium
750mg
188mg
24%
Sodium
730mg
183mg
0%
* Percentage Daily Intakes are based on an average adult diet of 8700 kJ. Your daily intakes may be higher or lower depending on your energy needs.",,https://www.coles.com.au/product/cracker-barrel-extra-sharp-cheese-block-250g-192433,,,2024-06-16T22:11:29.335610-04:00
"Ind53SColes_ADairy, Eggs & Fridge_SACheese_IMersey Valley Little Entertainer Pickled Onion | 80g",Mersey Valley Little Entertainer Pickled Onion | 80g,Mersey Valley,"Dairy, Eggs & Fridge",Cheese,Cheddar & tasty cheese,,$4.80,Pick any 3 for $12,,$60.00 per 1kg,3843356,"Iconic Mersey Valley is best known for its unique crumbly texture and bold vintage cheddar flavour. Mersey Valley Pickled Onion is a milder cheddar with the addition of Tasmanian pickled onion for a bold flavour to the cheese. This smaller 80g serving is perfect for cheese boards for smaller groups, or a snack that really hits the spot! Pair Mersey Valley Pickled Onion with cold meats and crackers for a tasty afternoon snack. Best served with a light craft beer or a red wine.",,,"Per 100g/ml
Per Serving
%DI
Energy
1510kJ
377.5kJ
0%
Protein
22.1g
5.525g
0%
Total Fat
28.7g
7.175g
0%
Saturated Fat
18.7g
4.675g
0%
Carbohydrate
3g
<1g
0%
Sugars
2.4g
1g
0%
Sodium
710mg
177.5mg
0%
* Percentage Daily Intakes are based on an average adult diet of 8700 kJ. Your daily intakes may be higher or lower depending on your energy needs.",,https://www.coles.com.au/product/mersey-valley-little-entertainer-pickled-onion-80g-3843356,,,2024-06-16T22:11:41.969921-04:00
"Ind53SColes_ADairy, Eggs & Fridge_SACheese_ILiddells Lactose Free Cheese Block | 250g",Liddells Lactose Free Cheese Block | 250g,Liddells,"Dairy, Eggs & Fridge",Cheese,Block cheese,,$7.50,,,$30.00 per 1kg,1418291,"All Liddells products are all made from real dairy, lactose free and where needed we add the lactase enzyme to break down the lactose into two simple sugars: glucose and galactose. These sugars can be easily absorbed in the small intestine, keeping your tummy feeling happy. That's all it is!",,,"Per 100g/ml
Per Serving
%DI
Energy
1670kJ
418kJ
0%
Protein
24.1g
6g
0%
Total Fat
33.5g
8.4g
0%
Saturated Fat
23.2g
5.8g
0%
Carbohydrate
<1g
<1g
0%
Sugars
<1g
<1g
0%
Calcium
710mg
178mg
22%
Sodium
610mg
153mg
0%
* Percentage Daily Intakes are based on an average adult diet of 8700 kJ. Your daily intakes may be higher or lower depending on your energy needs.",,https://www.coles.com.au/product/liddells-lactose-free-cheese-block-250g-1418291,,,2024-06-16T22:11:53.011999-04:00
"Ind53SColes_ADairy, Eggs & Fridge_SADairy, chilled & frozen_IUnicorn Classic Double Brie | 125g",Unicorn Classic Double Brie | 125g,Unicorn,"Dairy, Eggs & Fridge","Dairy, chilled & frozen",Cheese & yoghurt,,$5.00,,,"$40.00 per 1kg
Was $6.00 on Apr 2024",5199702,"Our Classic Double Brie is a soft & creamy cheese with a mild, delicious flavour.",,,"Per 100g/ml
Per Serving
%DI
Energy
1410kJ
352.5kJ
Protein
19.4g
4.9g
Total Fat
28.5g
7.1g
Saturated Fat
19.3g
4.8g
Carbohydrate
1.7g
0.4g
Sugars
<0.5g
<0.1g
Sodium
861mg
215.3mg
* Percentage Daily Intakes are based on an average adult diet of 8700 kJ. Your daily intakes may be higher or lower depending on your energy needs.",,https://www.coles.com.au/product/unicorn-classic-double-brie-125g-5199702,,,2024-06-16T22:12:04.879992-04:00
"Ind53SColes_ADairy, Eggs & Fridge_SAColes Finest_IColes Finest Vintage British Cheddar | 200g",Coles Finest Vintage British Cheddar | 200g,Coles,"Dairy, Eggs & Fridge",Coles Finest,cheeses,,$5.00,,,$25.00 per 1kg,3273270,"With the famous rich, bold taste, this crumbly Vintage Cheddar has been aged for up to 18 months for even greater depth of flavour 200g",,,"Per 100g/ml
Per Serving
%DI
Energy
1724.80
431.20
Protein
25.40
6.35
Total Fat
34.90
8.73
Saturated Fat
21.70
5.43
Carbohydrate
0.10
0.03
Sugars
0.10
0.03
Sodium
723.00
180.75
Energy (Cal)
412.63
103.16
Dietary Fibre (total)
0.00
0.00
Trans
1.40
0.35
* Percentage Daily Intakes are based on an average adult diet of 8700 kJ. Your daily intakes may be higher or lower depending on your energy needs.",,https://www.coles.com.au/product/coles-finest-vintage-british-cheddar-200g-3273270,,,2024-06-16T22:12:16.063960-04:00
"Ind53SColes_ADairy, Eggs & Fridge_SACheese_IThe Laughing Cow Cheese | 256g",The Laughing Cow Cheese | 256g,The Laughing Cow,"Dairy, Eggs & Fridge",Cheese,Cheese snacks,,$7.65,,,$29.88 per 1kg,3275581,,,,,,https://www.coles.com.au/product/the-laughing-cow-cheese-256g-3275581,,,2024-06-16T22:12:26.091492-04:00
"Ind53SColes_ADairy, Eggs & Fridge_SACheese_IThe Organic Milk Co Organic Cheddar Cubes | 250g",The Organic Milk Co Organic Cheddar Cubes | 250g,The Organic Milk Co,"Dairy, Eggs & Fridge",Cheese,Cheese snacks,,$7.00,,,$28.00 per 1kg,6928273,,,,,,https://www.coles.com.au/product/the-organic-milk-co-organic-cheddar-cubes-250g-6928273,,,2024-06-16T22:12:36.222789-04:00
"Ind53SColes_ADairy, Eggs & Fridge_SACheese_IColes Parmesan Cheese | 125g",Coles Parmesan Cheese | 125g,Coles,"Dairy, Eggs & Fridge",Cheese,Grated cheese,,$4.00,,,$32.00 per 1kg,3946950,Made with Australian Milk Classic Recipe 125g,,,"Per 100g/ml
Per Serving
%DI
Energy
1852.50
92.63
Protein
38.20
1.91
Carbohydrate
10.70
0.54
Sugars
0.10
0.01
Sodium
3997.00
199.85
Saturated
20.00
1.00
Energy (Cal)
443.18
22.16
Fat
27.60
1.38
Dietary Fibre (total)
0.00
0.00
Trans
0.30
0.02
* Percentage Daily Intakes are based on an average adult diet of 8700 kJ. Your daily intakes may be higher or lower depending on your energy needs.",,https://www.coles.com.au/product/coles-parmesan-cheese-125g-3946950,,,2024-06-16T22:12:47.307984-04:00
"Ind53SColes_ADairy, Eggs & Fridge_SA_IColes Dutch Edam | 230g",Coles Dutch Edam | 230g,Coles,"Dairy, Eggs & Fridge",,,,$6.00,,,$26.09 per 1kg,3796380,Smooth Dutch cheese with a mild buttery flavour. Excellent for melting.Range Callout - GOURMET SELECTIONServing SuggestionWeight Statement 230g,,,"Per 100g/ml
Per Serving
%DI
Energy
1331.40
399.42
Protein
26.30
7.89
Total Fat
23.90
7.17
Saturated Fat
16.60
4.98
Carbohydrate
0.00
0.00
Sugars
0.00
0.00
Sodium
984.00
295.20
Energy (Cal)
318.52
95.56
Dietary Fibre (total)
0.00
0.00
* Percentage Daily Intakes are based on an average adult diet of 8700 kJ. Your daily intakes may be higher or lower depending on your energy needs.",,https://www.coles.com.au/product/coles-dutch-edam-230g-3796380,,,2024-06-16T22:12:58.305634-04:00
"Ind53SColes_ADairy, Eggs & Fridge_SACheese_IColes Tasty Cheese Bites & Mini Preztels | 40g",Coles Tasty Cheese Bites & Mini Preztels | 40g,Coles,"Dairy, Eggs & Fridge",Cheese,Cheese snacks,,$2.50,,,$6.25 per 100g,4383910,"Coles Dairy tasty cheese bites with salted pretzels, 40g. A tasty vegetarian snack made with Australian milk, providing a good source of calcium and source of protein. The perfect snack for on the go.",,,"Per 100g/ml
Per Serving
%DI
Energy
1632.30
652.92
Protein
18.70
7.48
Total Fat
21.60
8.64
Carbohydrate
29.60
11.84
Sugars
2.40
0.96
Calcium
510.00
204.00
Sodium
670.00
268.00
Saturated
14.40
5.76
Energy (Cal)
390.50
156.20
Dietary Fibre (total)
1.50
0.60
Trans
1.50
0.60
* Percentage Daily Intakes are based on an average adult diet of 8700 kJ. Your daily intakes may be higher or lower depending on your energy needs.",,https://www.coles.com.au/product/coles-tasty-cheese-bites-and-mini-preztels-40g-4383910,,,2024-06-16T22:13:10.519340-04:00
"Ind53SColes_ADairy, Eggs & Fridge_SACheese_IJarlsberg Original Cheese Block | 250g",Jarlsberg Original Cheese Block | 250g,Jarlsberg,"Dairy, Eggs & Fridge",Cheese,Cheddar & tasty cheese,,$8.50,,$10.50,$34.00 per 1kg,5170008,"Jarlsberg is made with a secret recipe since 1956, and generations of know-how.
A semi-soft, Swiss style cheese that is famous for its distinctive sweet and nutty taste with large, round holes.
Low in lactose and gluten free.
Cheese Type: Semi-Soft, Swiss Style
Milk: Cow
Origin: Ireland
Serving Suggestion: A versatile cheese - perfect for cheeseboards, toasties or sandwiches.
Wine Pairing: Chardonnay or Pinot Noir",,,,,https://www.coles.com.au/product/jarlsberg-original-cheese-block-250g-5170008,,,2024-06-16T22:13:20.648973-04:00
"Ind53SColes_ADairy, Eggs & Fridge_SACheese_ILa Casa Del Formaggio Bocconcini Bambini Cheese | 220g",La Casa Del Formaggio Bocconcini Bambini Cheese | 220g,La Casa Del Formaggio,"Dairy, Eggs & Fridge",Cheese,Gourmet Cheese,,$6.00,,,$27.27 per 1kg,4537253,"Bambini Bocconcini is perfect for bruschetta, finger foods, or to toss with fresh basil, tomato, olive oil, salt and pepper in a green salad. Bambini Bocconcini are 5g sized small balls of fresh mozzarella. Bocconcini is a type of Pasta Filata or stretched curd, which is a delicately flavoured fresh cheese that has a texture very similar to al dente pasta. It is used to carry other flavours such as fresh herbs and extra virgin olive oil in salads.",,,"Per 100g/ml
Per Serving
%DI
Energy
1110kJ
488kJ
Protein
17.9g
7.9g
Total Fat
20.3g
8.9g
Saturated Fat
14.3g
6.3g
Carbohydrate
3.4g
1.5g
Sugars
<1g
<1g
Calcium
396mg
174mg
21%
Sodium
74mg
33mg
* Percentage Daily Intakes are based on an average adult diet of 8700 kJ. Your daily intakes may be higher or lower depending on your energy needs.",,https://www.coles.com.au/product/la-casa-del-formaggio-bocconcini-bambini-cheese-220g-4537253,,,2024-06-16T22:13:31.806698-04:00
"Ind53SColes_ADairy, Eggs & Fridge_SACheese_IRiverina Haloumi Basil | 180g",Riverina Haloumi Basil | 180g,Riverina,"Dairy, Eggs & Fridge",Cheese,Gourmet Cheese,,$6.60,,,$36.67 per 1kg,3757425,"Award Winning, 100% Australian Owned Haloumi!

Our Basil Infused Haloumi is made using the highest quality milk from our own farm, situated on the fertile banks of the Murray River at Corowa, NSW.

Delicious basil leaves are infused through the cheese for a slight twist on our delicious haloumi. Delicious on its own when barbequed or added cooked to salads. Add to skewers, with vegetables and meat. Larger slices are great fried and added to burgers or it can be used in baking as a grated cheese on potatoes or pizzas. Endless possibilities!
100% Australian Owned & Made

All Natural Ingredients

Infused with Fresh Basil

Award Winning",,,"Per 100g/ml
Per Serving
%DI
Energy
1315kJ
592kJ
Protein
21g
9.4g
Total Fat
23.6g
10.6g
Saturated Fat
16.2g
7.3g
Carbohydrate
5g
2.2g
Sugars
1.8g
0.8g
Calcium
660mg
297mg
Sodium
1000mg
450mg
* Percentage Daily Intakes are based on an average adult diet of 8700 kJ. Your daily intakes may be higher or lower depending on your energy needs.",,https://www.coles.com.au/product/riverina-haloumi-basil-180g-3757425,,,2024-06-16T22:13:42.748984-04:00
"Ind53SColes_ADairy, Eggs & Fridge_SACheese_IRiverina Fetta Greek Style | 200g",Riverina Fetta Greek Style | 200g,Riverina,"Dairy, Eggs & Fridge",Cheese,Gourmet Cheese,,$5.30,,,$26.50 per 1kg,4360879,"Award Winning, 100% Australian Owned and Made Greek Style Fetta!

It's the Double Cream in our Fetta which gives it a smooth and creamy mouth feel and flavour. Perfectly balanced with a salty tang and crumbly texture, our Greek Style Fetta is uniquely delicious.

Our Fetta is made using the highest quality milk from our own farm situated on the fertile banks of the Murray River at Corowa NSW.  

Sprinkle over salads, enjoy in baked dishes or eat simply on its own with a cracker. We think our Fetta tastes better, why not try for yourself. 
100% Australian Owned & Made

Made with Double Cream

All Natural Ingredients

Award Winning",,,"Per 100g/ml
Per Serving
%DI
Energy
1600kJ
400kJ
Protein
16.3g
4.1g
Total Fat
35.3g
8.8g
Saturated Fat
23.7g
5.9g
Carbohydrate
1.1g
0.3g
Sugars
0.2g
0.1g
Sodium
973mg
243mg
* Percentage Daily Intakes are based on an average adult diet of 8700 kJ. Your daily intakes may be higher or lower depending on your energy needs.",,https://www.coles.com.au/product/riverina-fetta-greek-style-200g-4360879,,,2024-06-16T22:13:54.101449-04:00
"Ind53SColes_ADairy, Eggs & Fridge_SACheese_IColes Simply Sandwich Slices 24 Pack | 500g",Coles Simply Sandwich Slices 24 Pack | 500g,Coles,"Dairy, Eggs & Fridge",Cheese,Sliced cheese,,$4.75,,,$9.50 per 1kg,244242,individually wrapped24 pack,,,"Per 100g/ml
Per Serving
%DI
Energy
1210
255
3
Protein
18.2
3.8
8
Total Fat
22.5
4.7
7
Saturated Fat
17.3
3.6
15
Carbohydrate
4.1
LESS THAN 1g
0
Sugars
0.60
0.13
Saturated
17.50
3.68
Sodium
1260
265
12
Energy (Cal)
290
61
Fat
22.70
4.77
Dietary Fibre (total)
0.10
0.02
Trans
0.60
0.13
trans
LESS THAN 1g
LESS THAN 1g
* Percentage Daily Intakes are based on an average adult diet of 8700 kJ. Your daily intakes may be higher or lower depending on your energy needs.",,https://www.coles.com.au/product/coles-simply-sandwich-slices-24-pack-500g-244242,,,2024-06-16T22:14:05.158818-04:00
"Ind53SColes_ADairy, Eggs & Fridge_SACheese_IColes Australian Tasty Cheese Slices 12 Pack | 250g",Coles Australian Tasty Cheese Slices 12 Pack | 250g,Coles,"Dairy, Eggs & Fridge",Cheese,Sliced cheese,,$6.00,,,$24.00 per 1kg,1472231,"3 is for mature strength With a rich and tasty flavour, perfect for sandwiches and toasties.",,,"Per 100g/ml
Per Serving
%DI
Energy
1730.50
363.41
Protein
24.60
5.17
Total Fat
35.40
7.43
Saturated Fat
25.30
5.31
Carbohydrate
0.10
0.02
Sugars
0.10
0.02
Calcium
687.00
144.27
Sodium
675.00
141.75
Energy (Cal)
414.00
86.94
Dietary Fibre (total)
0.10
0.02
* Percentage Daily Intakes are based on an average adult diet of 8700 kJ. Your daily intakes may be higher or lower depending on your energy needs.",,https://www.coles.com.au/product/coles-australian-tasty-cheese-slices-12-pack-250g-1472231,,,2024-06-16T22:14:16.612534-04:00
"Ind53SColes_ADairy, Eggs & Fridge_SACheese_ITasmanian Heritage Double Cream Brie | 200g",Tasmanian Heritage Double Cream Brie | 200g,Tasmanian Heritage,"Dairy, Eggs & Fridge",Cheese,Brie & soft cheese,,$11.95,,,$59.75 per 1kg,7670395,"Tasmanian Heritage Double Brie is a delicate, creamy soft white cheese. Tasmanian Heritage Double Brie has a deliciously creamy centre with a mild delicate flavour. It will continue to develop in flavour and soften in texture as it reaches the best before date. Take your cheese out of the fridge an hour before serving to ensure the best flavour and texture. Made with 100% Tasmanian milk. Cheese Type: White Mould Milk: Cow Origin: Tasmania Serving Suggestion: Tasmanian Heritage Double Brie is delicious served on a platter with fresh berries and crackers. We also recommend including the Tasmanian Heritage Classic Blue.",,,"Per 100g/ml
Per Serving
%DI
Energy
1500kJ
383kJ
0%
Protein
17.3g
4.3g
0%
Total Fat
32g
8g
0%
Saturated Fat
20.5g
5.1g
0%
Carbohydrate
<1g
<1g
0%
Sugars
<1g
<1g
0%
Calcium
470mg
118mg
0%
Sodium
600mg
150mg
0%
* Percentage Daily Intakes are based on an average adult diet of 8700 kJ. Your daily intakes may be higher or lower depending on your energy needs.","Milk, cream (milk), salt, cultures (milk), non-animal rennet, mineral salt (509).",https://www.coles.com.au/product/tasmanian-heritage-double-cream-brie-200g-7670395,,,2024-06-16T22:14:28.377353-04:00
"Ind53SColes_ADairy, Eggs & Fridge_SA_ICheer Colby Cheese Slices | 500g",Cheer Colby Cheese Slices | 500g,Cheer,"Dairy, Eggs & Fridge",,,,$10.00,,$11.00,$20.00 per 1kg,2781978,"With a smooth and deliciously mild flavour, CHEER Colby is ideal for cooking and melting. Smooth & Deliciously Creamy. Perfect for all of the family.CHEER Cheese 500g Colby Cheese Slices are perfect for lunch box sandwiches on the go or to create delicious cheesy toasties at home! With a smooth and creamy cheese flavour and 16 slice pack, CHEER Cheese 500g Colby Cheese Slices are perfect for cooking and melting.- 32 Colby cheese slices - Made in Australia from 100% Australian cow's milk- Vegetarian friendly- Preservative free- Smooth and deliciously creamy- Perfect for your back to school lunch box or as a snack when relaxing at home!",,,"Per 100g/ml
Per Serving
%DI
Energy
1640kJ
344kJ
0%
Protein
24.5g
5.1g
0%
Total Fat
32.5g
6.8g
0%
Saturated Fat
22.5g
4.7g
0%
Carbohydrate
<1g
<1g
0%
Sugars
<1g
<1g
0%
Calcium
750mg
158mg
20%
Sodium
680mg
143mg
0%
* Percentage Daily Intakes are based on an average adult diet of 8700 kJ. Your daily intakes may be higher or lower depending on your energy needs.","Pasteurized Milk, Salt, Starter Cultures, Non animal rennet",https://www.coles.com.au/product/cheer-colby-cheese-slices-500g-2781978,,,2024-06-16T22:14:40.661002-04:00
"Ind53SColes_ADairy, Eggs & Fridge_SACheese_IBio Cheese Pizza Shred | 200g",Bio Cheese Pizza Shred | 200g,Bio,"Dairy, Eggs & Fridge",Cheese,Grated cheese,,$7.20,,$9.00,$36.00 per 1kg,3844520,"Bio Cheese Pizza Shred is made with coconut oil, providing a mild nutty flavour that melts and stretches easily and evenly, without going oily. An ideal plant based simulant shredded for your convenience in a resealable bag. Perfect for pizza, pasta, nachos and many more of your favourite dishes. At My Life we believe that food should taste great and be food for you - natural, tasty and nutritious food should be a simple, everyday choice. That's why we ensure our products tick ALL boxes.
Vegan Friendly

Vegetarian

Gluten Free

Soya Free

Lactose Free

Palm Oil Free.

GMO Free.

Plant Based Dairy Simulant.",,,"Per 100g/ml
Per Serving
%DI
Energy
1247kJ
374kJ
Protein
0.0g
0.0g
Total Fat
24.0g
7.2g
Saturated Fat
22.0g
6.6g
Carbohydrate
21.0g
6.3g
Sugars
0.0g
0.0g
Sodium
680mg
204mg
Energy (Cal)
298kcal
89kcal
Dietary Fibre (total)
0.0g
0.0g
Gluten
Nil detected
Nil detected
* Percentage Daily Intakes are based on an average adult diet of 8700 kJ. Your daily intakes may be higher or lower depending on your energy needs.",,https://www.coles.com.au/product/bio-cheese-pizza-shred-200g-3844520,,,2024-06-16T22:14:51.745163-04:00
"Ind53SColes_ADairy, Eggs & Fridge_SACheese_INorco Natural Dairy Cheese Slices 12 Pack | 250g",Norco Natural Dairy Cheese Slices 12 Pack | 250g,Norco,"Dairy, Eggs & Fridge",Cheese,Sliced cheese,,$7.90,,,$31.60 per 1kg,7119409,"Inspired by its birthplace in the beautiful, stress-free region of Northern NSW, this is a cheese oozing with goodness. This delicious cheese is low in salt, contains no animal rennet, provides the goodness of dairy, and contains vegetarian enzymes. It also contains acidophilus cultures for good gut health. It's a creamy, healthy cheese with a dash of peace-of-mind.
100% Australian Farmer Owned

Ideal For Melting

Matured For Up To 12 Months

30% Daily Calcium",,,"Per 100g/ml
Per Serving
%DI
Energy
1630kJ
342kJ
0
Protein
26g
5.5g
0
Total Fat
32g
6.7g
0
Saturated Fat
22.4g
4.7g
0
Carbohydrate
Less than 1g
Less than 1g
0
Sugars
Less than 1g
Less than 1g
0
Calcium
740mg
155mg
0
Sodium
300mg
63mg
0
Monounsaturated
0
0
0
Energy (Cal)
391Cal
82Cal
0
Dietary Fibre (total)
0
0
0
Polyunsaturated
0
0
0
Potassium
105mg
Trans
0
0
0
Caffeine
500mg
* Percentage Daily Intakes are based on an average adult diet of 8700 kJ. Your daily intakes may be higher or lower depending on your energy needs.",,https://www.coles.com.au/product/norco-natural-dairy-cheese-slices-12-pack-250g-7119409,,,2024-06-16T22:15:04.072206-04:00
"Ind53SColes_ADairy, Eggs & Fridge_SACheese_IYarra Valley Cheese Salted Honey Cow | 80g",Yarra Valley Cheese Salted Honey Cow | 80g,Yarra Valley,"Dairy, Eggs & Fridge",Cheese,Brie & soft cheese,,$3.50,,$4.10,$43.75 per 1kg,5443519,"A creamy, fresh cow's milk cheese with Beechworth Honey and salt. A real show stopper!
Using only the finest Australian milk to make our fresh cow's milk cheese, we then stir in premium local honey and salt to create the unique salty, yet sweet Salted Honey Cow. At home on a cheeseboard, baked into your favourite cheesecake, whipped and dolloped on waffles or pancakes or the perfect topping for toasted fruit bread, you won't look back once you've tried this unique, moreish cheese.
A creamy fresh cow's milk cheese with honey and salt

Made in Australia",,,"Per 100g/ml
Per Serving
%DI
Energy
1148
230
Protein
15g
3g
Total Fat
21.0g
4.2g
Saturated Fat
14.7g
2.9
Carbohydrate
7.9g
1.6g
Sugars
6.5g
1.3g
Sodium
370mg
74mg
* Percentage Daily Intakes are based on an average adult diet of 8700 kJ. Your daily intakes may be higher or lower depending on your energy needs.","Cheese (Pasteurised Cow's Milk, Salt, Cultures, Mineral Salt (509), Non-Animal Rennet), Honey (8.9%), Salt (min 1%)",https://www.coles.com.au/product/yarra-valley-cheese-salted-honey-cow-80g-5443519,,,2024-06-16T22:15:15.213102-04:00
"Ind53SColes_ADairy, Eggs & Fridge_SACheese_ISheese Vegan Grated Cheese | 200g",Sheese Vegan Grated Cheese | 200g,Sheese,"Dairy, Eggs & Fridge",Cheese,Grated cheese,,$7.00,,,$35.00 per 1kg,4459488,"Our Grated Mild Cheddar style Sheese is a dairy free alternative to a mild white grated Cheddar cheese. Made with coconut oil and for easy melting, it's vegan, kosher, and perfect for specialist dietary requirements such as lactose intolerance.",,,"Per 100g/ml
Per Serving
%DI
Energy
1320kJ
395kJ
Protein
1.3g
0.4g
Total Fat
26.2g
7.9g
Saturated Fat
21.8g
6.5g
Carbohydrate
17g
5.1g
Sugars
0.3g
0.1g
Sodium
760mg
228mg
Dietary Fibre (total)
4.9g
1.5g
* Percentage Daily Intakes are based on an average adult diet of 8700 kJ. Your daily intakes may be higher or lower depending on your energy needs.",,https://www.coles.com.au/product/sheese-vegan-grated-cheese-200g-4459488,,,2024-06-16T22:15:27.147243-04:00
"Ind53SColes_ADairy, Eggs & Fridge_SAPrimo_IPrimo Cheesy Kabana Cheddar Shapes & Tasy Cheese | 53g",Primo Cheesy Kabana Cheddar Shapes & Tasy Cheese | 53g,Primo,"Dairy, Eggs & Fridge",Primo,Crackers & Snacks,,$4.50,,,$8.49 per 100g,5421607,"A delicious trio combination of Primo Cheesy Kabana, Tasty cheese and Arnott's Shapes Cheddar crackers
Irresistible mix: a perfect snack for cheesy lovers

Satisfying, convenient, on the go snack for anytime, anywhere

Source of protein

No artifical flavours",,,"Per 100g/ml
Per Serving
%DI
Energy
1450kj
767kj
9%
Protein
16.3g
8.7g
17&
Total Fat
22.2g
11.8g
17%
Saturated Fat
11.3g
6.0g
25%
Carbohydrate
19.8g
10.5g
3%
Sugars
Less than 1g
Less than 1g
<1%
Sodium
927mg
491mg
21%
* Percentage Daily Intakes are based on an average adult diet of 8700 kJ. Your daily intakes may be higher or lower depending on your energy needs.",,https://www.coles.com.au/product/primo-cheesy-kabana-cheddar-shapes-and-tasy-cheese-53g-5421607,,,2024-06-16T22:15:38.777124-04:00
"Ind53SColes_ADairy, Eggs & Fridge_SACheese_IColes Cream Cheese Spread Original | 250g",Coles Cream Cheese Spread Original | 250g,Coles,"Dairy, Eggs & Fridge",Cheese,Cream cheese & spreads,,$2.90,,,$11.60 per 1kg,7504647,"Coles Dairy original cream cheese spread, 250g. This spreadable cream cheese is made with Australian milk and perfect for crackers or in sandwiches and wraps.",,,"Per 100g/ml
Per Serving
%DI
Energy
1083.10
270.78
Total Fat
24.8
6.2
9
Saturated Fat
19.8
5.0
21
Sugars
2.60
0.65
Sodium
282.00
70.50
Saturated
17.50
4.38
Energy (Cal)
259.11
64.78
Fat
24.80
6.20
Dietary Fibre (total)
0.50
0.13
* Percentage Daily Intakes are based on an average adult diet of 8700 kJ. Your daily intakes may be higher or lower depending on your energy needs.",,https://www.coles.com.au/product/coles-cream-cheese-spread-original-250g-7504647,,,2024-06-16T22:15:49.910905-04:00
"Ind53SColes_ADairy, Eggs & Fridge_SACheese_ICheer Extra Tasty Cheese Slices | 500g",Cheer Extra Tasty Cheese Slices | 500g,Cheer,"Dairy, Eggs & Fridge",Cheese,Sliced cheese,,$10.00,,$11.00,$20.00 per 1kg,5432320,"CHEER Extra Tasty Cheddar Cheese slices are perfect for a sandwich or toastie, aged a little bit longer for a slightly stronger flavour.CHEER 500g Extra Tasty Cheese Slices are perfect for lunch box sandwiches on the go or to create delicious cheesy toasties at home! With a slightly stronger tasty cheese flavour and 32 slice pack, CHEER Extra Tasty Cheese Slices are perfect for bringing a little CHEER to your table!- 32 Extra Tasty cheese slices - Made in Australia from 100% Australian Cow's Milk- Vegetarian friendly- Preservative free- Aged longer than CHEER Tasty Cheese Slices, for a slightly stronger flavour!- Perfect for your back to school lunch box or as a snack when relaxing at home!",,,"Per 100g/ml
Per Serving
%DI
Energy
1750kJ
368kJ
0%
Protein
25.8g
5.4g
0%
Total Fat
34g
7.1g
0%
Saturated Fat
23.5g
4.9g
0%
Carbohydrate
<1g
<1g
0%
Sugars
<1g
<1g
0%
Calcium
750mg
158mg
20%
Sodium
720mg
151mg
0%
* Percentage Daily Intakes are based on an average adult diet of 8700 kJ. Your daily intakes may be higher or lower depending on your energy needs.",,https://www.coles.com.au/product/cheer-extra-tasty-cheese-slices-500g-5432320,,,2024-06-16T22:16:02.211103-04:00
"Ind53SColes_ADairy, Eggs & Fridge_SACheese_IEmborg French Brie Petit | 125g",Emborg French Brie Petit | 125g,Emborg,"Dairy, Eggs & Fridge",Cheese,Brie & soft cheese,,$5.20,,,$41.60 per 1kg,5441411,"Emborg French Brie is a classic white mould cheese, also referred to as Les fromages a croute fleurie, which characterised by creamy velvety texture, excellent and unique taste profiles with hints of rural mushrooms and browned butter.Emborg French Brie has a perfect bloomy rind and a creamy centre, which ideal for a cheese table with crackers and fruits or simply on a piece freshly baked bread. Taste Notes: Emborg French Brie presents light hints of rural mushrooms and browned butter.",,,,"Pasteurized cow's milk, salt, lactic culture, rennet, mould culture. CONTAINS MILK",https://www.coles.com.au/product/emborg-french-brie-petit-125g-5441411,,,2024-06-16T22:16:12.599777-04:00
"Ind53SColes_ADairy, Eggs & Fridge_SAPrimo_IPrimo Cheese Kabana Cheese & Bacon Shapes & Tasty Cheese | 50g",Primo Cheese Kabana Cheese & Bacon Shapes & Tasty Cheese | 50g,Primo,"Dairy, Eggs & Fridge",Primo,Crackers & Snacks,,$4.50,,,$9.00 per 100g,6796525,"A delicious trio combination of Primo Cheesy Kabana, Tasty cheese and Arnott's Shapes Cheese & Bacon crackers
Irresistible flavour trifecta mix

Convenient on the go snack

Source of Protein

No artificial flavours",,,"Per 100g/ml
Per Serving
%DI
Energy
1400kJ
700kJ
8%
Protein
16.2g
8.1g
16%
Total Fat
21.7g
10.9g
16%
Saturated Fat
10.7g
5.4g
22%
Carbohydrate
18.9g
9.5g
3%
Sugars
Less than 1g
Less than 1 g
<1%
Sodium
921mg
461mg
* Percentage Daily Intakes are based on an average adult diet of 8700 kJ. Your daily intakes may be higher or lower depending on your energy needs.","Cheese Kabana [Meat Including Pork, Cure [Potato Starch, Salt, Dextrose (Maize or Tapioca), Spices, Mineral Salts (450, 451, 452), Antioxidant (316), Spice Extracts (Including 160c), Dried Vegetables (Including Garlic, Onion), Sugar, Preservative (250), Yeast Extract], Water, Processed Cheese [Water, Modified Potato Starches (1404, 1420), Cheese (Milk, Salt, Starter Culture, Enzyme), Butter (Milk), Milk Proteins, Milk Solids, Salt, Yeast Extract, Emulsifiers (339, 450, 452), Acidity Regulator (330), Colour (160a), Preservative (200)], Acidity Regulators (326, 262), Soy Protein, Edible Beef Collagen Casing, Colours (150c, 100, 160b), Wood Smoke], Cheese [Pasteurised Milk, Salt, Cultures, Enzyme (Non-Animal Rennet), Anti-caking Agent (460), Preservative (200)], Shapes Cheese & Bacon [Wheat Flour, Vegetable Oil (Antioxidant (307b Soy)), Cheese (Milk Solids, Salt), Starch (Wheat), Salt, Yeast Extract (Barley, Wheat), Yeast, Flavour (Wheat), Sugar, Baking Powder [Raising Agent (500)], Onion Powder, Worcestershire Sauce, Vegetable Protein Extract (Soy), Milk Solids, Flavour Enhancer (635), Emulsifier (322 Soy), Colours (120, 163), Antioxidant (300), Bacon, Spice, Spice Extracts, Malt Extract (Barley)].",https://www.coles.com.au/product/primo-cheese-kabana-cheese-and-bacon-shapes-and-tasty-cheese-50g-6796525,,,2024-06-16T22:16:24.681901-04:00
"Ind53SColes_ADairy, Eggs & Fridge_SACheese_IPhiladelphia Original Cream Cheese Spread | 350g",Philadelphia Original Cream Cheese Spread | 350g,Philadelphia,"Dairy, Eggs & Fridge",Cheese,Cream cheese & spreads,,$7.00,,,$20.00 per 1kg,6131555,"Philadelphia Original 350g is ideal for large families or everyday users of Philadelphia Spreads. A spread of Philadelphia cream cheese can elevate everyday simple snacks to deliciously creamy whether it's crackers, bread, bruschetta, dips, bagels,  croissants or your  healthy vege snacks of carrot sticks
Philadelphia Original 350g is ideal for large families or everyday users of Philadelphia Spreads. A spread of Philadelphia cream cheese can elevate everyday simple snacks to deliciously creamy whether it's crackers, bread, bruschetta, dips, bagels, croissants or your healthy vege snacks of carrot sticks

Great for everyday spreading & large families

Great for everyday spreading & large families

No artificial colours or flavours

Made with at least 95% Australian ingredients",,,"Per 100g/ml
Per Serving
%DI
Energy
940kJ
235kJ
3%
Protein
4.9g
1.2g
2%
Total Fat
21.8g
5.4g
8%
Saturated Fat
15.2g
3.8g
16%
Carbohydrate
2.9g
<1.0g
<1%
Sugars
2.9g
<1.0g
1%
Sodium
328mg
82mg
4%
Monounsaturated
0
0
0
Energy (Cal)
0
0
0
Dietary Fibre (total)
0
0
0
Polyunsaturated
0
0
0
Trans
0
0
0
* Percentage Daily Intakes are based on an average adult diet of 8700 kJ. Your daily intakes may be higher or lower depending on your energy needs.",,https://www.coles.com.au/product/philadelphia-original-cream-cheese-spread-350g-6131555,,,2024-06-16T22:16:35.938422-04:00
"Ind53SColes_ADairy, Eggs & Fridge_SACheese_ICastello Aged Havarti | 200g",Castello Aged Havarti | 200g,Castello,"Dairy, Eggs & Fridge",Cheese,Firm cheese,,$8.00,,,$40.00 per 1kg,5400130,"Castello Curiously Crunchy Aged Havarti is made from a traditional recipe dating back to 1952. Typically aged for 12 months for a bold, creamy, caramel flavour, smooth texture and a curious crunch. Something happens when you age a mild, slightly tangy Danish Havarti. When ageing, Castello Havarti becomes a little harder than younger Havarti cheeses and develops a pleasant crunch coming from the salty crystals that begin to form. The cheese's softness thickens and becomes crumbly. Flavours gather like handfuls of crushed almonds and hazelnuts, sweet with a sharp finish.",,,"Per 100g/ml
Per Serving
%DI
Energy
1733kJ
765kJ
Protein
23g
5.75g
Total Fat
36g
9g
Saturated Fat
23g
5.75g
Carbohydrate
0.1g
0.025g
Sugars
0.1g
0.025g
Sodium
1800mg
450mg
* Percentage Daily Intakes are based on an average adult diet of 8700 kJ. Your daily intakes may be higher or lower depending on your energy needs.",,https://www.coles.com.au/product/castello-aged-havarti-200g-5400130,,,2024-06-16T22:16:47.010586-04:00
"Ind53SColes_ADairy, Eggs & Fridge_SACheese_IColes Light Cheese & Crackers | 50g",Coles Light Cheese & Crackers | 50g,Coles,"Dairy, Eggs & Fridge",Cheese,Cheese snacks,,$1.90,,,$3.80 per 100g,2073093,"Delicious slices of Australian light tasty cheddar with plain water crackers. +(keying symbol) with at least 25% less fat than coles standard tasty cheese & crackers. Matured for a rich, tasty flavour.",,,"Per 100g/ml
Per Serving
%DI
Energy
1362
681
Protein
24.9
12.45
Total Fat
12.5
6.25
Carbohydrate
25.8
12.9
Sugars
0.9
0.45
Calcium
620
310
Sodium
650
325
Saturated
8.1
4.05
Energy (Cal)
325.84
162.92
Dietary Fibre (total)
4.7
2.35
Trans
0.4
0.2
* Percentage Daily Intakes are based on an average adult diet of 8700 kJ. Your daily intakes may be higher or lower depending on your energy needs.",,https://www.coles.com.au/product/coles-light-cheese-and-crackers-50g-2073093,,,2024-06-16T22:16:58.462211-04:00
"Ind53SColes_ADairy, Eggs & Fridge_SACheese_IColes Dutch Maasdam | 260g",Coles Dutch Maasdam | 260g,Coles,"Dairy, Eggs & Fridge",Cheese,Firm cheese,,$6.00,,,$23.08 per 1kg,3796427,"Creamy Dutch Maasdam cheese with a sweet fruity flavour. Delicious in a sandwich, on a cheeseboard for entertaining.",,,"Per 100g/ml
Per Serving
%DI
Energy
1450
436
5
Protein
26.50
7.95
Total Fat
27.1
8.1
12
Saturated Fat
18.8
5.6
23
Carbohydrate
0.0g
0.0g
0
Sugars
0.00
0.00
Sodium
476
143
6
Energy (Cal)
348
104
Dietary Fibre (total)
0.00
0.00
* Percentage Daily Intakes are based on an average adult diet of 8700 kJ. Your daily intakes may be higher or lower depending on your energy needs.",,https://www.coles.com.au/product/coles-dutch-maasdam-260g-3796427,,,2024-06-16T22:17:10.460042-04:00
"Ind53SColes_ADairy, Eggs & Fridge_SADairy, chilled & frozen_IPerfect Italiano Cheese Extra Sharp Grated Parmesan | 125g",Perfect Italiano Cheese Extra Sharp Grated Parmesan | 125g,Perfect Italiano,"Dairy, Eggs & Fridge","Dairy, chilled & frozen",Cheese & yoghurt,,$4.00,,,"$32.00 per 1kg
Was $4.50 on May 2024",6577000,"Perfect Italiano Cheese Extra Sharp Grated Parmesan 125g
It's an easy way to add delicious flavour to pasta, salad or risotto.

Strong & Bitey flavour",,,"Per 100g/ml
Per Serving
%DI
Energy
1580kJ
158kJ
2%
Protein
32.6g
3.3g
7%
Total Fat
27.2g
2.7g
4%
Saturated Fat
16.3g
1.6g
7%
Carbohydrate
Less than 1g
Less than 1g
0%
Sugars
Less than 1g
Less than 1g
0%
Calcium
950mg
95mg
12% RDI*
Sodium
846mg
85mg
4%
* Percentage Daily Intakes are based on an average adult diet of 8700 kJ. Your daily intakes may be higher or lower depending on your energy needs.",,https://www.coles.com.au/product/perfect-italiano-cheese-extra-sharp-grated-parmesan-125g-6577000,,,2024-06-16T22:17:21.614925-04:00
"Ind53SColes_ADairy, Eggs & Fridge_SACheese_IColes Tasty Cheese Slices 24 Pack | 500g",Coles Tasty Cheese Slices 24 Pack | 500g,Coles,"Dairy, Eggs & Fridge",Cheese,Sliced cheese,,$7.90,,,$15.80 per 1kg,5433050,"3 is for mature strength With a rich and tasty flavour, perfect for sandwiches and toasties.",,,"Per 100g/ml
Per Serving
%DI
Energy
1730.50
363.41
Protein
24.60
5.17
Carbohydrate
0.10
0.02
Sugars
0.10
0.02
Calcium
687.00
144.27
Sodium
675.00
141.75
Saturated
25.30
5.31
Energy (Cal)
414.00
86.94
Fat
35.40
7.43
Dietary Fibre (total)
0.10
0.02
* Percentage Daily Intakes are based on an average adult diet of 8700 kJ. Your daily intakes may be higher or lower depending on your energy needs.","INGREDIENTS: Milk, Salt, Mineral Salt (509), Cultures (Milk), Enzyme (Vegetarian Rennet).",https://www.coles.com.au/product/coles-tasty-cheese-slices-24-pack-500g-5433050,,,2024-06-16T22:17:33.493612-04:00
"Ind53SColes_ADairy, Eggs & Fridge_SACheese_IColes Simply Light Sandwich Slices 24 Pack | 500g",Coles Simply Light Sandwich Slices 24 Pack | 500g,Coles,"Dairy, Eggs & Fridge",Cheese,Sliced cheese,,$4.75,,,$9.50 per 1kg,5164639,Individually wrapped24 pack,,,"Per 100g/ml
Per Serving
%DI
Energy
966.5
202.97
Protein
18.8
3.95
Carbohydrate
3.4
0.71
Sugars
3.4
0.71
Sodium
1230
258
11
Saturated
11.1
2.33
Energy (Cal)
231.22
48.56
Fat
15.9
3.34
Dietary Fibre (total)
0.1
0.02
Trans
0.6
0.13
trans
LESS THAN 1g
LESS THAN 1g
* Percentage Daily Intakes are based on an average adult diet of 8700 kJ. Your daily intakes may be higher or lower depending on your energy needs.",,https://www.coles.com.au/product/coles-simply-light-sandwich-slices-24-pack-500g-5164639,,,2024-06-16T22:17:44.429047-04:00
"Ind53SColes_ADairy, Eggs & Fridge_SACheese_IMil Lel Shaved Parmesan | 170g",Mil Lel Shaved Parmesan | 170g,Mil Lel,"Dairy, Eggs & Fridge",Cheese,Grated cheese,,$6.20,,$6.90,$36.47 per 1kg,3843232,Our MIL LEL Parmesan is expertly crafted from the finest ingredients. This award winning full-flavoured robust cheese is perfect addition to any occasion or meal.,,,"Per 100g/ml
Per Serving
%DI
Energy
1540kJ
385kJ
0%
Protein
31.3g
7.8g
0%
Total Fat
26.8g
6.7g
0%
Saturated Fat
17.4g
4.4g
0%
Carbohydrate
<1g
<1g
0%
Sugars
<1g
<1g
0%
Calcium
1540mg
385mg
48%
Sodium
1120mg
280mg
0%
* Percentage Daily Intakes are based on an average adult diet of 8700 kJ. Your daily intakes may be higher or lower depending on your energy needs.",,https://www.coles.com.au/product/mil-lel-shaved-parmesan-170g-3843232,,,2024-06-16T22:17:55.721390-04:00
"Ind53SColes_ADairy, Eggs & Fridge_SACheese_IBega Natural 25% Red Fat Tasty Slices 30 pack | 500g",Bega Natural 25% Red Fat Tasty Slices 30 pack | 500g,Bega,"Dairy, Eggs & Fridge",Cheese,Sliced cheese,,$11.00,,,$22.00 per 1kg,9184139,Bega Cheese So Light Tasty Slices 500g,,,"Per 100g/ml
Per Serving
%DI
Energy
1430kJ
243kJ
3%
Protein
30.3g
5.2g
11%
Total Fat
24.6g
4.2g
6%
Saturated Fat
14.8g
2.5g
11%
Carbohydrate
Less than 1g
Less than 1g
0%
Sugars
Less than 1g
Less than 1g
0%
Calcium
870mg
Sodium
680mg
116mg
4%
* Percentage Daily Intakes are based on an average adult diet of 8700 kJ. Your daily intakes may be higher or lower depending on your energy needs.",,https://www.coles.com.au/product/bega-natural-25percent-red-fat-tasty-slices-30-pack-500g-9184139,,,2024-06-16T22:18:06.905463-04:00
"Ind53SColes_ADairy, Eggs & Fridge_SACheese_ISnowdonia Black Bomber | 150g",Snowdonia Black Bomber | 150g,Snowdonia,"Dairy, Eggs & Fridge",Cheese,Cheddar & tasty cheese,,$9.50,,,$63.34 per 1kg,3842127,"Black Bomber has won awards at The Great British Cheese Awards, Nantwich International Cheese Awards, the World Cheese Awards and a Super Gold at Mondial Fromage in France.
Where Cheddars are concerned, our multi-award winning Little Black Bomber is a modern classic. Our flagship cheese marries a delicious rich flavour with a smooth creaminess, lasting long on the palate but remaining demandingly moreish!",,,,,https://www.coles.com.au/product/snowdonia-black-bomber-150g-3842127,,,2024-06-16T22:18:18.536664-04:00
"Ind53SColes_ADairy, Eggs & Fridge_SACheese_IBega Dairy Stringers Original Cheese 12 Pack | 240g",Bega Dairy Stringers Original Cheese 12 Pack | 240g,Bega,"Dairy, Eggs & Fridge",Cheese,Cheese snacks,,$7.20,,$9.20,$30.00 per 1kg,6081118,Bega Cheese Original Stringers 12pk,,,"Per 100g/ml
Per Serving
%DI
Energy
1300kJ
260kJ
Protein
25.3g
5.1g
Total Fat
22.5g
4.5g
Saturated Fat
14.7g
2.9g
Carbohydrate
2.0g
Less than 1g
Sugars
Less than 1g
Less than 1g
Calcium
585mg
Sodium
650mg
130mg
* Percentage Daily Intakes are based on an average adult diet of 8700 kJ. Your daily intakes may be higher or lower depending on your energy needs.","Milk, Salt, Enzyme (Non-animal Rennet), Culture. Vegetarian Suitable.",https://www.coles.com.au/product/bega-dairy-stringers-original-cheese-12-pack-240g-6081118,,,2024-06-16T22:18:30.199117-04:00
"Ind53SColes_ADairy, Eggs & Fridge_SA_IColes Dairy Extra Tasty Cheese Block | 250g",Coles Dairy Extra Tasty Cheese Block | 250g,Coles,"Dairy, Eggs & Fridge",,,,$6.00,,,$24.00 per 1kg,5432669,"Extra tasty Cheddar cheese made with Australian milk, matured for a stronger, full bodied flavour.",,,"Per 100g/ml
Per Serving
%DI
Energy
1732.90
433.23
Protein
24.60
6.15
Total Fat
35.40
8.85
Saturated Fat
25.30
6.33
Carbohydrate
0.10
0.03
Sugars
0.10
0.03
Calcium
687.00
171.75
Sodium
675.00
168.75
Energy (Cal)
414.57
103.64
Dietary Fibre (total)
0.40
0.10
* Percentage Daily Intakes are based on an average adult diet of 8700 kJ. Your daily intakes may be higher or lower depending on your energy needs.",,https://www.coles.com.au/product/coles-dairy-extra-tasty-cheese-block-250g-5432669,,,2024-06-16T22:21:37.678283-04:00
"Ind53SColes_ADairy, Eggs & Fridge_SACheese_IBrancourts Lactose Free Cottage Cheese | 225g",Brancourts Lactose Free Cottage Cheese | 225g,Brancourts,"Dairy, Eggs & Fridge",Cheese,Brie & soft cheese,,$4.80,,,$21.33 per 1kg,6255682,Made from 100% Dairy - Just without Lactose!,,,"Per 100g/ml
Per Serving
%DI
Energy
449kJ
449kJ
5%
Protein
11.2g
11.2g
22%
Total Fat
5g
5g
7%
Saturated Fat
3.4g
3.4g
14%
Carbohydrate
4.1g
4.1g
1%
Sugars
4.1g
4.1g
5%
Sodium
366mg
366mg
16%
* Percentage Daily Intakes are based on an average adult diet of 8700 kJ. Your daily intakes may be higher or lower depending on your energy needs.","Skim Milk Curd(Skim Milk, Culture, Non-Animal Rennet), Milk Solids, Cream, Salt, Enzyme, Acidity Regulator(Citric Acid), Preservative (Potassium Sorbate), Vegetable Gums (Locust Bean Gum, Guar Gum, Xanthan Gum)",https://www.coles.com.au/product/brancourts-lactose-free-cottage-cheese-225g-6255682,,,2024-06-16T22:21:48.970307-04:00
"Ind53SColes_ADairy, Eggs & Fridge_SACheese_IDodoni Saganaki | 200g",Dodoni Saganaki | 200g,Dodoni,"Dairy, Eggs & Fridge",Cheese,Gourmet Cheese,,$12.00,,,$60.00 per 1kg,6580480,Authentic Greek frying cheese made of sheep & goats milk,,,"Per 100g/ml
Per Serving
%DI
Energy
1510kJ
453kJ
Protein
25g
7.5g
Total Fat
29g
8.7g
Saturated Fat
21g
6.3g
Carbohydrate
<1g
<1g
Sugars
<1g
<1g
Sodium
1010mg
303mg
* Percentage Daily Intakes are based on an average adult diet of 8700 kJ. Your daily intakes may be higher or lower depending on your energy needs.",,https://www.coles.com.au/product/dodoni-saganaki-200g-6580480,,,2024-06-16T22:21:59.893430-04:00
"Ind53SColes_ADairy, Eggs & Fridge_SACheese_IColes Australian Colby Cheese | 1kg",Coles Australian Colby Cheese | 1kg,Coles,"Dairy, Eggs & Fridge",Cheese,Block cheese,,$13.90,,,$13.90 per 1kg,2071269,"Coles dairy 1kg Australian Colby cheese block. A mild and creamy flavour with a strength indicator of 2, perfect for slicing, cooking or melting.",,,"Per 100g/ml
Per Serving
%DI
Energy
1624.6
406.15
Protein
22.8
5.7
Total Fat
33.3
8.33
Carbohydrate
0.1
0.03
Sugars
0.1
0.03
Calcium
708
177
Sodium
706
176.5
Saturated
23.9
5.98
Energy (Cal)
388.66
97.17
Dietary Fibre (total)
0.4
0.1
* Percentage Daily Intakes are based on an average adult diet of 8700 kJ. Your daily intakes may be higher or lower depending on your energy needs.",,https://www.coles.com.au/product/coles-australian-colby-cheese-1kg-2071269,,,2024-06-16T22:22:10.853661-04:00
"Ind53SColes_ADairy, Eggs & Fridge_SACheese_IEmborg French Brie | 200g",Emborg French Brie | 200g,Emborg,"Dairy, Eggs & Fridge",Cheese,Brie & soft cheese,,$7.20,,,$36.00 per 1kg,4360471,"Emborg French Brie is a soft double cream Brie made in France. This French Brie is of premium quality made in an authentic French family dairy located in the heart of the Limousin region.
Emborg French Brie is handcrafted by sacred methods handed down for generations, with a creamy and subtle flavour it gives an authentic taste experience.
The light hints of rural mushrooms and browned butter makes it great to enjoy on a cheeseboard, baked, sandwiches and salads.",,,,"Pasteurised cow's milk, salt, rennet, lactic culture, mould culture",https://www.coles.com.au/product/emborg-french-brie-200g-4360471,,,2024-06-16T22:22:20.563609-04:00
"Ind53SColes_ADairy, Eggs & Fridge_SACheese_ITasmanian Heritage Camembert Oval | 125g",Tasmanian Heritage Camembert Oval | 125g,Tasmanian Heritage,"Dairy, Eggs & Fridge",Cheese,Brie & soft cheese,,$5.00,,$7.50,$40.00 per 1kg,91673,"Tasmanian Heritage Camembert is a smooth, mild and delicate soft white cheese. It will continue to develop slightly in flavour and soften in texture as it reaches the best before date. Serve at room temperature for the best flavour and texture. Made with 100% Tasmanian milk.",,,"Per 100g/ml
Per Serving
%DI
Energy
1500kJ
375kJ
0%
Protein
17.3g
4.3g
0%
Total Fat
32g
8g
0%
Saturated Fat
20.5g
5.1g
0%
Carbohydrate
<1g
<1g
0%
Sugars
<1g
<1g
0%
Calcium
470mg
118mg
0%
Sodium
531mg
133mg
0%
* Percentage Daily Intakes are based on an average adult diet of 8700 kJ. Your daily intakes may be higher or lower depending on your energy needs.",,https://www.coles.com.au/product/tasmanian-heritage-camembert-oval-125g-91673,,,2024-06-16T22:22:32.405236-04:00
"Ind53SColes_ADairy, Eggs & Fridge_SACheese_IReal Dairy Tasty Cheese & Crackers 10 Pack | 300g",Real Dairy Tasty Cheese & Crackers 10 Pack | 300g,Real,"Dairy, Eggs & Fridge",Cheese,Cheese snacks,,$11.00,,,$3.67 per 100g,6927420,"Satisfy your cravings with our cheese & crackers snack packs, designed to bring smiles to the entire family, any time of the day. With 10 individual packs in each box, you'll have a value-packed snacking solution that's ready to indulge every palate.

Convenience Redefined: Busy mornings, afternoon lulls, or late-night cravings? Our snack packs are here to save the day. Grab a pack on the go, pack them for lunches, or keep them in the pantry for instant satisfaction.
Source of Calcium

Source of Protein

Quick Breakfast Boosts

Afternoon Energy Recharge

Movie Night Munchies

Picnic Perfect Pairing.

Study Session Snacks.

On-the-Go Goodness.",,,"Per 100g/ml
Per Serving
%DI
Energy
1640kJ
492kJ
6%
Protein
19.8g
5.9g
12%
Total Fat
25g
7.5g
11%
Saturated Fat
16g
4.8g
20%
Carbohydrate
22g
6.6g
2%
Sugars
<1g
<1g
0%
Calcium
511mg
153mg
19%
Sodium
614mg
192mg
8%
Energy (Cal)
392Cal
118Cal
* Percentage Daily Intakes are based on an average adult diet of 8700 kJ. Your daily intakes may be higher or lower depending on your energy needs.",,https://www.coles.com.au/product/real-dairy-tasty-cheese-and-crackers-10-pack-300g-6927420,,,2024-06-16T22:22:44.066252-04:00
"Ind53SColes_ADairy, Eggs & Fridge_SACheese_IColes Gourmet Selection Paneer | 200g",Coles Gourmet Selection Paneer | 200g,Coles,"Dairy, Eggs & Fridge",Cheese,Block cheese,,$6.00,,,$30.00 per 1kg,6793651,"Mild in flavour, Paneer is a non-melting set cheese that is perfect for grilling, baking or adding to curries.",,,"Per 100g/ml
Per Serving
%DI
Energy
1267.50
633.75
Protein
21.10
10.55
Total Fat
23.3
11.7
17
Saturated Fat
16.0
8.0
33
Carbohydrate
2.70
1.35
Sugars
1.80
0.90
Sodium
130.00
65.00
Saturated
16.00
8.00
Energy (Cal)
303.23
151.61
Fat
23.30
11.65
Dietary Fibre (total)
0.10
0.05
* Percentage Daily Intakes are based on an average adult diet of 8700 kJ. Your daily intakes may be higher or lower depending on your energy needs.",,https://www.coles.com.au/product/coles-gourmet-selection-paneer-200g-6793651,,,2024-06-16T22:22:56.391499-04:00
"Ind53SColes_ADairy, Eggs & Fridge_SACheese_IPerfect Italiano Parmesan Cheese Block | 200g",Perfect Italiano Parmesan Cheese Block | 200g,Perfect Italiano,"Dairy, Eggs & Fridge",Cheese,Block cheese,,$7.50,,,$37.50 per 1kg,3274068,"Perfect Italiano Cheese Parmesan Block 200g
It's an easy way to add delicious flavour to pasta, salad or risotto.

Medium Flavour

Bold & Distinctive flavour",,,"Per 100g/ml
Per Serving
%DI
Energy
1540kJ
154kJ
2%
Protein
32.1
3.2g
7%
Total Fat
26.8g
2.7g
4%
Saturated Fat
19.5g
1.9g
7%
Carbohydrate
1.0g
LESS THAN 1g
0%
Sugars
LESS THAN 1
LESS THAN 1g
0%
Calcium
977mg
97mg
12% RDI*
Sodium
846mg
85mg
4%
Monounsaturated
0
0
0
Energy (Cal)
0
0
0
Dietary Fibre (total)
0
0
0
Polyunsaturated
0
0
0
Trans
0
0
0
* Percentage Daily Intakes are based on an average adult diet of 8700 kJ. Your daily intakes may be higher or lower depending on your energy needs.",,https://www.coles.com.au/product/perfect-italiano-parmesan-cheese-block-200g-3274068,,,2024-06-16T22:23:08.215735-04:00
"Ind53SColes_ADairy, Eggs & Fridge_SACheese_IColes Pizza Blend Shredded Cheese | 700g",Coles Pizza Blend Shredded Cheese | 700g,Coles,"Dairy, Eggs & Fridge",Cheese,Grated cheese,,$10.00,,,$14.29 per 1kg,1691064,"STRENGTH INDICATOR: 2 MILD A mild blend of three cheeses; ?Mozzarella, Tasty Cheddar & Parmesan. Perfect for baking.",,,"Per 100g/ml
Per Serving
%DI
Energy
1359.97
339.99
Protein
26.16
6.54
Total Fat
24.45
6.11
Saturated Fat
16.70
4.18
Carbohydrate
0.20
0.05
Sugars
0.20
0.05
Calcium
821.00
205.25
Sodium
671.00
167.75
Energy (Cal)
325.35
81.34
Dietary Fibre (total)
0.90
0.23
* Percentage Daily Intakes are based on an average adult diet of 8700 kJ. Your daily intakes may be higher or lower depending on your energy needs.",,https://www.coles.com.au/product/coles-pizza-blend-shredded-cheese-700g-1691064,,,2024-06-16T22:23:19.469741-04:00
"Ind53SColes_ADairy, Eggs & Fridge_SACheese_IYarra Valley Cheese Persian Fetta Dill & Chive | 350g",Yarra Valley Cheese Persian Fetta Dill & Chive | 350g,Yarra Valley,"Dairy, Eggs & Fridge",Cheese,Feta cheese,,$11.40,,,$32.57 per 1kg,4960173,"This could be the most versatile cheese in your fridge. Created using only the finest quality Australian ingredients and premium Victorian milk, our Persian Fetta will not only raise the bar of your cheese platter, it will elevate all of your favourite salads and pasta dishes to next-level delicious -- don't forget to use the oil! Simply perfect piled onto warm, crusty bread or paired with rocket and roasted root vegetables.

Handcrafted on our family-owned farm in the Yarra Valley using the same original recipe since its creation in 1994
Made in Australia

Handcrafted Cow's milk cheese with dill and chives",,,"Per 100g/ml
Per Serving
%DI
Energy
1270
318
Protein
15.5
4
Total Fat
25.8
6.5
Saturated Fat
14.3
3.6
Carbohydrate
2.8
<1
Sugars
1.8
<1
Sodium
420
105
Trans
1.1
<1
* Percentage Daily Intakes are based on an average adult diet of 8700 kJ. Your daily intakes may be higher or lower depending on your energy needs.",,https://www.coles.com.au/product/yarra-valley-cheese-persian-fetta-dill-and-chive-350g-4960173,,,2024-06-16T22:23:30.706899-04:00
"Ind53SColes_ADairy, Eggs & Fridge_SACheese_IMeredith Dairy Marinated Goats Cheese | 100g",Meredith Dairy Marinated Goats Cheese | 100g,Meredith,"Dairy, Eggs & Fridge",Cheese,Specialty & entertaining cheese,,$5.50,,,$55.00 per 1kg,3275901,"Soft goat cheese marinated in a garlic and herb infused edible oils including extra virgin olive oil, our award-winning Marinated Goat Cheese has a refreshing citrus tang and soft, spreadable texture. Our mini Marinated Goat Cheese is perfect for singles, packed work lunches and picnics with crackers and bread.",,,"Per 100g/ml
Per Serving
%DI
Energy
1230
308
Protein
14.0
3.5
Total Fat
25.0
6.25
Saturated Fat
14.0
3.5
Carbohydrate
2.2
0.6
Sugars
2.0
0.5
Sodium
950
238
* Percentage Daily Intakes are based on an average adult diet of 8700 kJ. Your daily intakes may be higher or lower depending on your energy needs.",,https://www.coles.com.au/product/meredith-dairy-marinated-goats-cheese-100g-3275901,,,2024-06-16T22:23:42.189810-04:00
"Ind53SColes_ADairy, Eggs & Fridge_SACheese_IColes Dairy Tasty Light Cheese Block | 1kg",Coles Dairy Tasty Light Cheese Block | 1kg,Coles,"Dairy, Eggs & Fridge",Cheese,Block cheese,,$13.90,,,$13.90 per 1kg,6900933,STRENGTH INDICATOR: 3 mature Matured for a rich & tasty flavour +30% Less Fat than Coles standard Tasty Cheddar,,,"Per 100g/ml
Per Serving
%DI
Energy
1402.80
350.70
Protein
29.70
7.43
Total Fat
24.20
6.05
Saturated Fat
16.60
4.15
Carbohydrate
0.10
0.03
Sugars
0.10
0.03
Calcium
841.00
210.25
Sodium
665.00
166.25
Energy (Cal)
335.60
83.90
Dietary Fibre (total)
0.10
0.03
* Percentage Daily Intakes are based on an average adult diet of 8700 kJ. Your daily intakes may be higher or lower depending on your energy needs.",,https://www.coles.com.au/product/coles-dairy-tasty-light-cheese-block-1kg-6900933,,,2024-06-16T22:23:53.600227-04:00
"Ind53SColes_ADairy, Eggs & Fridge_SACheese_IBio Cheese Grated Parmesano | 125g",Bio Cheese Grated Parmesano | 125g,Bio,"Dairy, Eggs & Fridge",Cheese,Grated cheese,,$8.50,,,$68.00 per 1kg,3844530,"Our authentic-tasting dairy-free Parmesano has that unique hard, gritty texture all-the-while being sharp, fruity and nutty in taste. Now grated for your convenience, this Italian gem is perfect for serving on top of pizzas or pastas or through risottos and soups.
Vegan Friendly

Vegetarian

Gluten Free

Soya Free

Lactose Free

Palm Oil Free.

GMO Free.

Plant-Based Dairy Simulant.",,,"Per 100g/ml
Per Serving
%DI
Energy
1168
117
Protein
1.6
0.16
Total Fat
17
1.7
Saturated Fat
16
1.6
Carbohydrate
30
3
Sugars
0.3
0.03
Sodium
1400
140
Energy (Cal)
279
28
Trans
0.17
0.017
* Percentage Daily Intakes are based on an average adult diet of 8700 kJ. Your daily intakes may be higher or lower depending on your energy needs.",,https://www.coles.com.au/product/bio-cheese-grated-parmesano-125g-3844530,,,2024-06-16T22:24:05.505115-04:00
"Ind53SColes_ADairy, Eggs & Fridge_SACheese_IPhiladelphia Light Cream Cheese Tub | 250g",Philadelphia Light Cream Cheese Tub | 250g,Philadelphia,"Dairy, Eggs & Fridge",Cheese,Cream cheese & spreads,,$4.85,,$5.70,$19.40 per 1kg,350057,"Philadelphia Light Spread is highly versatile and is perfect for lighter snack.  A spread of Philadelphia light cream cheese can elevate everyday snacks to deliciously creamy whether it's on crackers, on your favourite avocado toast or with your healthy vege snacks of carrot sticks
25% less fat than Philadelphia original spread

Deliciously Creamy

Philadelphia is made in Australia since 1956

No artificial colours or flavours

Made with at least 90% Australian ingredients

100% recyclable.",,,"Per 100g/ml
Per Serving
%DI
Energy
712kJ
178kJ
2%
Protein
7.9g
2.0g
4%
Total Fat
13.7g
3.4g
5%
Saturated Fat
9.6g
2.4g
10%
Carbohydrate
4.0g
<1.0g
<1%
Sugars
4.0g
<1.0g
1%
Sodium
260mg
65mg
3%
Monounsaturated
0
0
0
Energy (Cal)
0
0
0
Dietary Fibre (total)
0
0
0
Polyunsaturated
0
0
0
Trans
0
0
0
* Percentage Daily Intakes are based on an average adult diet of 8700 kJ. Your daily intakes may be higher or lower depending on your energy needs.","Milk, Cream (From Milk), Water, Milk Solids, Salt, Vegetable Gums (412, 410), Starter Culture, Processing Aids (Contain Milk).",https://www.coles.com.au/product/philadelphia-light-cream-cheese-tub-250g-350057,,,2024-06-16T22:24:16.777165-04:00
"Ind53SColes_ADairy, Eggs & Fridge_SACheese_IMifroma Le Gruyere Aop | 150g",Mifroma Le Gruyere Aop | 150g,Mifroma,"Dairy, Eggs & Fridge",Cheese,Firm cheese,,$10.00,,,$66.67 per 1kg,5443348,,,,"Per 100g/ml
Per Serving
%DI
Energy
1690kJ
507kJ
Protein
27g
8g
Total Fat
33g
10g
Saturated Fat
21g
6g
Carbohydrate
0.5g
<0.5g
Sugars
0g
0g
Sodium
600mg
180mg
* Percentage Daily Intakes are based on an average adult diet of 8700 kJ. Your daily intakes may be higher or lower depending on your energy needs.",,https://www.coles.com.au/product/mifroma-le-gruyere-aop-150g-5443348,,,2024-06-16T22:24:28.034853-04:00
"Ind53SColes_ADairy, Eggs & Fridge_SA_IMersey Valley Little Entertainer Classic | 80g",Mersey Valley Little Entertainer Classic | 80g,Mersey Valley,"Dairy, Eggs & Fridge",,,,$4.80,Pick any 3 for $12,,$60.00 per 1kg,3276879,"Mersey Valley Classic has a strong cheddar bite with a crumbly, melt in your mouth texture that has you coming back for more. This smaller 80g serving is perfect for cheese boards for smaller groups, or a snack that really hits the spot! Mersey Valley Classic is best paired with tomato relish, gherkins and cold meats, and best served with light craft beer or light red wine.",,,"Per 100g/ml
Per Serving
%DI
Energy
1740kJ
435kJ
0%
Protein
24.8g
6.2g
0%
Total Fat
33g
8.25g
0%
Saturated Fat
21.1g
5.275g
0%
Carbohydrate
1.4g
<1g
0%
Sugars
<1g
<1g
0%
Sodium
762mg
190.5mg
0%
* Percentage Daily Intakes are based on an average adult diet of 8700 kJ. Your daily intakes may be higher or lower depending on your energy needs.",,https://www.coles.com.au/product/mersey-valley-little-entertainer-classic-80g-3276879,,,2024-06-16T22:24:39.061116-04:00
"Ind53SColes_ADairy, Eggs & Fridge_SACheese_IDairylea Regular Cheese Slices 36 Pack | 648g",Dairylea Regular Cheese Slices 36 Pack | 648g,Dairylea,"Dairy, Eggs & Fridge",Cheese,Sliced cheese,,$10.80,,,$16.67 per 1kg,5185821,Dairylea Cheese Slices Original are a delicious source of calcium with no artificial colours or flavours. They're sure to be a hit in sandwiches and wraps!,,,"Per 100g/ml
Per Serving
%DI
Energy
1160kJ
209kJ
2%
Protein
19.8g
3.6g
7%
Total Fat
20.9g
3.8g
5%
Saturated Fat
13.6g
2.5g
10%
Carbohydrate
3.1g
<1.0g
<1%
Sugars
2.4g
<1.0g
<1%
Calcium
800 mg
144 mg
18%
Sodium
1350mg
242mg
11%
* Percentage Daily Intakes are based on an average adult diet of 8700 kJ. Your daily intakes may be higher or lower depending on your energy needs.",,https://www.coles.com.au/product/dairylea-regular-cheese-slices-36-pack-648g-5185821,,,2024-06-16T22:24:50.636890-04:00
"Ind53SColes_ADairy, Eggs & Fridge_SACheese_IColes Parmigiano Reggiano | 250g",Coles Parmigiano Reggiano | 250g,Coles,"Dairy, Eggs & Fridge",Cheese,Block cheese,,$11.40,,,$45.60 per 1kg,8225864,Matured for over 12 months for a sharp & smooth flavour,,,"Per 100g/ml
Per Serving
%DI
Energy
1610
403
5
Protein
33
8.25
Total Fat
28.4
7.1
10
Saturated Fat
20.9
5.2
22
Carbohydrate
0.0g
0.0g
0
Sugars
0
0
Sodium
650
162.5
Saturated
20.9
5.23
Energy (Cal)
386
96
Fat
28.4
7.1
Dietary Fibre (total)
0
0
* Percentage Daily Intakes are based on an average adult diet of 8700 kJ. Your daily intakes may be higher or lower depending on your energy needs.",,https://www.coles.com.au/product/coles-parmigiano-reggiano-250g-8225864,,,2024-06-16T22:25:02.960330-04:00
"Ind53SColes_ADairy, Eggs & Fridge_SACheese_IColes Vintage Cheese & Crackers | 50g",Coles Vintage Cheese & Crackers | 50g,Coles,"Dairy, Eggs & Fridge",Cheese,Cheese snacks,,$1.90,,,$3.80 per 100g,2073071,Coles VINTAGE CHEESE & CRACKERS Delicious slices of Australian vintage cheddar with plain water crackers Vintage 5 Strength 5 Slices & 5 Crackers,,,"Per 100g/ml
Per Serving
%DI
Energy
1671.9
835.95
Protein
20.6
10.3
Total Fat
25.2
12.6
Carbohydrate
21.3
10.65
Sugars
0.8
0.4
Calcium
540
270
Sodium
640
320
Saturated
17.1
8.55
Energy (Cal)
399.98
199.99
Dietary Fibre (total)
3.4
1.7
Trans
1
0.5
* Percentage Daily Intakes are based on an average adult diet of 8700 kJ. Your daily intakes may be higher or lower depending on your energy needs.","INGREDIENTS: Cheese (67%) [Milk, Salt, Starter Culture, Enzyme (Vegetarian Rennet)], Crackers (33%) [Wheat Flour, Vegetable Fats and Oils (contains Palm Oil, Antioxidant (307b)), Salt, Raising Agent (500)].",https://www.coles.com.au/product/coles-vintage-cheese-and-crackers-50g-2073071,,,2024-06-16T22:25:15.509897-04:00
"Ind53SColes_ADairy, Eggs & Fridge_SACheese_IJindi Triple Cream Brie | 180g",Jindi Triple Cream Brie | 180g,Jindi,"Dairy, Eggs & Fridge",Cheese,Brie & soft cheese,,$8.50,,,$47.22 per 1kg,8118740,"Jindi - Makers of award winning cheese. Jindi Triple Cream Brie is a rich and indulgent cheese with a butter-like texture that melts in your mouth. Beneath the white mould bloom lies a glorious golden interior. Crafted locally in Gippsland, Victoria. 

To your taste: This Triple Cream Brie will conitinue to mature naturally and will reach its fullest flavour and softness towards the end of its shelf life. Consumer earlier for a milder, firmer cheese. 
 Crafted locally in Gippsland, Victoria

Suitable for vegetarians",,,"Per 100g/ml
Per Serving
%DI
Energy
1700kJ
510kJ
Protein
14.4g
4.3g
Total Fat
39.0g
11.7g
Saturated Fat
27.0g
8.1g
Carbohydrate
1g
Less than 1g
Sugars
Less than 1g
Less than 1g
Sodium
580mg
174mg
* Percentage Daily Intakes are based on an average adult diet of 8700 kJ. Your daily intakes may be higher or lower depending on your energy needs.","Pasteurised Cow's Milk, Cream (min 14%) (from Milk), Salt, Starter Cultures( from Milk),Rennet (Vegetarian).",https://www.coles.com.au/product/jindi-triple-cream-brie-180g-8118740,,,2024-06-16T22:25:26.798767-04:00
"Ind53SColes_ADairy, Eggs & Fridge_SADairy, chilled & frozen_IUnicorn Selections Truffle Brie | 125g",Unicorn Selections Truffle Brie | 125g,Unicorn,"Dairy, Eggs & Fridge","Dairy, chilled & frozen",Cheese & desserts,,$5.50,,,"$44.00 per 1kg
Was $6.50 on Apr 2024",4357524,Handcrafted in Shoalhaven and infused with the earthy and aromatic flavours of Black Winter and Summer Truffle - grown in Western Australia. Unicorn Selections Truffle Brie is truly decadent with a buttery finish.,,,"Per 100g/ml
Per Serving
%DI
Energy
1170kJ
293kJ
Protein
13.6g
3.4g
Total Fat
22.8g
5.7g
Saturated Fat
15.4g
3.9g
Carbohydrate
5.6g
1.4g
Sugars
1.2g
<1g
Sodium
566mg
142mg
* Percentage Daily Intakes are based on an average adult diet of 8700 kJ. Your daily intakes may be higher or lower depending on your energy needs.",,https://www.coles.com.au/product/unicorn-selections-truffle-brie-125g-4357524,,,2024-06-16T22:25:38.393930-04:00
"Ind53SColes_ADairy, Eggs & Fridge_SACheese_IAshgrove Taste of Tassie Cheese Selection | 250g",Ashgrove Taste of Tassie Cheese Selection | 250g,Ashgrove,"Dairy, Eggs & Fridge",Cheese,Pates & platters,,$15.00,,,$60.00 per 1kg,7164141,"5-in-1 Tasmanian Selection

Savour this mini yet mighty cheese selection on your own or with a crowd. Pair with crisp apple slices, sea salt crackers and your favourite dip. 

Grass, Cow, You.",,,"Per 100g/ml
Per Serving
%DI
Energy
1700kJ
340kJ
Protein
25.0g
5.0g
Total Fat
33.9g
6.8g
Saturated Fat
23.2g
4.6g
Carbohydrate
1.0g
0.2g
Sugars
0.4g
0.1g
Sodium
649mg
130mg
* Percentage Daily Intakes are based on an average adult diet of 8700 kJ. Your daily intakes may be higher or lower depending on your energy needs.","Cheddar Ingredients: Pasteurised Cow's Milk, Salt, Non-Animal Rennet, Culture. Wasabi Ingredients: Pasteurised Cow's Milk. Salt, Preservative (200), Non-Animal Rennet, Wasabi (0.1%), Vegetable Oil, Natural Mustard Extract, Colour (160b). Culture. Smoked Cheddar Ingredients: Pasteurised Cow's Milk, Salt, Non-Animal Rennet, Culture, Natural Wood Smoke. Bush Pepper Ingredients: Pasteurised Cow's Milk, Salt, Tasmanian Native Pepper (0.4%), Non-Animal Rennet, Culture. Rubicon Red Ingredients: Pasteurised Cow's Milk. Salt. Colour (160b), Non-Animal Rennet. Culture.",https://www.coles.com.au/product/ashgrove-taste-of-tassie-cheese-selection-250g-7164141,,,2024-06-16T22:25:50.953018-04:00
"Ind53SColes_ADairy, Eggs & Fridge_SACheese_IBega Easy Melt Colby Block | 500g",Bega Easy Melt Colby Block | 500g,Bega,"Dairy, Eggs & Fridge",Cheese,Block cheese,,$10.50,,,$21.00 per 1kg,1446242,Bega Cheese Easy Melt Colby Block 500g,,,"Per 100g/ml
Per Serving
%DI
Energy
1680kJ
420kJ
5%
Protein
23.3g
5.8g
12%
Total Fat
34.5g
8.6g
12%
Saturated Fat
20.8g
5.2g
22%
Carbohydrate
LESS THAN 1g
LESS THAN 1g
0%
Sugars
LESS THAN 1g
LESS THAN 1g
0%
Calcium
720mg
180mg (23% RDI*)
Sodium
692mg
173mg
8%
* Percentage Daily Intakes are based on an average adult diet of 8700 kJ. Your daily intakes may be higher or lower depending on your energy needs.",,https://www.coles.com.au/product/bega-easy-melt-colby-block-500g-1446242,,,2024-06-16T22:26:03.503107-04:00
"Ind53SColes_ADairy, Eggs & Fridge_SADairy, chilled & frozen_IColes Dairy Shredded Tasty Cheese | 250g",Coles Dairy Shredded Tasty Cheese | 250g,Coles,"Dairy, Eggs & Fridge","Dairy, chilled & frozen",Cheese & desserts,,$5.00,,,"$20.00 per 1kg
Was $5.50 on Apr 2024",5432830,"Strength Indicator3 matureWith a rich and tasty flavour, ideal for melting on pizza or baked potato.",,,"Per 100g/ml
Per Serving
%DI
Energy
1732.9
433.23
Protein
24.6
6.15
Carbohydrate
0.1
0.03
Sugars
0.1
0.03
Calcium
687
171.75
Sodium
675
168.75
Saturated
25.3
6.33
Energy (Cal)
414.57
103.64
Fat
35.4
8.85
Dietary Fibre (total)
0.4
0.1
* Percentage Daily Intakes are based on an average adult diet of 8700 kJ. Your daily intakes may be higher or lower depending on your energy needs.",,https://www.coles.com.au/product/coles-dairy-shredded-tasty-cheese-250g-5432830,,,2024-06-16T22:26:14.801676-04:00
"Ind53SColes_ADairy, Eggs & Fridge_SACheese_IJarlsberg Original Cheese Block | 500g",Jarlsberg Original Cheese Block | 500g,Jarlsberg,"Dairy, Eggs & Fridge",Cheese,Cheddar & tasty cheese,,$18.00,,,$36.00 per 1kg,9728532,"Jarlsberg is made with a secret recipe since 1956, and generations of know-how.
A semi-soft, Swiss style cheese that is famous for its distinctive sweet and nutty taste with large, round holes.
Low in lactose and gluten free.
Cheese Type: Semi-Soft, Swiss Style
Milk: Cow
Origin: Ireland
Serving Suggestion: A versatile cheese - perfect for cheeseboards, toasties or sandwiches.
Wine Pairing: Chardonnay or Pinot Noir",,,,,https://www.coles.com.au/product/jarlsberg-original-cheese-block-500g-9728532,,,2024-06-16T22:26:25.747029-04:00
"Ind53SColes_ADairy, Eggs & Fridge_SACheese_IColes Colby Cheese Block | 250g",Coles Colby Cheese Block | 250g,Coles,"Dairy, Eggs & Fridge",Cheese,Block cheese,,$6.00,,,$24.00 per 1kg,1413298,"Coles Dairy 250g Australian Colby cheese block. A mild and creamy flavour with a strength indicator of 2, perfect for slicing, cooking or melting.",,,"Per 100g/ml
Per Serving
%DI
Energy
1624.60
406.15
Protein
22.80
5.70
Carbohydrate
0.10
0.03
Sugars
0.10
0.03
Calcium
708.00
177.00
Saturated
23.90
5.98
Energy (Cal)
388.66
97.17
Fat
33.30
8.33
Dietary Fibre (total)
0.40
0.10
* Percentage Daily Intakes are based on an average adult diet of 8700 kJ. Your daily intakes may be higher or lower depending on your energy needs.",,https://www.coles.com.au/product/coles-colby-cheese-block-250g-1413298,,,2024-06-16T22:26:37.951749-04:00
"Ind53SColes_ADairy, Eggs & Fridge_SACheese_IMainland Extra Tasty Cheddar Cheese Block | 500g",Mainland Extra Tasty Cheddar Cheese Block | 500g,Mainland,"Dairy, Eggs & Fridge",Cheese,Block cheese,,$10.00,,,$20.00 per 1kg,3308421,Mainland Cheese Extra Tasty Block 500g,,,"Per 100g/ml
Per Serving
%DI
Energy
1800 kJ
450 kJ
5%
Protein
23.3 g
5.8 g
12%
Total Fat
37.4 g
9.4 g
13%
Saturated Fat
22.5 g
5.6 g
23%
Carbohydrate
LESS THAN 1 g
LESS THAN 1 g
0%
Sugars
LESS THAN 1 g
LESS THAN 1 g
0%
Calcium
760 mg
190 mg
24% RDI*
Sodium
696 mg
174 mg
* Percentage Daily Intakes are based on an average adult diet of 8700 kJ. Your daily intakes may be higher or lower depending on your energy needs.",,https://www.coles.com.au/product/mainland-extra-tasty-cheddar-cheese-block-500g-3308421,,,2024-06-16T22:26:49.539652-04:00
"Ind53SColes_ADairy, Eggs & Fridge_SACheese_IColes Vintage Cheese & Crackers 4 Pack | 120g",Coles Vintage Cheese & Crackers 4 Pack | 120g,Coles,"Dairy, Eggs & Fridge",Cheese,Cheese snacks,,$4.40,,,$3.67 per 100g,2989039,Coles VINTAGE CHEESE & CRACKERS Three slices of Australian vintage cheddar & three water crackers in each pack Vintage 5 Strength 4 PACK,,,"Per 100g/ml
Per Serving
%DI
Energy
1671.9
501.57
Protein
20.6
6.18
Total Fat
25.2
7.56
Carbohydrate
21.3
6.39
Sugars
0.8
0.24
Calcium
540
162
Sodium
640
192
Saturated
17.1
5.13
Energy (Cal)
399.98
119.99
Dietary Fibre (total)
3.4
1.02
Trans
1
0.3
* Percentage Daily Intakes are based on an average adult diet of 8700 kJ. Your daily intakes may be higher or lower depending on your energy needs.",,https://www.coles.com.au/product/coles-vintage-cheese-and-crackers-4-pack-120g-2989039,,,2024-06-16T22:27:01.174647-04:00
"Ind53SColes_ADairy, Eggs & Fridge_SACheese_IThe Organic Milk Co Organic Cheddar Slices | 250g",The Organic Milk Co Organic Cheddar Slices | 250g,The Organic Milk Co,"Dairy, Eggs & Fridge",Cheese,Sliced cheese,,$7.50,,,$30.00 per 1kg,4380865,"Our products start with a passion for quality, organic milk. No additives, antibiotics or GMOs.

Our Organic Cheddar is aged up to 12 months and selected when the flavour has developed a hint of sharpness and a smooth texture. A versatile all rounder, sure to please the whole family.",,,"Per 100g/ml
Per Serving
%DI
Energy
1660
349
Protein
25.4
5.33
Total Fat
33.0
6.93
Saturated Fat
21.5
4.52
Carbohydrate
<1.0g
<1.0g
Sugars
<1.0g
<1.0g
Sodium
655
138
* Percentage Daily Intakes are based on an average adult diet of 8700 kJ. Your daily intakes may be higher or lower depending on your energy needs.",,https://www.coles.com.au/product/the-organic-milk-co-organic-cheddar-slices-250g-4380865,,,2024-06-16T22:27:12.453399-04:00
"Ind53SColes_ADairy, Eggs & Fridge_SACheese_IBabybel Mini Cheese Original Protein 5 Pack | 100g",Babybel Mini Cheese Original Protein 5 Pack | 100g,Babybel,"Dairy, Eggs & Fridge",Cheese,Cheese snacks,,$6.25,,,$62.50 per 1kg,4379844,,,,,,https://www.coles.com.au/product/babybel-mini-cheese-original-protein-5-pack-100g-4379844,,,2024-06-16T22:27:21.608389-04:00
"Ind53SColes_ADairy, Eggs & Fridge_SACheese_ICremeux Truffle Brie | 180g",Cremeux Truffle Brie | 180g,Cremeux,"Dairy, Eggs & Fridge",Cheese,Brie & soft cheese,,$10.00,,,$55.56 per 1kg,3885866,"Cremeux Truffle Brie 180g. Infused with the deep earthy flavour of truffle, this cheese will make you feel like you are eating brie in luxury. This cheese is for any cheese-lover who wants to get that stronger burst of flavour from their brie!",,,,"Cow's Milk, Cream, Non-Animal Rennet, Truffle 0.02% (Truffle & Truffle Flavour), Cultures, Salt",https://www.coles.com.au/product/cremeux-truffle-brie-180g-3885866,,,2024-06-16T22:27:30.816522-04:00
"Ind53SColes_ADairy, Eggs & Fridge_SACheese_IColes Dairy Tasty Lite Cheese Block | 250g",Coles Dairy Tasty Lite Cheese Block | 250g,Coles,"Dairy, Eggs & Fridge",Cheese,Block cheese,,$6.00,,,$24.00 per 1kg,5236004,STRENGTH INDICATOR: 3 mature Matured for a rich & tasty flavour +30% Less Fat than Coles standard Tasty Cheddar.,,,"Per 100g/ml
Per Serving
%DI
Energy
1405.20
351.30
Protein
29.70
7.43
Total Fat
24.20
6.05
Saturated Fat
16.60
4.15
Carbohydrate
0.10
0.03
Sugars
0.10
0.03
Calcium
841.00
210.25
Sodium
665.00
166.25
Energy (Cal)
336.17
84.04
Dietary Fibre (total)
0.40
0.10
* Percentage Daily Intakes are based on an average adult diet of 8700 kJ. Your daily intakes may be higher or lower depending on your energy needs.",,https://www.coles.com.au/product/coles-dairy-tasty-lite-cheese-block-250g-5236004,,,2024-06-16T22:27:42.006717-04:00
"Ind53SColes_ADairy, Eggs & Fridge_SACheese_IJindi Camembert | 125g",Jindi Camembert | 125g,Jindi,"Dairy, Eggs & Fridge",Cheese,Brie & soft cheese,,$4.00,,$5.50,$32.00 per 1kg,6139320,"Crafted locally in Gippsland, Victoria.

To your taste: This Camembert will continue to mature naturally and will reach its fullest flavour and softness towards the end of its shelf life. Consume earlier for a milder, firmer cheese.

Suitable for vegetarians.
Crafted locally in Gippsland, Victoria

Suitable for vegetarians",,,"Per 100g/ml
Per Serving
%DI
Energy
1300 kJ
325 kJ
Protein
19.7 g
4.9 g
Total Fat
25.5 g
6.4 g
Saturated Fat
17.5 g
4.4 g
Carbohydrate
1.1 g
Less than 1 g
Sugars
Less than 1 g
Less than 1 g
Sodium
467 mg
117 mg
Energy (Cal)
311 Cal
78 Cal
* Percentage Daily Intakes are based on an average adult diet of 8700 kJ. Your daily intakes may be higher or lower depending on your energy needs.","Pasteurised Cow's Milk, Salt, Cultures (from Milk), Rennet (Vegetarian).",https://www.coles.com.au/product/jindi-camembert-125g-6139320,,,2024-06-16T22:27:54.440262-04:00
"Ind53SColes_ADairy, Eggs & Fridge_SACheese_IMil Lel Parmesan Cheese Block | 250g",Mil Lel Parmesan Cheese Block | 250g,Mil Lel,"Dairy, Eggs & Fridge",Cheese,Block cheese,,$10.45,,,$41.80 per 1kg,3274603,Our MIL LEL Parmesan is expertly crafted from the finest ingredients. This award winning full-flavoured robust cheese is perfect addition to any occasion or meal.,,,"Per 100g/ml
Per Serving
%DI
Energy
1540kJ
385kJ
0%
Protein
31.3g
7.8g
0%
Total Fat
26.8g
6.7g
0%
Saturated Fat
17.4g
4.4g
0%
Carbohydrate
<1g
<1g
0%
Sugars
<1g
<1g
0%
Calcium
1540mg
385mg
48%
Sodium
1120mg
280mg
0%
* Percentage Daily Intakes are based on an average adult diet of 8700 kJ. Your daily intakes may be higher or lower depending on your energy needs.","Natural Parmesan Cheese. Ingredients- Pasteurised Milk, Salt, Mineral Salt (509), Starter Culture, Enzymes (Animal Lipase), Preservatatives (1105, 235) (Contains Egg Protein)",https://www.coles.com.au/product/mil-lel-parmesan-cheese-block-250g-3274603,,,2024-06-16T22:28:05.842797-04:00
"Ind53SColes_ADairy, Eggs & Fridge_SACheese_IPhiladelphia Light Cream For Cooking | 240mL",Philadelphia Light Cream For Cooking | 240mL,Philadelphia,"Dairy, Eggs & Fridge",Cheese,Cream cheese & spreads,,$3.30,,,$1.38 per 100mL,6131497,"1 cup cooking Philadelphia = 1 cup cream

Philadelphia cooking cream has 60% less fat than regular cream. Philadelphia is uniquely deliciously creamy and made with fresh Australian milk.  It is perfect for a creamy pasta, creamy chicken pie, mushroom sauce, creamy potato mash or simply any savoury dish that you want to elevate with cheesy and creamy flavour. 

Phialdelphia cooking cream does not whip. 

 Easily Heated

Unlikely to Curdle

60% less fat than regular cream

Deliciously Creamy

Philadelphia is made in Australia since 1956

No artificial colours or flavours.

Made with at least 90% Australian ingredients.

100% recyclable.",,,"Per 100g/ml
Per Serving
%DI
Energy
728kJ
182kJ
2%
Protein
3.9g
<1.0g
2%
Total Fat
12.6g
3.2g
5%
Saturated Fat
8.8g
2.2g
9%
Carbohydrate
11.4g
2.9g
1%
Sugars
1.3g
<1.0g
<1%
Sodium
296mg
74mg
3%
Monounsaturated
0
0
0
Energy (Cal)
0
0
0
Dietary Fibre (total)
0
0
0
Polyunsaturated
0
0
0
Trans
0
0
0
* Percentage Daily Intakes are based on an average adult diet of 8700 kJ. Your daily intakes may be higher or lower depending on your energy needs.",,https://www.coles.com.au/product/philadelphia-light-cream-for-cooking-240ml-6131497,,,2024-06-16T22:28:17.618518-04:00
"Ind53SColes_ADairy, Eggs & Fridge_SACheese_IMainland Cheese On The Go Lunch Caramelised Onion | 110g",Mainland Cheese On The Go Lunch Caramelised Onion | 110g,Mainland,"Dairy, Eggs & Fridge",Cheese,Cheese snacks,,$5.50,,,$5.00 per 100g,2984228,Mainland Cheese On The Go Lunch Caramelised Onion 110g,,,"Per 100g/ml
Per Serving
%DI
Energy
1560kJ
1710kJ
20%
Protein
12.6g
13.9g
28%
Total Fat
20.8g
22.9g
33%
Saturated Fat
11.5g
12.7g
53%
Carbohydrate
32.7g
36.0g
12%
Sugars
12.4g
13.6g
15%
Calcium
276mg
304mg
38% RDI*
Sodium
672mg
739mg
32%
Energy (Cal)
37Cal
409Cal
* Percentage Daily Intakes are based on an average adult diet of 8700 kJ. Your daily intakes may be higher or lower depending on your energy needs.","Tasty Cheddar Cheese (36%) (Milk, Salt, Cultures, Enzyme (Non-Animal Rennet)), Wheat Crackers (36%) (Wheat Flour, Wheat Bran, Vegetable Shortening (Emulsifier (322) (From Soy), Antioxidant (3070, Acidity Regulator (330)), Sugar, Raising Agents (503, 500, 450), Glucose, Salt), Caramelised Onion Relish (28%) (Onion (40%), Sugar, Vinegar, Molasses, Malt Extract, Thickeners (1442, 440), Sea Salt, Herbs, Spices).",https://www.coles.com.au/product/mainland-cheese-on-the-go-lunch-caramelised-onion-110g-2984228,,,2024-06-16T22:28:28.870359-04:00
"Ind53SColes_ADairy, Eggs & Fridge_SACheese_IMersey Valley Jalapeno Vintage Cheddar | 80g",Mersey Valley Jalapeno Vintage Cheddar | 80g,Mersey Valley,"Dairy, Eggs & Fridge",Cheese,Cheddar & tasty cheese,,$4.80,Pick any 3 for $12,,$60.00 per 1kg,6846860,,,,,,https://www.coles.com.au/product/mersey-valley-jalapeno-vintage-cheddar-80g-6846860,,,2024-06-16T22:28:39.141570-04:00
"Ind53SColes_ADairy, Eggs & Fridge_SAPrimo_IPrimo Stacker Mild Salami Cheese & Crackers | 50g",Primo Stacker Mild Salami Cheese & Crackers | 50g,Primo,"Dairy, Eggs & Fridge",Primo,Crackers & Snacks,,$4.50,,,$9.00 per 100g,3755430,Primo Stackers Mild Salami Cheddar Cheese & Crackers is a source of protein and has no artificial colours or flavours. Perfect for a quick snack.,,,"Per 100g/ml
Per Serving
%DI
Energy
1640kJ
818kJ
9%
Protein
20.3g
10.1g
20%
Total Fat
27g
13.5g
19%
Saturated Fat
13.6g
6.8g
28%
Carbohydrate
16.3g
8.2g
3%
Sugars
1.1%
Less than 1g
<1%
Sodium
1070mg
535mg
23%
* Percentage Daily Intakes are based on an average adult diet of 8700 kJ. Your daily intakes may be higher or lower depending on your energy needs.",,https://www.coles.com.au/product/primo-stacker-mild-salami-cheese-and-crackers-50g-3755430,,,2024-06-16T22:28:50.367288-04:00
"Ind53SColes_ADairy, Eggs & Fridge_SACheese_IVagne Comte 8 Months | 175g",Vagne Comte 8 Months | 175g,Vagne,"Dairy, Eggs & Fridge",Cheese,Cheddar & tasty cheese,,$10.70,,,$61.15 per 1kg,5443315,,,,,,https://www.coles.com.au/product/vagne-comte-8-months-175g-5443315,,,2024-06-16T22:29:00.540552-04:00
"Ind53SColes_ADairy, Eggs & Fridge_SACheese_IBabybel Mini Cheese Original | 100g",Babybel Mini Cheese Original | 100g,Babybel,"Dairy, Eggs & Fridge",Cheese,Cheese snacks,,$6.25,,,$62.50 per 1kg,6165014,"Mild, creamy and delicious, Original Mini Babybel makes snack time a tasty adventure.This 100% real cheese snack has no artificial growth hormones*, artificial colours, flavours, or preservatives.Pair it with your favourite crackers or pretzel for a creamy, crunchy duo.",,,,,https://www.coles.com.au/product/babybel-mini-cheese-original-100g-6165014,,,2024-06-16T22:29:09.583452-04:00
"Ind53SColes_ADairy, Eggs & Fridge_SACheese_IColes Cheese Shredded Tasty | 700g",Coles Cheese Shredded Tasty | 700g,Coles,"Dairy, Eggs & Fridge",Cheese,Grated cheese,,$9.50,,,$13.57 per 1kg,8145335,"Matured for a rich & tasty flavour, perfect for baking and cooking. Made with Australian milk.",,,"Per 100g/ml
Per Serving
%DI
Energy
1732.9
433.23
Protein
24.6
6.15
Carbohydrate
0.1
0.03
Sugars
0.1
0.03
Calcium
687
171.75
Sodium
675
168.75
Saturated
25.3
6.33
Energy (Cal)
414.57
103.64
Fat
35.4
8.85
Dietary Fibre (total)
0.4
0.1
* Percentage Daily Intakes are based on an average adult diet of 8700 kJ. Your daily intakes may be higher or lower depending on your energy needs.",,https://www.coles.com.au/product/coles-cheese-shredded-tasty-700g-8145335,,,2024-06-16T22:29:21.187417-04:00
"Ind53SColes_ADairy, Eggs & Fridge_SACheese_IMersey Valley Salt & Vinegar Cheddar | 235g",Mersey Valley Salt & Vinegar Cheddar | 235g,Mersey Valley,"Dairy, Eggs & Fridge",Cheese,Cheddar & tasty cheese,,$7.00,,$9.95,$29.79 per 1kg,6846554,,,,,,https://www.coles.com.au/product/mersey-valley-salt-and-vinegar-cheddar-235g-6846554,,,2024-06-16T22:29:30.195164-04:00
"Ind53SColes_ADairy, Eggs & Fridge_SACheese_IDairylea Less Fat Light Cheese Slices 24 Pack | 432g",Dairylea Less Fat Light Cheese Slices 24 Pack | 432g,Dairylea,"Dairy, Eggs & Fridge",Cheese,Sliced cheese,,$8.00,,$9.00,$18.52 per 1kg,6679678,Dairylea Slices Light are a delicious source of calcium with no artificial colours or flavours. They're sure to be a hit in your wraps and sandwiches!,,,"Per 100g/ml
Per Serving
%DI
Energy
911kJ
165kJ
2%
Protein
19.1g
3.4g
7%
Total Fat
15.4g
2.8g
4%
Saturated Fat
10.0g
1.8g
8%
Carbohydrate
1.0g
<1.0g
<1%
Sugars
<1.0g
<1.0g
<1%
Calcium
800 mg
144 mg
18%
Sodium
1380mg
249mg
11%
* Percentage Daily Intakes are based on an average adult diet of 8700 kJ. Your daily intakes may be higher or lower depending on your energy needs.","CHEESE (MINIMUM 41%), (MILK, SALT, STARTER CULTURE, ENZYMES), WATER, MILK SOLIDS, MINERAL SALTS (331, 339, 341), FOOD ACID (270), SALT, BUTTER OR CREAM (FROM MILK) OR MILK FAT, PRESERVATIVE (200), COLOUR (160b).",https://www.coles.com.au/product/dairylea-less-fat-light-cheese-slices-24-pack-432g-6679678,,,2024-06-16T22:29:41.924415-04:00
"Ind53SColes_ADairy, Eggs & Fridge_SACheese_IColes Dairy Vintage Cheese Slices 12 Pack | 250g",Coles Dairy Vintage Cheese Slices 12 Pack | 250g,Coles,"Dairy, Eggs & Fridge",Cheese,Sliced cheese,,$6.00,,,$24.00 per 1kg,5726058,Made with Australian milkVINTAGE5STRENGTH,,,"Per 100g/ml
Per Serving
%DI
Energy
1730.5
363.41
Protein
24.6
5.17
Carbohydrate
0.1
0.02
Sugars
0.1
0.02
Calcium
687
144.27
Sodium
675
141.75
Saturated
25.3
5.31
Energy (Cal)
414
86.94
Fat
35.4
7.43
Dietary Fibre (total)
0.1
0.02
* Percentage Daily Intakes are based on an average adult diet of 8700 kJ. Your daily intakes may be higher or lower depending on your energy needs.","INGREDIENTS: Milk, Salt, Mineral Salt (509), Cultures (Milk), Enzyme (Vegetarian Rennet).",https://www.coles.com.au/product/coles-dairy-vintage-cheese-slices-12-pack-250g-5726058,,,2024-06-16T22:29:53.010194-04:00
"Ind53SColes_ADairy, Eggs & Fridge_SACheese_IRiverina Haloumi | 900g",Riverina Haloumi | 900g,Riverina,"Dairy, Eggs & Fridge",Cheese,Gourmet Cheese,,$18.00,,$21.00,$20.00 per 1kg,3757163,"Award Winning, 100% Australian Owned Haloumi!

Our Haloumi is made using the highest quality milk from our own farm, situated on the fertile banks of the Murray River at Corowa, NSW.

Haloumi Cheese is a semi-hard stretched curd cheese. It has a high melting point, so can easily be fried or grilled without melting. Its salty flavour and unique texture is delicious when barbequed, with a squeeze of lemon or added to salads or skewers, along with vegetables and meat. Larger cut slices are great on burgers or it can be used in baking as a grated cheese on potatoes or pizzas. Endless possibilities!
100% Australian Owned & Made

All Natural Ingredients

Milk from our own farm

Award Winning

Source of Protein

Suitable for Vegetarians.",,,"Per 100g/ml
Per Serving
%DI
Energy
1240kJ
310kJ
Protein
19.1g
4.8g
Total Fat
22.8g
5.7g
Saturated Fat
15.4g
3.9g
Carbohydrate
4g
1g
Sugars
2.3g
0.6g
Sodium
1140mg
285mg
* Percentage Daily Intakes are based on an average adult diet of 8700 kJ. Your daily intakes may be higher or lower depending on your energy needs.",,https://www.coles.com.au/product/riverina-haloumi-900g-3757163,,,2024-06-16T22:30:04.142705-04:00
"Ind53SColes_ADairy, Eggs & Fridge_SACheese_IBega Cheese Strong & Bitey Vintage Grated | 250g",Bega Cheese Strong & Bitey Vintage Grated | 250g,Bega,"Dairy, Eggs & Fridge",Cheese,Grated cheese,,$7.50,,,$30.00 per 1kg,4209550,"What makes Bega... Bega?
Over 100 years of dairying heritage resulting in the unique Bega taste you know and love.",,,"Per 100g/ml
Per Serving
%DI
Energy
1720kJ
430kJ
5%
Protein
24.2g
6.1g
12%
Total Fat
35.3g
8.8g
13%
Saturated Fat
21.3g
5.3g
22%
Carbohydrate
Less than 1g
Less than 1g
0%
Sugars
Less than 1g
Less than 1g
0%
Sodium
720mg
180mg
8%
* Percentage Daily Intakes are based on an average adult diet of 8700 kJ. Your daily intakes may be higher or lower depending on your energy needs.","Cheddar Cheese [Milk, Salt, Cultures, Enzyme (Non-Animal Rennet)], Anticaking Agent (460), Preservative (200).",https://www.coles.com.au/product/bega-cheese-strong-and-bitey-vintage-grated-250g-4209550,,,2024-06-16T22:30:16.697562-04:00
"Ind53SColes_ADairy, Eggs & Fridge_SACheese_IBega Tasty Cheese Grated | 250g",Bega Tasty Cheese Grated | 250g,Bega,"Dairy, Eggs & Fridge",Cheese,Grated cheese,,$7.50,,,$30.00 per 1kg,4209549,Bega Cheese Tasty Grated 250g,,,"Per 100g/ml
Per Serving
%DI
Energy
1720kJ
430kJ
5%
Protein
24.2g
6.1g
12%
Total Fat
35.3g
8.8g
13%
Saturated Fat
21.3g
5.3g
22%
Carbohydrate
Less than 1g
Less than 1g
0%
Sugars
Less than 1g
Less than 1g
0%
Calcium
660mg
165mg
Sodium
720mg
180mg
8%
* Percentage Daily Intakes are based on an average adult diet of 8700 kJ. Your daily intakes may be higher or lower depending on your energy needs.",,https://www.coles.com.au/product/bega-tasty-cheese-grated-250g-4209549,,,2024-06-16T22:30:28.588713-04:00
"Ind53SColes_ADairy, Eggs & Fridge_SA_IUnicorn Classic Camembert | 125g",Unicorn Classic Camembert | 125g,Unicorn,"Dairy, Eggs & Fridge",,,,$5.00,,,"$40.00 per 1kg
Was $6.00 on Apr 2024",5094125,"Ready to eat fully matured, soft & creamy cheese.",,,,"Milk, Cream (From Milk), Salt, Starter Cultures, Enzyme (Non Animal Rennet)",https://www.coles.com.au/product/unicorn-classic-camembert-125g-5094125,,,2024-06-16T22:30:38.488692-04:00
"Ind53SColes_ADairy, Eggs & Fridge_SACheese_IColes Spreadable Light Cream Cheese Tub | 250g",Coles Spreadable Light Cream Cheese Tub | 250g,Coles,"Dairy, Eggs & Fridge",Cheese,Cream cheese & spreads,,$2.90,,,$11.60 per 1kg,8588926,"Coles Spreadable Light Cream Cheese Tub, 250g. Made with Australian milk. Smooth and creamy, perfect for bagels and sandwiches.",,,"Per 100g/ml
Per Serving
%DI
Energy
686.90
171.73
Protein
9.60
2.40
Carbohydrate
3.80
0.95
Sugars
2.90
0.73
Calcium
102.00
25.50
Sodium
167.00
41.75
Saturated
8.70
2.18
Energy (Cal)
164.33
41.08
Fat
12.30
3.08
Dietary Fibre (total)
0.50
0.13
* Percentage Daily Intakes are based on an average adult diet of 8700 kJ. Your daily intakes may be higher or lower depending on your energy needs.","INGREDIENTS: Skimmed Milk, Milk, Cream (Milk), Salt, Thickener (410), Stabiliser (412), Starter Culture (Milk), Vegetarian Rennet.",https://www.coles.com.au/product/coles-spreadable-light-cream-cheese-tub-250g-8588926,,,2024-06-16T22:30:51.133009-04:00
"Ind53SColes_ADairy, Eggs & Fridge_SACheese_IMainland On The Go Tasty Cheese & Cranberry Sunflower Crackers | 38g",Mainland On The Go Tasty Cheese & Cranberry Sunflower Crackers | 38g,Mainland,"Dairy, Eggs & Fridge",Cheese,Cheese snacks,,$3.00,Pick any 2 for $5,,$7.89 per 100g,3576103,Mainland On The Go Tasty Cheese Cranberry & Sunflower Crackers 38g,,,"Per 100g/ml
Per Serving
%DI
Energy
1730kJ
657kJ
Protein
20.1g
7.6g
Total Fat
27.6g
10.5g
Saturated Fat
16.4g
6.2g
Carbohydrate
20.4g
7.8g
Sugars
6.9g
2.6g
Calcium
524mg
199mg
Sodium
733mg
278mg
* Percentage Daily Intakes are based on an average adult diet of 8700 kJ. Your daily intakes may be higher or lower depending on your energy needs.",,https://www.coles.com.au/product/mainland-on-the-go-tasty-cheese-and-cranberry-sunflower-crackers-38g-3576103,,,2024-06-16T22:31:02.023089-04:00
"Ind53SColes_ADairy, Eggs & Fridge_SACheese_IColes Mascarpone | 250g",Coles Mascarpone | 250g,Coles,"Dairy, Eggs & Fridge",Cheese,Brie & soft cheese,,$4.80,,,$19.20 per 1kg,2212600,Coles dairy 250g soft and creamy mascarpone. Perfect for crafting any Italian dish and especially for delicious desserts.,,,"Per 100g/ml
Per Serving
%DI
Energy
1815.20
453.80
5
Protein
1.80
0.45
1
Total Fat
46.33
11.58
17
Saturated Fat
32.70
8.18
34
Carbohydrate
3.67
0.92
0
Sugars
2.30
0.58
1
Sodium
21.00
5.25
0
Energy (Cal)
434.26
108.56
Dietary Fibre (total)
1.00
0.25
1
* Percentage Daily Intakes are based on an average adult diet of 8700 kJ. Your daily intakes may be higher or lower depending on your energy needs.",,https://www.coles.com.au/product/coles-mascarpone-250g-2212600,,,2024-06-16T22:31:14.404274-04:00
"Ind53SColes_ADairy, Eggs & Fridge_SACheese_IThe Organic Milk Co Organic Cheddar Block | 400g",The Organic Milk Co Organic Cheddar Block | 400g,The Organic Milk Co,"Dairy, Eggs & Fridge",Cheese,Block cheese,,$9.00,,,$22.50 per 1kg,4380854,"Our products start with a passion for quality, organic milk. No additives, antibiotics or GMOs.

Our Organic Cheddar is aged up to 12 months and selected when the flavour has developed a hint of sharpness and a smooth texture. A versatile all rounder, sure to please the whole family.",,,"Per 100g/ml
Per Serving
%DI
Energy
1660
415
Protein
25.4
6.3
Total Fat
33
8.2
Saturated Fat
21.5
5.3
Carbohydrate
<1.0
<1.0
Sugars
<1.0
<1.0
Sodium
655
163.7
* Percentage Daily Intakes are based on an average adult diet of 8700 kJ. Your daily intakes may be higher or lower depending on your energy needs.",,https://www.coles.com.au/product/the-organic-milk-co-organic-cheddar-block-400g-4380854,,,2024-06-16T22:31:26.053322-04:00
"Ind53SColes_ADairy, Eggs & Fridge_SACheese_IColes Dairy Colby Cheese Slices 12 Pack | 250g",Coles Dairy Colby Cheese Slices 12 Pack | 250g,Coles,"Dairy, Eggs & Fridge",Cheese,Sliced cheese,,$6.00,,,$24.00 per 1kg,7247191,Coles Australian dairy Colby cheese slices 12pk. A mild and creamy cheese with a strength indicator of 2 and fantastic in sandwiches or melted for the best grilled toastie.,,,"Per 100g/ml
Per Serving
%DI
Energy
1624.6
341.17
Protein
22.8
4.79
Carbohydrate
0.1
0.02
Sugars
0.1
0.02
Calcium
708
148.68
Sodium
706
148.26
Saturated
23.9
5.02
Energy (Cal)
388.66
81.62
Fat
33.3
6.99
Dietary Fibre (total)
0.4
0.08
* Percentage Daily Intakes are based on an average adult diet of 8700 kJ. Your daily intakes may be higher or lower depending on your energy needs.","INGREDIENTS: Milk, Salt, Mineral Salt (509), Cultures (Milk), Enzyme (Vegetarian Rennet).",https://www.coles.com.au/product/coles-dairy-colby-cheese-slices-12-pack-250g-7247191,,,2024-06-16T22:31:37.266117-04:00
"Ind53SColes_ADairy, Eggs & Fridge_SAChampagne & sparkling_IGrant Burge Pinot Noir Chardonnay NV 750mL | 1 Each",Grant Burge Pinot Noir Chardonnay NV 750mL | 1 Each,Grant Burge,"Dairy, Eggs & Fridge",Champagne & sparkling,Sparkling,,$27.00,,,$36.00 per 1L,8230591,"Tinged with copper hues, the wine deals out a delightful biscuit-like nose combined with ripe strawberry and peach characters. The palate is rich and generous with a real vitality that's heightened by the creamy mouth-feel. This is a sparkling that adapts to its environment, and as such is just as enjoyable with food as it is on its own.",,,,,https://www.coles.com.au/product/grant-burge-pinot-noir-chardonnay-nv-750ml-1-each-8230591,,,2024-06-16T22:31:47.278548-04:00
"Ind53SColes_ADairy, Eggs & Fridge_SACheese_ICheer Tasty Cheese Slices | 750g",Cheer Tasty Cheese Slices | 750g,Cheer,"Dairy, Eggs & Fridge",Cheese,Sliced cheese,,$14.00,,,$18.67 per 1kg,3274750,"CHEER Tasty Cheese slices are must for any sandwich! CHEER Tasty Cheese will melt and bubble nicely under the grill. A mild flavour in the 750g value pack makes it perfect for families.CHEER 750g Tasty Cheese Slices are perfect for lunch box sandwiches on the go or to create delicious cheesy toasties at home! With a mild cheese flavour and a 48 slice value pack format, CHEER Tasty Cheese Slices are perfect for the whole family.- 48 Tasty cheese slices - Made in Australia from 100% Australian Cow's Milk- Vegetarian friendly- Preservative free- Mild cheese flavour- Perfect for your back to school lunch box or as a snack when relaxing at home!",,,"Per 100g/ml
Per Serving
%DI
Energy
1690kJ
355kJ
0%
Protein
25.8g
5.4g
0%
Total Fat
33.3g
7g
0%
Saturated Fat
21.6g
4.5g
0%
Carbohydrate
<1g
<1g
0%
Sugars
<1g
<1g
0%
Calcium
750mg
158mg
20%
Sodium
720mg
151mg
0%
* Percentage Daily Intakes are based on an average adult diet of 8700 kJ. Your daily intakes may be higher or lower depending on your energy needs.",,https://www.coles.com.au/product/cheer-tasty-cheese-slices-750g-3274750,,,2024-06-16T22:31:58.106232-04:00
"Ind53SColes_ADairy, Eggs & Fridge_SACheese_IColes Mozzarella Pear | 500g",Coles Mozzarella Pear | 500g,Coles,"Dairy, Eggs & Fridge",Cheese,Block cheese,,$7.80,,,$15.60 per 1kg,2482161,Made with Australian Milk500g,,,"Per 100g/ml
Per Serving
%DI
Energy
1280
319
4
Protein
21.5
5.4
11
Total Fat
24.2
6.1
9
Saturated Fat
18.0
4.5
19
Carbohydrate
LESS THAN 1g
LESS THAN 1g
0
Sugars
0.40
0.10
0
Calcium
640
160
Sodium
463
116
5
Energy (Cal)
305
76
Dietary Fibre (total)
0.00
0.00
0
* Percentage Daily Intakes are based on an average adult diet of 8700 kJ. Your daily intakes may be higher or lower depending on your energy needs.",,https://www.coles.com.au/product/coles-mozzarella-pear-500g-2482161,,,2024-06-16T22:32:09.497019-04:00
"Ind53SColes_ADairy, Eggs & Fridge_SACheese_ICheer Mozzarella Cheese Slices | 250g",Cheer Mozzarella Cheese Slices | 250g,Cheer,"Dairy, Eggs & Fridge",Cheese,Sliced cheese,,$7.30,,,$29.20 per 1kg,7648589,"NEW CHEER Cheese slices - refill pack! Now with 80% less plastic* and available in all 250g cheese slice variants. Bring a little CHEER, with a lot less plastic. Simply BYO container and help us save the extra plastic! *Compared to the weight of previous CHEER Slices 250g packagingCHEER Cheese 250g Mozzarella Cheese Slices have a mild creamy flavour and is perfectly stretchy for use in paninis, toasties and lasagnes. CHEER Mozzarella Cheese Slices are ideal for bringing a little CHEER to your table! - 12 Mozzarella cheese slices- Simply BYO container and help us save the extra plastic! - Made in Australia from 100% Australian cow's milk- Preservative free- Mild creamy cheese flavour",,,"Per 100g/ml
Per Serving
%DI
Energy
1410kJ
296kJ
3%
Protein
27.1g
5.7g
11%
Total Fat
25.2g
5.3g
8%
Saturated Fat
17.7g
3.7g
15%
Carbohydrate
<1g
<1g
1%
Sugars
<1g
<1g
1%
Calcium
880mg
185mg
23%
Sodium
510mg
107mg
5%
* Percentage Daily Intakes are based on an average adult diet of 8700 kJ. Your daily intakes may be higher or lower depending on your energy needs.",,https://www.coles.com.au/product/cheer-mozzarella-cheese-slices-250g-7648589,,,2024-06-16T22:32:20.883656-04:00
"Ind53SColes_ADairy, Eggs & Fridge_SACheese_IPhiladelphia Dairy Cream Cheese Original Block 2 Pack | 500g",Philadelphia Dairy Cream Cheese Original Block 2 Pack | 500g,Philadelphia,"Dairy, Eggs & Fridge",Cheese,Cream cheese & spreads,,$10.00,,,$20.00 per 1kg,5081291,"Philadelphia twin block offers great value. With 2x 250g blocks, it is the essential ingredient for an indulgent cheesecake. Philadelphia Original blocks is also perfect for a delicious tart or as frosting and icing for any of your favourite desserts. Philadelphia is highly versatile and can be enjoyed by the whole family and it's the perfect choice for all things cheesy and creamy.
Deliciously Creamy

Philadelphia is made in Australia since 1956

Natural ingredients

No artificial colours or flavours

Made with at least 95% Australian ingredients",,,,"Natural Ingredients. Milk, Cream (From Milk), Milk Solids, Salt, Vegetable Gums (Locust Bean And/Or Guar), Starter Culture, Processing Aids (Contain Milk).",https://www.coles.com.au/product/philadelphia-dairy-cream-cheese-original-block-2-pack-500g-5081291,,,2024-06-16T22:32:31.350478-04:00
"Ind53SColes_ADairy, Eggs & Fridge_SACheese_ITasmanian Heritage Cheese Wedge Havarti | 180g",Tasmanian Heritage Cheese Wedge Havarti | 180g,Tasmanian Heritage,"Dairy, Eggs & Fridge",Cheese,Firm cheese,,$7.00,,,$38.89 per 1kg,5438483,"South Cape Havarti is a pale yellow, buttery semi soft cheese with a tangy flavour and lovely melting quality. Best served with cold meats and paired with white wine. Liberate your plate with South Cape.",,,"Per 100g/ml
Per Serving
%DI
Energy
1610kJ
403kJ
0%
Protein
18.2g
4.6g
0%
Total Fat
34.7g
8.7g
0%
Saturated Fat
23.2g
5.8g
0%
Carbohydrate
<1g
<1g
0%
Sugars
<1g
<1g
0%
Calcium
600mg
150mg
0%
Sodium
569mg
142mg
0%
* Percentage Daily Intakes are based on an average adult diet of 8700 kJ. Your daily intakes may be higher or lower depending on your energy needs.",,https://www.coles.com.au/product/tasmanian-heritage-cheese-wedge-havarti-180g-5438483,,,2024-06-16T22:32:42.774996-04:00
"Ind53SColes_ADairy, Eggs & Fridge_SAPrimo_IPrimo Trios Cheesy Kabana Pretzels & Tasty Cheese Cubes | 53g",Primo Trios Cheesy Kabana Pretzels & Tasty Cheese Cubes | 53g,Primo,"Dairy, Eggs & Fridge",Primo,Crackers & Snacks,,$4.50,,,$8.49 per 100g,4928432,Primo Trios Cheesy Kabana with Pretzels and Tasty Cheese. Has a source of protein with no artificial colours and flavours.,,,"Per 100g/ml
Per Serving
%DI
Energy
1330kJ
706kJ
8%
Protein
16.8g
8.9g
18%
Total Fat
19.4g
10.3g
15%
Saturated Fat
11.0g
5.8g
24%
Carbohydrate
18.6g
9.9g
3%
Sugars
Less than 1g
Less than 1g
<1%
Sodium
1080mg
574mg
25%
* Percentage Daily Intakes are based on an average adult diet of 8700 kJ. Your daily intakes may be higher or lower depending on your energy needs.",,https://www.coles.com.au/product/primo-trios-cheesy-kabana-pretzels-and-tasty-cheese-cubes-53g-4928432,,,2024-06-16T22:32:53.662639-04:00
"Ind53SColes_ADairy, Eggs & Fridge_SA_IColes Gouda Cheese Slices | 200g",Coles Gouda Cheese Slices | 200g,Coles,"Dairy, Eggs & Fridge",,,,$4.90,,,$24.50 per 1kg,1462533,10 cheese slices mature with a fruity & nutty finsih,,,"Per 100g/ml
Per Serving
%DI
Energy
1435.5
287.1
Protein
23.5
4.7
Total Fat
28
5.6
Carbohydrate
0
0
Sugars
0
0
Calcium
790
158
Sodium
750
150
Saturated
19.5
3.9
Energy (Cal)
343.42
68.68
Dietary Fibre (total)
0
0
* Percentage Daily Intakes are based on an average adult diet of 8700 kJ. Your daily intakes may be higher or lower depending on your energy needs.",,https://www.coles.com.au/product/coles-gouda-cheese-slices-200g-1462533,,,2024-06-16T22:33:04.731828-04:00
"Ind53SColes_ADairy, Eggs & Fridge_SACheese_IColes Light Ricotta | 375g",Coles Light Ricotta | 375g,Coles,"Dairy, Eggs & Fridge",Cheese,Brie & soft cheese,,$3.60,,,$9.60 per 1kg,2212688,Made with Australian Milk,,,"Per 100g/ml
Per Serving
%DI
Energy
427
128
1
Protein
9.8
2.9
6
Total Fat
5.30
1.59
2
Saturated Fat
3.5
1.1
5
Carbohydrate
3.80
1.14
0
Sugars
3.70
1.11
1
Sodium
231
69
3
Energy (Cal)
102
31
Dietary Fibre (total)
0.00
0.00
0
* Percentage Daily Intakes are based on an average adult diet of 8700 kJ. Your daily intakes may be higher or lower depending on your energy needs.",,https://www.coles.com.au/product/coles-light-ricotta-375g-2212688,,,2024-06-16T22:33:15.806607-04:00
"Ind53SColes_ADairy, Eggs & Fridge_SACheese_ISouth Cape Danish Style Reduced Fat Fetta | 200g",South Cape Danish Style Reduced Fat Fetta | 200g,South Cape,"Dairy, Eggs & Fridge",Cheese,Feta cheese,,$6.50,,,$32.50 per 1kg,4539521,"South Cape Reduced Fat Danish Fetta is a smooth, creamy fetta with a firm yet slightly crumbly texture and a milky fresh flavour. Made with cow's milk, it contains 29% less fat than regular South Cape Danish Fetta. Best served with salad and paired with sparkling. Liberate your plate with South Cape.",,,"Per 100g/ml
Per Serving
%DI
Energy
806kJ
201.5kJ
0%
Protein
17g
4.25g
0%
Total Fat
13.5g
3.375g
0%
Saturated Fat
8.8g
2.2g
0%
Carbohydrate
<1g
<1g
0%
Sugars
<1g
<1g
0%
Calcium
450mg
112.5mg
0%
Sodium
993mg
248.25mg
0%
* Percentage Daily Intakes are based on an average adult diet of 8700 kJ. Your daily intakes may be higher or lower depending on your energy needs.",,https://www.coles.com.au/product/south-cape-danish-style-reduced-fat-fetta-200g-4539521,,,2024-06-16T22:33:27.731882-04:00
"Ind53SColes_ADairy, Eggs & Fridge_SACheese_IMainland On The Go Tasty Cheese & Crackers | 50g",Mainland On The Go Tasty Cheese & Crackers | 50g,Mainland,"Dairy, Eggs & Fridge",Cheese,Cheese snacks,,$3.00,Pick any 2 for $5,,$6.00 per 100g,7851550,Mainland Cheese & Crackers Tasty Cheddar with Water Crackers. New Zealand Aged Cheddar.,,,"Per 100g/ml
Per Serving
%DI
Energy
1720kJ
860kJ
Protein
19.5g
9.8g
Total Fat
25.1g
12.6g
Saturated Fat
15.9g
8.0g
Carbohydrate
26.2g
13.1g
Sugars
Less than 1g
Less than 1g
Calcium
471mg
236mg
Sodium
636mg
318mg
* Percentage Daily Intakes are based on an average adult diet of 8700 kJ. Your daily intakes may be higher or lower depending on your energy needs.",,https://www.coles.com.au/product/mainland-on-the-go-tasty-cheese-and-crackers-50g-7851550,,,2024-06-16T22:33:39.183522-04:00
"Ind53SColes_ADairy, Eggs & Fridge_SACheese_IColes Simply Smokey Flavoured Sandwich Slices 12 Pack | 250g",Coles Simply Smokey Flavoured Sandwich Slices 12 Pack | 250g,Coles,"Dairy, Eggs & Fridge",Cheese,Sliced cheese,,$3.50,,,$14.00 per 1kg,1980491,individually wrapped12 pack,,,"Per 100g/ml
Per Serving
%DI
Energy
1390
292
3
Protein
18.8
3.9
8
Total Fat
26.8
5.6
8
Saturated Fat
16.7
3.5
15
Carbohydrate
4.5
LESS THAN 1g
0
Sugars
3.20
0.67
Sodium
1200
252
11
Saturated
17.10
3.59
Energy (Cal)
332
70
Fat
25.00
5.25
Dietary Fibre (total)
0.10
0.02
trans
LESS THAN 1g
LESS THAN 1g
* Percentage Daily Intakes are based on an average adult diet of 8700 kJ. Your daily intakes may be higher or lower depending on your energy needs.",,https://www.coles.com.au/product/coles-simply-smokey-flavoured-sandwich-slices-12-pack-250g-1980491,,,2024-06-16T22:33:50.000158-04:00
"Ind53SColes_ADairy, Eggs & Fridge_SACheese_IColes Cheese Spring Onion & Chive | 190g",Coles Cheese Spring Onion & Chive | 190g,Coles,"Dairy, Eggs & Fridge",Cheese,Specialty & entertaining cheese,,$3.80,,,$20.00 per 1kg,7781283,"Coles Dairy 190g spring onion and chive cream cheese. A savoury cream cheese with spring onion, roasted garlic and chives perfect for any cheese board.",,,"Per 100g/ml
Per Serving
%DI
Protein
8.90
2.23
Carbohydrate
3.60
0.90
Sugars
3.60
0.90
Calcium
91.00
22.75
Saturated
22.10
5.53
Monounsaturated
7.20
1.80
Fat
31.50
7.88
Dietary Fibre (total)
1.00
0.25
Polyunsaturated
0.80
0.20
Trans
1.10
0.28
* Percentage Daily Intakes are based on an average adult diet of 8700 kJ. Your daily intakes may be higher or lower depending on your energy needs.","INGREDIENTS: Cream Cheese (95%) [Milk, Cream (Milk), Salt, Vegetable Gums (410, 412), Starter culture (Milk)], Onion, Sugar, Garlic, Chives (1.0%), Spring Onion (0.5%), Vinegar Powder, Preservative (200).",https://www.coles.com.au/product/coles-cheese-spring-onion-and-chive-190g-7781283,,,2024-06-16T22:34:00.948070-04:00
"Ind53SColes_ADairy, Eggs & Fridge_SACheese_ILiddells Lactose Free Shredded Cheese Pizza Blend | 225g",Liddells Lactose Free Shredded Cheese Pizza Blend | 225g,Liddells,"Dairy, Eggs & Fridge",Cheese,Grated cheese,,$7.50,,,$33.33 per 1kg,3560828,"All Liddells products are all made from real dairy, lactose free and where needed we add the lactase enzyme to break down the lactose into two simple sugars: glucose and galactose. These sugars can be easily absorbed in the small intestine, keeping your tummy feeling happy. That's all it is!",,,"Per 100g/ml
Per Serving
%DI
Energy
1660kJ
414kJ
0%
Protein
26g
6.5g
0%
Total Fat
32.4g
8.1g
0%
Saturated Fat
21.6g
5.4g
0%
Carbohydrate
<1g
<1g
0%
Sugars
<1g
<1g
0%
Calcium
758mg
190mg
24%
Sodium
666mg
167mg
0%
* Percentage Daily Intakes are based on an average adult diet of 8700 kJ. Your daily intakes may be higher or lower depending on your energy needs.",,https://www.coles.com.au/product/liddells-lactose-free-shredded-cheese-pizza-blend-225g-3560828,,,2024-06-16T22:34:12.057859-04:00
"Ind53SColes_ADairy, Eggs & Fridge_SACheese_ILemnos Twin Packs Haloumi | 200g",Lemnos Twin Packs Haloumi | 200g,Lemnos,"Dairy, Eggs & Fridge",Cheese,Gourmet Cheese,,$7.50,,$9.00,$37.50 per 1kg,3273189,"Delicious baked, fried or grilled, Lemnos Haloumi is the perfect addition to a summer salad, breakfast omelette, or simply served with lemon juice as a crowd pleasing canape'. Lemnos Cyprus Style Haloumi Twin Pack - 2 X 100g is perfect for when you just need 1 serve at a time. Convenient pack format with no waste.
Suitable for vegetarians

No Artificial Flavours

No Preservatives

Twin Pack

Made in Australia",,,"Per 100g/ml
Per Serving
%DI
Energy
1150 kJ
288 kJ
Protein
17.0 g
4.3 g
Total Fat
22.0 g
5.5 g
Saturated Fat
15.5 g
3.9 g
Carbohydrate
1.3 g
Less than 1 g
Sugars
1.3 g
Less than 1 g
Sodium
1250 mg
313 mg
Energy (Cal)
274 Cal
69 Cal
* Percentage Daily Intakes are based on an average adult diet of 8700 kJ. Your daily intakes may be higher or lower depending on your energy needs.",,https://www.coles.com.au/product/lemnos-twin-packs-haloumi-200g-3273189,,,2024-06-16T22:34:24.612472-04:00
"Ind53SColes_ADairy, Eggs & Fridge_SACheese_ILiddells Lactose Free Tasty Cheese Slices | 250g",Liddells Lactose Free Tasty Cheese Slices | 250g,Liddells,"Dairy, Eggs & Fridge",Cheese,Sliced cheese,,$7.50,,,$30.00 per 1kg,3843298,"All Liddells products are all made from real dairy, lactose free and where needed we add the lactase enzyme to break down the lactose into two simple sugars: glucose and galactose. These sugars can be easily absorbed in the small intestine, keeping your tummy feeling happy. That's all it is!",,,"Per 100g/ml
Per Serving
%DI
Energy
1690kJ
355kJ
0%
Protein
25.8g
5.4g
0%
Total Fat
33.3g
7g
0%
Saturated Fat
26.1g
4.5g
0%
Carbohydrate
<1g
<1g
0%
Sugars
<1g
<1g
0%
Calcium
750mg
158mg
20%
Sodium
720mg
151mg
0%
* Percentage Daily Intakes are based on an average adult diet of 8700 kJ. Your daily intakes may be higher or lower depending on your energy needs.","Ingredients-Pasteurised Milk, Salt, Started Cultures, Enzyme (Non Animal Rennet, Non Animal Lipase)",https://www.coles.com.au/product/liddells-lactose-free-tasty-cheese-slices-250g-3843298,,,2024-06-16T22:34:35.916755-04:00
"Ind53SColes_ADairy, Eggs & Fridge_SAPrimo_IPrimo Stackers Salami 3 Pack | 150g",Primo Stackers Salami 3 Pack | 150g,Primo,"Dairy, Eggs & Fridge",Primo,Crackers & Snacks,,$11.30,,,$75.34 per 1kg,4928308,"Source of protein
No artificial colours and flavours
Meat cheese crackers
3 packs to go straight into lunch bags",,,"Per 100g/ml
Per Serving
%DI
Energy
1640kJ
818kJ
9%
Protein
20.3g
10.1g
20%
Total Fat
27.0g
13.5g
19%
Saturated Fat
13.6g
6.8g
28%
Carbohydrate
16.3g
8.2g
3%
Sugars
1.1g
Less than 1g
<1%
Sodium
1070mg
535mg
23%
* Percentage Daily Intakes are based on an average adult diet of 8700 kJ. Your daily intakes may be higher or lower depending on your energy needs.",,https://www.coles.com.au/product/primo-stackers-salami-3-pack-150g-4928308,,,2024-06-16T22:34:47.612357-04:00
"Ind53SColes_ADairy, Eggs & Fridge_SACheese_ICremeux Blue | 100g",Cremeux Blue | 100g,Cremeux,"Dairy, Eggs & Fridge",Cheese,Blue cheese,,$8.00,,,$80.00 per 1kg,4962419,Where taste meets flair and substance has style.,,,"Per 100g/ml
Per Serving
%DI
Energy
1040kJ
260kJ
Protein
18.6g
4.7g
Total Fat
35.7g
8.9g
Saturated Fat
23.6g
5.9g
Carbohydrate
3.24g
<1g
Sugars
<1g
<1g
Sodium
1350mg
338mg
* Percentage Daily Intakes are based on an average adult diet of 8700 kJ. Your daily intakes may be higher or lower depending on your energy needs.",,https://www.coles.com.au/product/cremeux-blue-100g-4962419,,,2024-06-16T22:34:58.869046-04:00
"Ind53SColes_ADairy, Eggs & Fridge_SACheese_ICheer Plant Based Shredded Cheese | 200g",Cheer Plant Based Shredded Cheese | 200g,Cheer,"Dairy, Eggs & Fridge",Cheese,Grated cheese,,$6.30,,,"$31.50 per 1kg
Was $7.00 on May 2024",6126307,"CHEER Plant Based Grated Cheese  a plant based cheese alternative, conveniently shredded and ready for use! Deliciously creamy, great texture, great taste! Bring a little CHEER to your next meal with this CHEER dairy free and gluten free shredded cheese alternative. CHEER 200g Plant Based Grated Cheese is perfect for use during cooking or as the perfect, cheesy style finishing touch to sprinkle over your meal! Try using use CHEER Plant Based Shredded Cheese to make delicious plant based or vegan meals at home - it is perfect as a vegan alternative for topping off pasta or for sprinkling over a plant-based parmagania! - 200g Plant Based shredded cheese- Dairy free- Gluten free- Vegan and vegetarian friendly- Perfect for sprinkling over plant based or vegan alternative meals like plant based pasta or cheesy style vegan pizza!",,,"Per 100g/ml
Per Serving
%DI
Energy
1480kJ
444kJ
5.10%
Protein
<1g
<1g
1%
Total Fat
29.5g
8.9g
12.60%
Saturated Fat
25.5g
7.7g
31.90%
Carbohydrate
22.4g
6.7g
2.20%
Sugars
<1g
<1g
1%
Sodium
860mg
258mg
11.20%
* Percentage Daily Intakes are based on an average adult diet of 8700 kJ. Your daily intakes may be higher or lower depending on your energy needs.",,https://www.coles.com.au/product/cheer-plant-based-shredded-cheese-200g-6126307,,,2024-06-16T22:35:10.999585-04:00
"Ind53SColes_ADairy, Eggs & Fridge_SACheese_IDodoni Greek Feta Cheese Lactose Free | 200g",Dodoni Greek Feta Cheese Lactose Free | 200g,Dodoni,"Dairy, Eggs & Fridge",Cheese,Block cheese,,$8.90,,,$44.50 per 1kg,3561955,"Lactose free feta cheese (P.D.O.)
Authentic Greek feta made from pasteurized sheep's & goat's milk",,,"Per 100g/ml
Per Serving
%DI
Energy
1075kJ
323kJ
Protein
17g
5.1g
Total Fat
21g
6.3g
Saturated Fat
15.7g
4.7g
Carbohydrate
<1g
<1g
Sugars
<1g
<1g
Sodium
1010mg
303mg
* Percentage Daily Intakes are based on an average adult diet of 8700 kJ. Your daily intakes may be higher or lower depending on your energy needs.","Pasteurized Sheep's and Goat's Milk, Salt, Starter Culture, Rennet",https://www.coles.com.au/product/dodoni-greek-feta-cheese-lactose-free-200g-3561955,,,2024-06-16T22:35:21.865778-04:00
"Ind53SColes_ADairy, Eggs & Fridge_SADairy, chilled & frozen_IPerfect Italiano Cheese Grated Parmesan | 125g",Perfect Italiano Cheese Grated Parmesan | 125g,Perfect Italiano,"Dairy, Eggs & Fridge","Dairy, chilled & frozen",Cheese & yoghurt,,$4.00,,,"$32.00 per 1kg
Was $4.50 on May 2024",5339878,"Perfect Italiano Cheese Grated Parmesan 125g
It's an easy way to add delicious flavour to pasta, salad or risotto.

Medium Flavour

Bold & Distinctive flavour",,,"Per 100g/ml
Per Serving
%DI
Energy
1540kJ
154kJ
2%
Protein
31.9g
3.2g
7%
Total Fat
26.6g
2.7g
4%
Saturated Fat
19.3g
1.9g
7%
Carbohydrate
1.4g
Less than 1g
0%
Sugars
Less than 1g
Less than 1g
0%
Calcium
956mg
95mg
12% RDI*
Sodium
850mg
85mg
4%
* Percentage Daily Intakes are based on an average adult diet of 8700 kJ. Your daily intakes may be higher or lower depending on your energy needs.","Cheese (Milk, Salt, Cultures, Enzyme), Anticaking Agent (460), Preservative (200).",https://www.coles.com.au/product/perfect-italiano-cheese-grated-parmesan-125g-5339878,,,2024-06-16T22:35:33.307826-04:00
"Ind53SColes_ADairy, Eggs & Fridge_SACheese_IKenilworth Sweet Chilli Sour Cream & Bell Peppers Club Cheddar Cheese | 165g",Kenilworth Sweet Chilli Sour Cream & Bell Peppers Club Cheddar Cheese | 165g,Kenilworth,"Dairy, Eggs & Fridge",Cheese,Cheddar & tasty cheese,,$4.80,,$5.50,$29.09 per 1kg,1988529,"A smooth full flavour cheddar combining sweet chilli, sour cream and bell peppers, not hot, but who would have throught. Crackers, omelette of platter the choice is yours.",,,"Per 100g/ml
Per Serving
%DI
Energy
1640
411
Protein
22.3
5.6
Total Fat
32.8
8.2
Saturated Fat
19.8
5
Carbohydrate
3.4
0.8
Sugars
2.4
0.6
Sodium
702
175
* Percentage Daily Intakes are based on an average adult diet of 8700 kJ. Your daily intakes may be higher or lower depending on your energy needs.","Cheese (Milk, Salt, Culture, Non-Animal Rennet), Sweet Chilli Sauce (Sugar, Water, Pickled Red Chilli, Vinegar, Garlic, Thickener (415)), Sour Cream Powder (Milk Solids, Cream Solids, Food Acids (270, 330), Culture), Bell Peppers, Acetic Acid (260), Preservative (202, 223)",https://www.coles.com.au/product/kenilworth-sweet-chilli-sour-cream-and-bell-peppers-club-cheddar-cheese-165g-1988529,,,2024-06-16T22:35:44.829942-04:00
"Ind53SColes_ADairy, Eggs & Fridge_SACheese_IColes French Goat's Cheese | 110g",Coles French Goat's Cheese | 110g,Coles,"Dairy, Eggs & Fridge",Cheese,Specialty & entertaining cheese,,$4.50,,,$40.91 per 1kg,3275978,"Coles Dairy Goat's cheese, 110g. Made in France, a smooth Goat's milk cheese with a soft and light texture. Perfect for entertaining or on toast and pizza.",,,"Per 100g/ml
Per Serving
%DI
Energy
1044.37
229.76
3
Protein
15.94
3.51
7
Total Fat
19.4
4.27
6
Saturated Fat
13.74
3.02
13
Carbohydrate
3.27
0.72
0
Sodium
518
113.96
5
Energy (Cal)
249.85
54.97
Dietary Fibre
0
0
* Percentage Daily Intakes are based on an average adult diet of 8700 kJ. Your daily intakes may be higher or lower depending on your energy needs.",,https://www.coles.com.au/product/coles-french-goat's-cheese-110g-3275978,,,2024-06-16T22:35:55.667554-04:00
"Ind53SColes_ADairy, Eggs & Fridge_SACheese_ILemnos Haloumi Slices | 200g",Lemnos Haloumi Slices | 200g,Lemnos,"Dairy, Eggs & Fridge",Cheese,Gourmet Cheese,,$8.00,,,$40.00 per 1kg,3841951,"Lemnos Haloumi Burger Slices contains 2 x burger slices, each with 18g of protein per slice. Suitable for vegetarians, no preservatives and has a good source of protein.
Delicious baked, fried or grilled. Haloumi Slices are perfect in burgers, sandwiches or as a delicious side!
Good source of protein

Suitable for vegetarians

No preservatives

Made in Australia",,,"Per 100g/ml
Per Serving
%DI
Energy
1190 kJ
1190 kJ
Protein
18.1 g
18.1 g
Total Fat
23.9 g
23.9 g
Saturated Fat
17.0 g
17.0 g
Carbohydrate
1.3 g
1.3 g
Sugars
1.3 g
1.3 g
Sodium
1720 mg
1720 mg
Energy (Cal)
283 Cal
283 Cal
* Percentage Daily Intakes are based on an average adult diet of 8700 kJ. Your daily intakes may be higher or lower depending on your energy needs.",,https://www.coles.com.au/product/lemnos-haloumi-slices-200g-3841951,,,2024-06-16T22:36:07.719083-04:00
"Ind53SColes_ADairy, Eggs & Fridge_SA_IEmborg French Brie Portions | 240g",Emborg French Brie Portions | 240g,Emborg,"Dairy, Eggs & Fridge",,,,$6.90,,$8.50,$28.75 per 1kg,7016315,,,,,,https://www.coles.com.au/product/emborg-french-brie-portions-240g-7016315,,,2024-06-16T22:39:15.544748-04:00
"Ind53SColes_ADairy, Eggs & Fridge_SACheese_IEmborg French Camembert | 200g",Emborg French Camembert | 200g,Emborg,"Dairy, Eggs & Fridge",Cheese,Brie & soft cheese,,$7.20,,,$36.00 per 1kg,4360529,"Emborg French Camembert is a classic creamy Camembert made in France. This French Camembert is of premium quality made in an authentic French family dairy located in the heart of the Limousin region.
Emborg French Camembert is handcrafted by sacred methods, giving it the authentic taste experience of deep, mild and earthy flavours.
The rich aromatic flavours with hints of mushrooms makes it great to enjoy with mild-tasting dishes, cheeseboard, baked and as an appetiser.",,,,"Pasteurized cow's milk, salt, lactic culture, rennet, mould culture. CONTAINS MILK",https://www.coles.com.au/product/emborg-french-camembert-200g-4360529,,,2024-06-16T22:39:25.057353-04:00
"Ind53SColes_ADairy, Eggs & Fridge_SACheese_IMersey Valley Club Classic Cheddar Cheese | 235g",Mersey Valley Club Classic Cheddar Cheese | 235g,Mersey Valley,"Dairy, Eggs & Fridge",Cheese,Cheddar & tasty cheese,,$7.00,,$9.95,$29.79 per 1kg,4513200,"Mersey Valley Classic has a strong cheddar bite with a crumbly, melt in your mouth texture that has you coming back for more. Mersey Valley Classic is best paired with tomato relish, gherkins and cold meats, and best served with light craft beer or light red wine.Perfect for a snack that really hits the spot!",,,"Per 100g/ml
Per Serving
%DI
Energy
1740kJ
435kJ
0%
Protein
24.8g
6.2g
0%
Total Fat
33g
8.25g
0%
Saturated Fat
21.1g
5.275g
0%
Carbohydrate
1.4g
<1g
0%
Sugars
<1g
<1g
0%
Calcium
725mg
181.25mg
0%
Sodium
762mg
190.5mg
0%
* Percentage Daily Intakes are based on an average adult diet of 8700 kJ. Your daily intakes may be higher or lower depending on your energy needs.",,https://www.coles.com.au/product/mersey-valley-club-classic-cheddar-cheese-235g-4513200,,,2024-06-16T22:39:36.368840-04:00
"Ind53SColes_ADairy, Eggs & Fridge_SACheese_IAshgrove Tasmanian Smoked Cheddar The Hazards | 140g",Ashgrove Tasmanian Smoked Cheddar The Hazards | 140g,Ashgrove,"Dairy, Eggs & Fridge",Cheese,Cheddar & tasty cheese,,$7.50,,,$53.57 per 1kg,7163874,"Ashgrove The Hazards Tasmanian Smoked Cheddar is naturally smoked with Tassie hardwood. Pair with cured meats and merlot. 100% Tassie family-owned from paddock to plate. Family farm since 1908. Cow, grass, you.",,,"Per 100g/ml
Per Serving
%DI
Energy
1660kJ
332kJ
Protein
24.6g
4.9g
Total Fat
32.8g
6.6g
Saturated Fat
21.6g
4.3g
Carbohydrate
0.5g
0.1g
Sugars
0.4g
0.1g
Calcium
684mg
137mg
Sodium
684mg
137mg
Gluten
NIL
NIL
Trans
1.7g
0.3g
* Percentage Daily Intakes are based on an average adult diet of 8700 kJ. Your daily intakes may be higher or lower depending on your energy needs.","Pasteurised Cow's Milk, Salt, Non-Animal Rennet, Culture, Natural Wood Smoke.",https://www.coles.com.au/product/ashgrove-tasmanian-smoked-cheddar-the-hazards-140g-7163874,,,2024-06-16T22:39:47.532128-04:00
"Ind53SColes_ADairy, Eggs & Fridge_SACheese_IMeredith Dairy Marinated Goats Cheese | 550g",Meredith Dairy Marinated Goats Cheese | 550g,Meredith,"Dairy, Eggs & Fridge",Cheese,Specialty & entertaining cheese,,$21.00,,,$38.18 per 1kg,3275854,"Soft goat cheese marinated in a garlic and herb infused edible oils including extra virgin olive oil, our award-winning Marinated Goat Cheese has a refreshing citrus tang and soft, spreadable texture. It's delicious in salads, soups and sandwiches and on crusty bread. You're sure to love to this versatile, healthy treat! Share the love of our Marinated Goat Cheese with our value-added jar. Perfect for families, entertaining or for when you simply can't get enough. ",,,"Per 100g/ml
Per Serving
%DI
Energy
1230
308
Protein
14.0
3.5
Total Fat
25.0
6.25
Saturated Fat
14.0
3.5
Carbohydrate
2.2
0.6
Sugars
2.0
0.5
Sodium
950
238
* Percentage Daily Intakes are based on an average adult diet of 8700 kJ. Your daily intakes may be higher or lower depending on your energy needs.","Goat Milk, Canola Oil (GMO free), Extra Virgin Olive Oil, Salt, Peppercorns, Fresh Thyme, Garlic, Cultures and Non-Animal Rennet.",https://www.coles.com.au/product/meredith-dairy-marinated-goats-cheese-550g-3275854,,,2024-06-16T22:39:58.767700-04:00
"Ind53SColes_ADairy, Eggs & Fridge_SACheese_IMoondarra Marinated Cheese | 430g",Moondarra Marinated Cheese | 430g,Moondarra,"Dairy, Eggs & Fridge",Cheese,Specialty & entertaining cheese,,$12.00,,,$27.91 per 1kg,6845438,"Moondarra Marinated 430g is a soft and creamy cheese that is marinated with herbs and garlic.
Australian made and Australian owned, Moondarra Marinated 430g is delicious in salads, soups and sandwiches, and on crusty bread.",,,"Per 100g/ml
Per Serving
%DI
Energy
1610kJ
403kJ
Protein
8.2g
2.1g
Total Fat
38.4g
9.6g
Saturated Fat
24g
6g
Carbohydrate
3g
0.8g
Sugars
1.9g
0.5g
Sodium
610mg
153mg
* Percentage Daily Intakes are based on an average adult diet of 8700 kJ. Your daily intakes may be higher or lower depending on your energy needs.",,https://www.coles.com.au/product/moondarra-marinated-cheese-430g-6845438,,,2024-06-16T22:40:09.730604-04:00
"Ind53SColes_ADairy, Eggs & Fridge_SA_IPrimo Trios Ham Cheese & Cheddar Rice Crackers | 50g",Primo Trios Ham Cheese & Cheddar Rice Crackers | 50g,Primo,"Dairy, Eggs & Fridge",,,,$4.50,,,$9.00 per 100g,7696548,"Ham, Tasty Cheese and Cheddar Cheese Flavoured Rice Crackers",,,"Per 100g/ml
Per Serving
%DI
Energy
1110
555
6
Protein
19.6
9.8
20
Total Fat
13.1
6.6
9
Saturated Fat
7.9
3.9
16
Carbohydrate
17.0
8.5
3
Sugars
1.1
<1g
<1
Sodium
820mg
410mg
18
* Percentage Daily Intakes are based on an average adult diet of 8700 kJ. Your daily intakes may be higher or lower depending on your energy needs.",,https://www.coles.com.au/product/primo-trios-ham-cheese-and-cheddar-rice-crackers-50g-7696548,,,2024-06-16T22:40:20.804824-04:00
"Ind53SColes_ADairy, Eggs & Fridge_SACheese_IColes Spanish Iberico | 150g",Coles Spanish Iberico | 150g,Coles,"Dairy, Eggs & Fridge",Cheese,Cheddar & tasty cheese,,$6.00,,,$40.00 per 1kg,5217291,"Made from a mixture of cow's, sheep and goat's milk Spanish roundel flag",,,"Per 100g/ml
Per Serving
%DI
Energy
1560kJ
389kJ
Protein
23g
5.8g
Total Fat
31.4g
7.9g
Saturated Fat
18.5g
4.6g
Carbohydrate
<1g
<1g
Sugars
<1g
<1g
Sodium
560mg
140mg
Dietary Fibre (total)
0g
0g
Trans
<1g
<1g
* Percentage Daily Intakes are based on an average adult diet of 8700 kJ. Your daily intakes may be higher or lower depending on your energy needs.",,https://www.coles.com.au/product/coles-spanish-iberico-150g-5217291,,,2024-06-16T22:40:31.962360-04:00
"Ind53SColes_ADairy, Eggs & Fridge_SAColes Finest_IColes Finest Spanish Truffle Cheese | 140g",Coles Finest Spanish Truffle Cheese | 140g,Coles,"Dairy, Eggs & Fridge",Coles Finest,cheeses,,$7.85,,,$56.07 per 1kg,5218013,"Matured for 3 months, this aromatic black truffle cheese has a robust flavour and is delicately balanced with sheep's milk 140g",,,"Per 100g/ml
Per Serving
%DI
Energy
1852.50
463.13
Protein
24.10
6.03
Total Fat
37.80
9.45
Saturated Fat
26.40
6.60
Carbohydrate
2.60
0.65
Sugars
0.70
0.18
Sodium
607.00
151.75
Energy (Cal)
443.18
110.80
Dietary Fibre (total)
0.00
0.00
Trans
1.04
0.26
* Percentage Daily Intakes are based on an average adult diet of 8700 kJ. Your daily intakes may be higher or lower depending on your energy needs.",,https://www.coles.com.au/product/coles-finest-spanish-truffle-cheese-140g-5218013,,,2024-06-16T22:40:42.856198-04:00
"Ind53SColes_ADairy, Eggs & Fridge_SADairy, chilled & frozen_IColes Cheese Shredded 4 Cheese Blend | 250g",Coles Cheese Shredded 4 Cheese Blend | 250g,Coles,"Dairy, Eggs & Fridge","Dairy, chilled & frozen",Cheese & desserts,,$5.00,,,"$20.00 per 1kg
Was $5.50 on Apr 2024",6795646,"A PERFECT BLEND OF FOUR CHEESES. PERFECT FOR MELTING, GRILLING OR BAKING. STRENGTH INDICATOR RATING: MATURE = 3 RATING",,,"Per 100g/ml
Per Serving
%DI
Energy
1494.50
373.63
Protein
24.30
6.08
Total Fat
28.9
7.2
10
Saturated Fat
20.8
5.2
22
Carbohydrate
0.10
0.03
Sugars
0.10
0.03
Calcium
732.00
183.00
Sodium
643.00
160.75
Saturated
20.80
5.20
Energy (Cal)
357.54
89.38
Fat
28.90
7.23
Dietary Fibre (total)
1.30
0.33
* Percentage Daily Intakes are based on an average adult diet of 8700 kJ. Your daily intakes may be higher or lower depending on your energy needs.",,https://www.coles.com.au/product/coles-cheese-shredded-4-cheese-blend-250g-6795646,,,2024-06-16T22:40:53.815714-04:00
"Ind53SColes_ADairy, Eggs & Fridge_SACheese_INorco Natural Cheese Block | 500g",Norco Natural Cheese Block | 500g,Norco,"Dairy, Eggs & Fridge",Cheese,Block cheese,,$12.00,,,$24.00 per 1kg,447556,"Inspired by its birthplace in the beautiful, stress-free region of Northern NSW, this is a cheese oozing with goodness. This delicious cheese is low in salt, contains no animal rennet, provides the goodness of dairy, and contains vegetarian enzymes. It also contains acidophilus cultures for good gut health. It's a creamy, healthy cheese with a dash of peace-of-mind.
100% Australian Farmer Owned

Ideal For Melting

Matured For Up To 12 Months

30% Daily Calcium",,,"Per 100g/ml
Per Serving
%DI
Energy
1630kJ
408kJ
0
Protein
26g
6.5g
0
Total Fat
32g
8.0g
0
Saturated Fat
22.4g
5.6g
0
Carbohydrate
Less than 1g
Less than 1g
0
Sugars
Less than 1g
Less than 1g
0
Calcium
740mg
185mg
0
Sodium
300mg
75mg
0
Monounsaturated
0
0
0
Energy (Cal)
391Cal
98Cal
0
Dietary Fibre (total)
0
0
0
Polyunsaturated
0
0
0
Potassium
500mg
125mg
Trans
0
0
0
* Percentage Daily Intakes are based on an average adult diet of 8700 kJ. Your daily intakes may be higher or lower depending on your energy needs.",,https://www.coles.com.au/product/norco-natural-cheese-block-500g-447556,,,2024-06-16T22:41:04.915376-04:00
"Ind53SColes_ADairy, Eggs & Fridge_SAColes Finest_IColes Finest Aged Red Leicester | 200g",Coles Finest Aged Red Leicester | 200g,Coles,"Dairy, Eggs & Fridge",Coles Finest,cheeses,,$5.00,,,$25.00 per 1kg,3273316,"With its bold red colour, this crumbly Vintage Red Leicester has been aged for up to 15 months for a rich, nutty flavour 200g",,,"Per 100g/ml
Per Serving
%DI
Energy
1724.80
431.20
Protein
25.40
6.35
Total Fat
34.90
8.73
Saturated Fat
21.70
5.43
Carbohydrate
0.10
0.03
Sugars
0.10
0.03
Sodium
723.00
180.75
Energy (Cal)
412.63
103.16
Dietary Fibre (total)
0.00
0.00
Trans
1.40
0.35
* Percentage Daily Intakes are based on an average adult diet of 8700 kJ. Your daily intakes may be higher or lower depending on your energy needs.",,https://www.coles.com.au/product/coles-finest-aged-red-leicester-200g-3273316,,,2024-06-16T22:41:16.058542-04:00
"Ind53SColes_ADairy, Eggs & Fridge_SA_ITasmanian Heritage Cheese Marinated Fetta | 350g",Tasmanian Heritage Cheese Marinated Fetta | 350g,Tasmanian Heritage,"Dairy, Eggs & Fridge",,,,$11.50,,,$32.86 per 1kg,7363818,"South Cape Marinated Fetta is a smooth and creamy style fetta made from cow's milk that has been cubed and marinated in oil, herbs and spices to create a great taste sensation. Best served with antipasto and paired with sparkling wine. Liberate your plate with South Cape.",,,"Per 100g/ml
Per Serving
%DI
Energy
1203kJ
300.75kJ
0%
Protein
12.3g
3.075g
0%
Total Fat
26.4g
6.6g
0%
Saturated Fat
17.1g
4.275g
0%
Carbohydrate
<1g
<1g
0%
Sugars
<1g
<1g
0%
Calcium
310mg
77.5mg
0%
Sodium
880mg
220mg
0%
* Percentage Daily Intakes are based on an average adult diet of 8700 kJ. Your daily intakes may be higher or lower depending on your energy needs.",,https://www.coles.com.au/product/tasmanian-heritage-cheese-marinated-fetta-350g-7363818,,,2024-06-16T22:41:27.487137-04:00
"Ind53SColes_ADairy, Eggs & Fridge_SAPrimo_IPrimo Trios Mild Salami Pretzels & Tasty Cheese Cubes | 50g",Primo Trios Mild Salami Pretzels & Tasty Cheese Cubes | 50g,Primo,"Dairy, Eggs & Fridge",Primo,Crackers & Snacks,,$4.50,,,$9.00 per 100g,4928352,A trio combination of Mild Salami with Pretzels and Tasty Cheese to make for a great pick-me-up snack.,,,"Per 100g/ml
Per Serving
%DI
Energy
1630kj
815kj
9%
Protein
20.4g
10.2g
20%
Total Fat
26.8g
13.4g
19%
Saturated Fat
13.5g
6.7g
28%
Carbohydrate
15.5g
7.7g
2%
Sugars
Less than 1g
Less than 1g
<1%
Sodium
1310mg
656mg
29%
* Percentage Daily Intakes are based on an average adult diet of 8700 kJ. Your daily intakes may be higher or lower depending on your energy needs.",,https://www.coles.com.au/product/primo-trios-mild-salami-pretzels-and-tasty-cheese-cubes-50g-4928352,,,2024-06-16T22:41:38.360709-04:00
"Ind53SColes_ADairy, Eggs & Fridge_SACheese_IMainland Extra Tasty Cheese Block | 250g",Mainland Extra Tasty Cheese Block | 250g,Mainland,"Dairy, Eggs & Fridge",Cheese,Block cheese,,$7.00,,,$28.00 per 1kg,3274148,"Aging for up to 18 months helps Mainland Extra Tasty Aged Cheddar to develop a texture that is satisfyingly smooth. This texture paired with its rich and bitey flavour, makes this cheese a crowd favourite.
Aged up to 18 months

Rich & Smooth

New Zealand Aged Cheddar",,,"Per 100g/ml
Per Serving
%DI
Energy
1800kJ
450kJ
5%
Protein
23.3g
5.8g
12%
Total Fat
37.4g
9.4g
13%
Saturated Fat
22.5g
5.6g
23%
Carbohydrate
<1g
<1g
0%
Sugars
<1g
<1g
0%
Calcium
760mg
190mg
24% RDI*
Sodium
696mg
174mg
8%
* Percentage Daily Intakes are based on an average adult diet of 8700 kJ. Your daily intakes may be higher or lower depending on your energy needs.","MILK, SALT, CULTURES (MILK), ENZYME (RENNET).",https://www.coles.com.au/product/mainland-extra-tasty-cheese-block-250g-3274148,,,2024-06-16T22:41:50.638567-04:00
"Ind53SColes_ADairy, Eggs & Fridge_SADairy, chilled & frozen_IColes Australian Light Shredded Mozzarella | 250g",Coles Australian Light Shredded Mozzarella | 250g,Coles,"Dairy, Eggs & Fridge","Dairy, chilled & frozen",Cheese & desserts,,$5.00,,,"$20.00 per 1kg
Was $5.50 on Apr 2024",1413323,"1 is for very mild strength 35% less fat and perfect for pizza, baked potato and lasagne.",,,"Per 100g/ml
Per Serving
%DI
Energy
1105.60
276.40
Protein
30.60
7.65
Saturated Fat
10.9
2.7
11
Carbohydrate
0.90
0.23
Sugars
0.80
0.20
Calcium
849.00
212.25
Sodium
550.00
137.50
Saturated
10.90
2.73
Energy (Cal)
264.50
66.12
Fat
15.30
3.83
Dietary Fibre (total)
0.50
0.13
* Percentage Daily Intakes are based on an average adult diet of 8700 kJ. Your daily intakes may be higher or lower depending on your energy needs.",,https://www.coles.com.au/product/coles-australian-light-shredded-mozzarella-250g-1413323,,,2024-06-16T22:42:01.744309-04:00
"Ind53SColes_ADairy, Eggs & Fridge_SAChampagne & sparkling_IBrilla Prosecco Spumante DOC Rose 750mL | 1 Each",Brilla Prosecco Spumante DOC Rose 750mL | 1 Each,Brilla,"Dairy, Eggs & Fridge",Champagne & sparkling,Sparkling,,$16.00,,$21.00,$21.33 per 1L,3962515,"Delicate and complex bouquet with fruity notes that remind of peach, green apple and lemon. Floral notes of acacia and rose. Fresh and light on the palate, with balanced acidity and body; Round and full-bodied structure. Enjoy ros bubbles as an aperitif but excellent with grilled fish and great friends.",,,,,https://www.coles.com.au/product/brilla-prosecco-spumante-doc-rose-750ml-1-each-3962515,,,2024-06-16T22:42:10.643250-04:00
"Ind53SColes_ADairy, Eggs & Fridge_SACheese_IEmborg French Double Cream Le Fromager | 300g",Emborg French Double Cream Le Fromager | 300g,Emborg,"Dairy, Eggs & Fridge",Cheese,Brie & soft cheese,,$10.00,,,$33.33 per 1kg,7016461,,,,,,https://www.coles.com.au/product/emborg-french-double-cream-le-fromager-300g-7016461,,,2024-06-16T22:42:19.554536-04:00
"Ind53SColes_ADairy, Eggs & Fridge_SACheese_IMersey Valley Club Green Peppercorn Cheese | 235g",Mersey Valley Club Green Peppercorn Cheese | 235g,Mersey Valley,"Dairy, Eggs & Fridge",Cheese,Cheddar & tasty cheese,,$7.00,,$9.95,$29.79 per 1kg,4512605,"Mersey Valley Peppercorn is a deliciously sharp and crumbly cheddar speckled with tiny peppercorn pieces for a punchy pepper hit. Perfect for a snack that really hits the spot! Make Mersey Valley Peppercorn will be the star of your next afternoon snack, add some to a delicious after work toastie. Best served with a light craft beer.",,,"Per 100g/ml
Per Serving
%DI
Energy
1660kJ
415kJ
0%
Protein
24.2g
6.05g
0%
Total Fat
33.1g
8.275g
0%
Saturated Fat
23.8g
5.95g
0%
Carbohydrate
1.4g
<1g
0%
Sugars
<1g
<1g
0%
Calcium
746mg
186.5mg
0%
Sodium
690mg
172.5mg
0%
* Percentage Daily Intakes are based on an average adult diet of 8700 kJ. Your daily intakes may be higher or lower depending on your energy needs.",,https://www.coles.com.au/product/mersey-valley-club-green-peppercorn-cheese-235g-4512605,,,2024-06-16T22:42:30.790767-04:00
"Ind53SColes_ADairy, Eggs & Fridge_SACheese_IColes Dairy Cheese Fetta Aust Style | 200g",Coles Dairy Cheese Fetta Aust Style | 200g,Coles,"Dairy, Eggs & Fridge",Cheese,Gourmet Cheese,,$3.50,,,$17.50 per 1kg,9808755,"Coles Dairy Australian style fetta cheese, 200g. A semi soft cheese with an open crumbly texture, perfect for salads and barbecues.",,,"Per 100g/ml
Per Serving
%DI
Energy
1137.72
284.43
Protein
18.00
4.50
Carbohydrate
0.93
0.23
Sugars
0.10
0.03
Calcium
245.00
61.25
Sodium
1160.00
290.00
Saturated
15.17
3.79
Energy (Cal)
272.18
68.05
Fat
22.03
5.51
Dietary Fibre (total)
0.10
0.03
* Percentage Daily Intakes are based on an average adult diet of 8700 kJ. Your daily intakes may be higher or lower depending on your energy needs.",,https://www.coles.com.au/product/coles-dairy-cheese-fetta-aust-style-200g-9808755,,,2024-06-16T22:42:41.628593-04:00
"Ind53SColes_ADairy, Eggs & Fridge_SAPrimo_IPrimo Mild Pepperoni Twiggy Pizza Shapes & Tasty Cheese | 54g",Primo Mild Pepperoni Twiggy Pizza Shapes & Tasty Cheese | 54g,Primo,"Dairy, Eggs & Fridge",Primo,Crackers & Snacks,,$4.50,,,$8.33 per 100g,5421480,"Delicious Primo Pepperoni Twiggy Bites, Tasty Cheese and Arnott's Pizza Shapes.
Source of protein
No artificial colours or flavours
Great for lunch bags",,,"Per 100g/ml
Per Serving
%DI
Energy
1800
970
11
Protein
18.3
9.9
20
Total Fat
29.4
15.9
23
Saturated Fat
12.8
6.9
29
Carbohydrate
22.2
12.0
4
Sugars
1.8
<1g
<1
Sodium
774mg
418mg
18
* Percentage Daily Intakes are based on an average adult diet of 8700 kJ. Your daily intakes may be higher or lower depending on your energy needs.",,https://www.coles.com.au/product/primo-mild-pepperoni-twiggy-pizza-shapes-and-tasty-cheese-54g-5421480,,,2024-06-16T22:42:53.009220-04:00
"Ind53SColes_ADairy, Eggs & Fridge_SACheese_ICheer Aussie Jack Burger Cheese Slices | 250g",Cheer Aussie Jack Burger Cheese Slices | 250g,Cheer,"Dairy, Eggs & Fridge",Cheese,Sliced cheese,,$7.30,,,$29.20 per 1kg,7648556,"NEW CHEER Cheese slices - refill pack! Now with 80% less plastic* and available in all 250g cheese slice variants. Bring a little CHEER, with a lot less plastic. Simply BYO container and help us save the extra plastic! *Compared to the weight of previous CHEER Slices 250g packagingCHEER Cheese 250g Aussie Jack Cheese Slices are perfect for melting on burgers or using in breakfast muffins and quesedillas! With a mild cheese flavour and easy melt, CHEER Aussie Jack Slices are ideal for bringing a little CHEER to your table!- 16 Aussie Jack cheese slices- Simply BYO container and help us save the extra plastic! - Made in Australia from 100% Australian cow's milk- Vegetarian friendly- Preservative free- Mild cheese flavour- Perfect for your back to school lunch box or as a snack when relaxing at home!",,,"Per 100g/ml
Per Serving
%DI
Energy
1490kJ
238kJ
3%
Protein
24g
3.8g
8%
Total Fat
30g
4.8g
7%
Saturated Fat
20.5g
3.3g
14%
Carbohydrate
<1g
<1g
1%
Sugars
<1g
<1g
1%
Calcium
796mg
127mg
16%
Sodium
720mg
115mg
5%
* Percentage Daily Intakes are based on an average adult diet of 8700 kJ. Your daily intakes may be higher or lower depending on your energy needs.",,https://www.coles.com.au/product/cheer-aussie-jack-burger-cheese-slices-250g-7648556,,,2024-06-16T22:43:03.987162-04:00
"Ind53SColes_ADairy, Eggs & Fridge_SACheese_IBega Strong & Bitey Natural Vintage Slices | 500g",Bega Strong & Bitey Natural Vintage Slices | 500g,Bega,"Dairy, Eggs & Fridge",Cheese,Sliced cheese,,$11.00,,,$22.00 per 1kg,4413658,Bega Cheese Strong & Bitey Vintage Slices 500g,,,"Per 100g/ml
Per Serving
%DI
Energy
1700kJ
289kJ
3%
Protein
25.0g
4.3g
8%
Total Fat
34.0g
5.8g
8%
Saturated Fat
21.5g
3.7g
17%
Carbohydrate
Less than 1g
Less than 1g
0%
Sugars
Less than 1g
Less than 1g
0%
Calcium
730mg
Sodium
715mg
122mg
5%
* Percentage Daily Intakes are based on an average adult diet of 8700 kJ. Your daily intakes may be higher or lower depending on your energy needs.",,https://www.coles.com.au/product/bega-strong-and-bitey-natural-vintage-slices-500g-4413658,,,2024-06-16T22:43:14.846582-04:00
"Ind53SColes_ADairy, Eggs & Fridge_SAPrimo_IPrimo Stacker Leg Ham Cheese & Crackers | 50g",Primo Stacker Leg Ham Cheese & Crackers | 50g,Primo,"Dairy, Eggs & Fridge",Primo,Crackers & Snacks,,$4.50,,,$9.00 per 100g,3752705,Primo Stackers Leg Ham Cheddar Cheese & Crackers is a great source of protein and has no artificial colours or flavours. Perfect for a quick snack.,,,"Per 100g/ml
Per Serving
%DI
Energy
1130kJ
566kJ
7%
Protein
19.9g
9.9g
20%
Total Fat
13.3g
6.7g
10%
Saturated Fat
8.6g
4.3g
18%
Carbohydrate
17.6g
8.8g
3%
Sugars
1g
Less than 1g
<1%
Sodium
804mg
402mg
17%
* Percentage Daily Intakes are based on an average adult diet of 8700 kJ. Your daily intakes may be higher or lower depending on your energy needs.",,https://www.coles.com.au/product/primo-stacker-leg-ham-cheese-and-crackers-50g-3752705,,,2024-06-16T22:43:25.950230-04:00
"Ind53SColes_ADairy, Eggs & Fridge_SACheese_IZanetti Grana Padano Grated PDO | 100g",Zanetti Grana Padano Grated PDO | 100g,Zanetti,"Dairy, Eggs & Fridge",Cheese,Grated cheese,,$5.50,,,$55.00 per 1kg,4379957,"Zanetti Grana Padano Pdo Grated Bag 100g. The processing of milk that will become Grana Padano starts within a few hours, to preserve its freshness and its organoleptic properties Comes from an extremely large family of cheeses of certified quality, produced in Italy and distributed throughout the world. Each one has a different region of origin: all masterpieces of our dairy tradition and ensure the consumer can enjoy the quality, typicality and originality of all shapes, wedges and slices.",,,,"Unpasteurised cow's MILK, salt, animal rennet, lysozyme from EGG.",https://www.coles.com.au/product/zanetti-grana-padano-grated-pdo-100g-4379957,,,2024-06-16T22:43:34.781835-04:00
"Ind53SColes_ADairy, Eggs & Fridge_SACheese_ICastello Authentic Greek Feta | 150g",Castello Authentic Greek Feta | 150g,Castello,"Dairy, Eggs & Fridge",Cheese,Feta cheese,,$6.50,,,$43.34 per 1kg,5437957,,,,,,https://www.coles.com.au/product/castello-authentic-greek-feta-150g-5437957,,,2024-06-16T22:43:43.608238-04:00
"Ind53SColes_ADairy, Eggs & Fridge_SACheese_IPerfect Italiano Cheese Extra Sharp Parmesan Block | 200g",Perfect Italiano Cheese Extra Sharp Parmesan Block | 200g,Perfect Italiano,"Dairy, Eggs & Fridge",Cheese,Block cheese,,$7.50,,,$37.50 per 1kg,4394123,"Perfect Italiano Cheese Extra Sharp Block 200g
It's an easy way to add delicious flavour to pasta, salad or risotto.

Strong & Bitey flavour",,,"Per 100g/ml
Per Serving
%DI
Energy
1580kJ
158kJ
2 %
Protein
32.6g
3.3g
7%
Total Fat
27.2g
2.7g
4%
Saturated Fat
16.3g
1.6g
7%
Carbohydrate
LESS THAN 1g
LESS THAN 1g
0
Sugars
LESS THAN 1g
LESS THAN 1g
0
Calcium
950mg
95mg
12% RDI*
Sodium
846mg
85mg
4%
* Percentage Daily Intakes are based on an average adult diet of 8700 kJ. Your daily intakes may be higher or lower depending on your energy needs.",,https://www.coles.com.au/product/perfect-italiano-cheese-extra-sharp-parmesan-block-200g-4394123,,,2024-06-16T22:43:54.596991-04:00
"Ind53SColes_ADairy, Eggs & Fridge_SACheese_IMil Lel Shredded Parmesan | 170g",Mil Lel Shredded Parmesan | 170g,Mil Lel,"Dairy, Eggs & Fridge",Cheese,Grated cheese,,$6.20,,$6.90,$36.47 per 1kg,3843265,Our MIL LEL Parmesan is expertly crafted from the finest ingredients. This award winning full-flavoured robust cheese is perfect addition to any occasion or meal.,,,"Per 100g/ml
Per Serving
%DI
Energy
1540kJ
385kJ
0%
Protein
31.3g
7.8g
0%
Total Fat
26.8g
6.7g
0%
Saturated Fat
17.4g
4.4g
0%
Carbohydrate
<1g
<1g
0%
Sugars
<1g
<1g
0%
Calcium
1540mg
385mg
48%
Sodium
1120mg
280mg
0%
* Percentage Daily Intakes are based on an average adult diet of 8700 kJ. Your daily intakes may be higher or lower depending on your energy needs.","Natural Parmesan Cheese. Ingredients- Cheese (Paseurised Milk, Salt, Mineral Salt (509), Starter Culture, Enzymes (Animal Lipase), Preservatatives (1105, 235) (Contains Egg Protein)), Anti-Caking Agent (460)",https://www.coles.com.au/product/mil-lel-shredded-parmesan-170g-3843265,,,2024-06-16T22:44:05.870205-04:00
"Ind53SColes_ADairy, Eggs & Fridge_SACheese_ICastello Blue Cheese | 150g",Castello Blue Cheese | 150g,Castello,"Dairy, Eggs & Fridge",Cheese,Blue cheese,,$7.50,,,$50.00 per 1kg,212188,"Castello creamy blue is creatively crafted to combine a smooth and creamy texture with rich notes of blue mould, creating a perfectly balanced, delicate cheese that becomes more refined over time. To enjoy this cheese at its best, remove from the fridge one hour before eating.",,,"Per 100g/ml
Per Serving
%DI
Energy
1780kJ
445kJ
Protein
13.2g
3.3g
Total Fat
41.5g
10.4g
Saturated Fat
26.5g
6.6g
Carbohydrate
0.1g
<0.1g
Sugars
0.1g
<0.1g
Sodium
640mg
160mg
* Percentage Daily Intakes are based on an average adult diet of 8700 kJ. Your daily intakes may be higher or lower depending on your energy needs.",,https://www.coles.com.au/product/castello-blue-cheese-150g-212188,,,2024-06-16T22:44:16.871600-04:00
"Ind53SColes_ADairy, Eggs & Fridge_SACheese_IColes Double Cream Camembert | 200g",Coles Double Cream Camembert | 200g,Coles,"Dairy, Eggs & Fridge",Cheese,Brie & soft cheese,,$5.50,,,$27.50 per 1kg,2801736,Smooth & creamy soft ripened cheese crafted in Gippsland using Australian milk. A perfect addition to any platter.,,,"Per 100g/ml
Per Serving
%DI
Energy
1396.30
349.08
Protein
17.20
4.30
Carbohydrate
0.90
0.23
Sugars
0.10
0.03
Calcium
507.00
126.75
Sodium
528.00
132.00
Saturated
20.50
5.13
Energy (Cal)
334.04
83.51
Fat
29.40
7.35
Dietary Fibre (total)
0.10
0.03
* Percentage Daily Intakes are based on an average adult diet of 8700 kJ. Your daily intakes may be higher or lower depending on your energy needs.",,https://www.coles.com.au/product/coles-double-cream-camembert-200g-2801736,,,2024-06-16T22:44:27.916445-04:00
"Ind53SColes_ADairy, Eggs & Fridge_SACheese_IPerfect Italiano Perfect Pizza Grated Cheese | 450g",Perfect Italiano Perfect Pizza Grated Cheese | 450g,Perfect Italiano,"Dairy, Eggs & Fridge",Cheese,Grated cheese,,$9.50,,,$21.11 per 1kg,5723490,"Perfect Italiano Cheese Perfect Pizza Grated 450g
3 cheeses for authentic flavour",,,"Per 100g/ml
Per Serving
%DI
Energy
1380kJ
345kJ
4%
Protein
26.3g
6.6g
13%
Total Fat
25.1g
6.3g
9%
Saturated Fat
16.1g
4.0g
17%
Carbohydrate
Less than 1g
Less than 1g
0%
Sugars
Less than 1g
Less than 1g
0%
Calcium
758mg
189mg
23% RDI*
Sodium
617mg
154mg
7%
* Percentage Daily Intakes are based on an average adult diet of 8700 kJ. Your daily intakes may be higher or lower depending on your energy needs.",,https://www.coles.com.au/product/perfect-italiano-perfect-pizza-grated-cheese-450g-5723490,,,2024-06-16T22:44:42.485080-04:00
"Ind53SColes_ADairy, Eggs & Fridge_SACheese_ICracker Barrel Extra Sharp Cheese Slices | 250g",Cracker Barrel Extra Sharp Cheese Slices | 250g,Cracker Barrel,"Dairy, Eggs & Fridge",Cheese,Sliced cheese,,$7.45,,$9.20,$29.80 per 1kg,4389178,"Our vintage cheddar is carefully aged to develop a sharp, full bodied flavour and crumbly texture.",,,"Per 100g/ml
Per Serving
%DI
Energy
1690kJ
355kJ
0%
Protein
25.8g
5.4g
0%
Total Fat
33.3g
7g
0%
Saturated Fat
21.6g
4.5g
0%
Carbohydrate
<1g
<1g
0%
Sugars
<1g
<1g
0%
Calcium
750mg
158mg
20%
Sodium
730mg
153mg
0%
* Percentage Daily Intakes are based on an average adult diet of 8700 kJ. Your daily intakes may be higher or lower depending on your energy needs.",,https://www.coles.com.au/product/cracker-barrel-extra-sharp-cheese-slices-250g-4389178,,,2024-06-16T22:44:53.982120-04:00
"Ind53SColes_ADairy, Eggs & Fridge_SAPrimo_IPrimo Cabanossi Jatz & Tasty Cheese | 50g",Primo Cabanossi Jatz & Tasty Cheese | 50g,Primo,"Dairy, Eggs & Fridge",Primo,Crackers & Snacks,,$4.50,,,$9.00 per 100g,5420692,"The classic party favourite, in a handy pack. Primo Cabanossi, Tasty cheese & Jatz Crackers",,,"Per 100g/ml
Per Serving
%DI
Energy
1520kJ
762kJ
9%
Protein
16.8g
8.4g
17%
Total Fat
26.2g
13.1g
19%
Saturated Fat
12.4g
6.2g
26%
Carbohydrate
15.7g
7.9g
3%
Sugars
1.4g
<1g
<1%
Sodium
755mg
378mg
16%
* Percentage Daily Intakes are based on an average adult diet of 8700 kJ. Your daily intakes may be higher or lower depending on your energy needs.",,https://www.coles.com.au/product/primo-cabanossi-jatz-and-tasty-cheese-50g-5420692,,,2024-06-16T22:45:04.872066-04:00
"Ind53SColes_ADairy, Eggs & Fridge_SACheese_IBega Cheese Grated Light | 250g",Bega Cheese Grated Light | 250g,Bega,"Dairy, Eggs & Fridge",Cheese,Grated cheese,,$7.50,,,$30.00 per 1kg,7699284,"What makes Bega... Bega?
Over 100 years of dairying heritage resulting in the unique Bega taste you know and love. ",,,"Per 100g/ml
Per Serving
%DI
Energy
1140kJ
285kJ
3%
Protein
34.4g
8.6g
17%
Total Fat
15.0g
3.8g
5%
Saturated Fat
9.0g
2.3g
10%
Carbohydrate
Less than 1g
Less than 1g
0%
Sugars
Less than 1g
Less than 1g
0%
Calcium
940mg
235mg
Sodium
600mg
150mg
6%
* Percentage Daily Intakes are based on an average adult diet of 8700 kJ. Your daily intakes may be higher or lower depending on your energy needs.",,https://www.coles.com.au/product/bega-cheese-grated-light-250g-7699284,,,2024-06-16T22:45:16.331669-04:00
"Ind53SColes_ADairy, Eggs & Fridge_SACheese_IBega Dairy Natural Tasty Cheese Slices 30 Pack | 500g",Bega Dairy Natural Tasty Cheese Slices 30 Pack | 500g,Bega,"Dairy, Eggs & Fridge",Cheese,Sliced cheese,,$11.00,,,$22.00 per 1kg,6704811,Bega Cheese Tasty Slices 500g,,,"Per 100g/ml
Per Serving
%DI
Energy
1720kJ
292kJ
3%
Protein
24.1g
4.1g
8%
Total Fat
35.3g
6.0g
8%
Saturated Fat
21.3g
3.6g
17%
Carbohydrate
Less than 1g
Less than 1g
0%
Sugars
Less than 1g
Less than 1g
0%
Calcium
660mg
Sodium
660mg
122mg
5%
* Percentage Daily Intakes are based on an average adult diet of 8700 kJ. Your daily intakes may be higher or lower depending on your energy needs.",,https://www.coles.com.au/product/bega-dairy-natural-tasty-cheese-slices-30-pack-500g-6704811,,,2024-06-16T22:45:27.716350-04:00
"Ind53SColes_ADairy, Eggs & Fridge_SACheese_ITidbit Gorgonzola Dolce Dop | 200g",Tidbit Gorgonzola Dolce Dop | 200g,Tidbit,"Dairy, Eggs & Fridge",Cheese,Blue cheese,,$8.50,,,$42.50 per 1kg,5443202,,,,,,https://www.coles.com.au/product/tidbit-gorgonzola-dolce-dop-200g-5443202,,,2024-06-16T22:45:37.225892-04:00
"Ind53SColes_ADairy, Eggs & Fridge_SACheese_IBio Cheese Creamy Original Spreadable | 150g",Bio Cheese Creamy Original Spreadable | 150g,Bio,"Dairy, Eggs & Fridge",Cheese,Cheese snacks,,$4.20,,$7.00,$28.00 per 1kg,3844723,"It's smooth, it's creamy, it's mild... it's BioCreamy. Introducing the perfect cream cheese simulant - ideally spread on a bagel, used in dessert recipes or even paired with strawberries as an evening snack. Entirely free of additives and preservatives, and containing only plant-based ingredients, this product is light on the stomach (and flavourful on the tastebuds).
Vegan Friendly

Vegetarian

Gluten Free

Soya Free

Lactose Free

Palm Oil Free.

GMO Free.

Plant-Based Dairy Simulant.",,,"Per 100g/ml
Per Serving
%DI
Energy
987
296
Protein
0
0
Total Fat
23
6.9
Saturated Fat
21
6.3
Carbohydrate
8
2.4
Sugars
0
0
Sodium
480
144
Energy (Cal)
239
72
Trans
0.23
0.069
* Percentage Daily Intakes are based on an average adult diet of 8700 kJ. Your daily intakes may be higher or lower depending on your energy needs.",,https://www.coles.com.au/product/bio-cheese-creamy-original-spreadable-150g-3844723,,,2024-06-16T22:45:49.919310-04:00
"Ind53SColes_ADairy, Eggs & Fridge_SACheese_IUdder Delights Double Cream Brie | 200g",Udder Delights Double Cream Brie | 200g,Udder Delights,"Dairy, Eggs & Fridge",Cheese,Brie & soft cheese,,$10.50,,,$52.50 per 1kg,3054560,"From Blue Cheese to Brie, Chevre to Camembert, Udder Delights is passionate about making, sharing and eating cheese. Our handmade artisan products are lovingly created at our cheese factory in Lobethal, in the beautiful Adelaide Hills. Working with South Australian dairies, from the Hills to the Fleurier Peninsula, we value our relationships with local producers.",,,,"Cow's Milk, Cream, Non-Animal Rennet, Culture, Salt",https://www.coles.com.au/product/udder-delights-double-cream-brie-200g-3054560,,,2024-06-16T22:45:59.231737-04:00
"Ind53SColes_ADairy, Eggs & Fridge_SACheese_IBulla Dairy Low Fat Onion & Chives Cottage Cheese | 200g",Bulla Dairy Low Fat Onion & Chives Cottage Cheese | 200g,Bulla,"Dairy, Eggs & Fridge",Cheese,Brie & soft cheese,,$3.80,,,$19.00 per 1kg,393967,"Bulla Cottage Cheese Onion & Chives 200g is a high protein versatile cheese that is 97% fat free and vegetarian friendly. Bulla Cottage Cheese is handmade in country Victoria, from fresh milk delivered daily.
Australian family owned and made.",,,"Per 100g/ml
Per Serving
%DI
Energy
352kJ
352kJ
4%
Protein
11.9g
11.9g
24%
Total Fat
1.8g
1.8g
3%
Saturated Fat
1.3g
1.3g
5%
Carbohydrate
4.9g
4.9g
2%
Sugars
4.3g
4.3g
5%
Calcium
109mg
109mg
14%
Sodium
314mg
314mg
14%
* Percentage Daily Intakes are based on an average adult diet of 8700 kJ. Your daily intakes may be higher or lower depending on your energy needs.",,https://www.coles.com.au/product/bulla-dairy-low-fat-onion-and-chives-cottage-cheese-200g-393967,,,2024-06-16T22:46:10.378548-04:00
"Ind53SColes_ADairy, Eggs & Fridge_SACheese_ISunbeam Sultana & Apple With Cheddar Cheese | 35g",Sunbeam Sultana & Apple With Cheddar Cheese | 35g,Sunbeam,"Dairy, Eggs & Fridge",Cheese,Cheese snacks,,$3.00,,,$8.57 per 100g,7704395,"Introducing Sunbeam Fruit & Cheese chilled snacks  where real fruit meets real cheese for a taste that's real cool!
Packed with the goodness of nature, our snacks are the perfect on-the-go solution for busy kids.
Embrace the real goodness of Sunbeam Fruit & Cheese snacks and add a little Sunbeam sunshine to their day!
With Real Fruit
With Real Cheese
Source of Calcium
No Artificial colours or flavours",,,"Per 100g/ml
Per Serving
%DI
Energy
1430kJ
501kJ
Protein
9.8g
3.4g
Total Fat
13.7g
4.8g
Saturated Fat
10.2g
3.6g
Carbohydrate
42.8g
15g
Sugars
42.3g
14.8g
Calcium
305mg
107mg
13%
Sodium
327mg
115mg
* Percentage Daily Intakes are based on an average adult diet of 8700 kJ. Your daily intakes may be higher or lower depending on your energy needs.",,https://www.coles.com.au/product/sunbeam-sultana-and-apple-with-cheddar-cheese-35g-7704395,,,2024-06-16T22:46:21.757979-04:00
"Ind53SColes_ADairy, Eggs & Fridge_SACheese_IGreat Ocean Road Extra Tasty Cheese Block | 500g",Great Ocean Road Extra Tasty Cheese Block | 500g,Great Ocean Road,"Dairy, Eggs & Fridge",Cheese,Block cheese,,$10.30,,,$20.60 per 1kg,9182202,"Our full flavoured tasty cheddar, just a little bit more extra ordinary.Born on the Great Ocean Road in Victoria, our products are made with 100% Australian milk sourced predominately from farmers in South West Victoria.- Extra Tasty Cheese- Extra Tasty Cheese Block",,,"Per 100g/ml
Per Serving
%DI
Energy
1750kJ
438kJ
0%
Protein
27g
7g
0%
Total Fat
34g
8g
0%
Saturated Fat
23.5g
6g
0%
Carbohydrate
<1g
<1g
0%
Sugars
<1g
<1g
0%
Calcium
750mg
188mg
23%
Sodium
650mg
163mg
0%
* Percentage Daily Intakes are based on an average adult diet of 8700 kJ. Your daily intakes may be higher or lower depending on your energy needs.",,https://www.coles.com.au/product/great-ocean-road-extra-tasty-cheese-block-500g-9182202,,,2024-06-16T22:46:33.166707-04:00
"Ind53SColes_ADairy, Eggs & Fridge_SACheese_ITasmanian Heritage Camembert | 200g",Tasmanian Heritage Camembert | 200g,Tasmanian Heritage,"Dairy, Eggs & Fridge",Cheese,Brie & soft cheese,,$11.95,,,$59.75 per 1kg,7670410,"Tasmanian Heritage Camembert is a smooth, mellow soft white cheese and has a smooth and mild delicate flavour. It will continue to develop in flavour and soften in texture as it reaches the best before date. Take your Tasmanian Heritage cheese out of the fridge an hour before serving to ensure the best flavour and texture. Made with: 100% Tasmanian milk.Cheese Type: White MouldMilk: CowOrigin: TasmaniaServing Suggestion: Tasmanian Heritage Camembert is delicious served on a platter with fresh fruit and crackers.Wine Pairing: Best served with a fruity white wine, such as a Sauvignon Blanc.We also recommend including the Tasmanian Heritage Classic Blue.",,,"Per 100g/ml
Per Serving
%DI
Energy
1430kJ
358kJ
0%
Protein
19.9g
5g
0%
Total Fat
29g
7.3g
0%
Saturated Fat
21.2g
5.3g
0%
Carbohydrate
<1g
<1g
0%
Sugars
<1g
<1g
0%
Calcium
546mg
136mg
0%
Sodium
530mg
133mg
0%
* Percentage Daily Intakes are based on an average adult diet of 8700 kJ. Your daily intakes may be higher or lower depending on your energy needs.",,https://www.coles.com.au/product/tasmanian-heritage-camembert-200g-7670410,,,2024-06-16T22:46:44.642579-04:00
"Ind53SColes_ADairy, Eggs & Fridge_SACheese_IMersey Valley Club Dairy Original Vintage Cheddar Cheese | 180g",Mersey Valley Club Dairy Original Vintage Cheddar Cheese | 180g,Mersey Valley,"Dairy, Eggs & Fridge",Cheese,Cheddar & tasty cheese,,$8.65,,,$48.06 per 1kg,6580253,"Mersey Valley Original has a delightful crumbly texture with a milder cheddar flavour, perfect for a snack that really hits the spot! Mersey Valley Original pairs perfectly with tomatoes, salami and your favourite crackers. Best served with a light craft beer or light red wine.",,,"Per 100g/ml
Per Serving
%DI
Energy
1740kJ
435kJ
0%
Protein
24.8g
6.2g
0%
Total Fat
33g
8.25g
0%
Saturated Fat
21.1g
5.275g
0%
Carbohydrate
1.4g
<1g
0%
Sugars
<1g
<1g
0%
Calcium
741mg
185.25mg
0%
Sodium
720mg
180mg
0%
* Percentage Daily Intakes are based on an average adult diet of 8700 kJ. Your daily intakes may be higher or lower depending on your energy needs.",,https://www.coles.com.au/product/mersey-valley-club-dairy-original-vintage-cheddar-cheese-180g-6580253,,,2024-06-16T22:46:56.291065-04:00
"Ind53SColes_ADairy, Eggs & Fridge_SACheese_ISouth Cape Dairy Fetta Crumbed Cheese | 200g",South Cape Dairy Fetta Crumbed Cheese | 200g,South Cape,"Dairy, Eggs & Fridge",Cheese,Gourmet Cheese,,$8.00,,,$40.00 per 1kg,5194378,"South Cape Crumbled Fetta is a Greek style fetta. Already crumbled for your convenience, it comes in a handy resealable tub. Best served with salad and paired with sparkling wine. Liberate your plate with South Cape.",,,"Per 100g/ml
Per Serving
%DI
Energy
1170kJ
292.5kJ
0%
Protein
18g
4.5g
0%
Total Fat
22.6g
5.65g
0%
Saturated Fat
14.7g
3.675g
0%
Carbohydrate
<1g
<1g
0%
Sugars
<1g
<1g
0%
Calcium
470mg
117.5mg
0%
Sodium
1045mg
261.25mg
0%
* Percentage Daily Intakes are based on an average adult diet of 8700 kJ. Your daily intakes may be higher or lower depending on your energy needs.",,https://www.coles.com.au/product/south-cape-dairy-fetta-crumbed-cheese-200g-5194378,,,2024-06-16T22:47:07.406527-04:00
"Ind53SColes_ADairy, Eggs & Fridge_SACheese_IDevondale 3 Shredded Cheese Blend | 750g",Devondale 3 Shredded Cheese Blend | 750g,Devondale,"Dairy, Eggs & Fridge",Cheese,Grated cheese,,$13.50,,,$18.00 per 1kg,2782959,"Devondale Shredded 3 Cheese Blend is the ultimate cooking companion. This blend of colby, parmesan and mozzarella is packed full of dynamic flavour that will elevate your meals and bring a terrific cheesy stretch.- 750g shredded 3 cheese blend- Perfect for cooking- blend of colby parmesan and mozzarella",,,"Per 100g/ml
Per Serving
%DI
Energy
1500kJ
375kJ
0%
Protein
25.3g
6.3g
0%
Total Fat
28.2g
7.1g
0%
Saturated Fat
19.8g
5g
0%
Carbohydrate
<1g
<1g
0%
Sugars
<1g
<1g
0%
Calcium
812mg
203mg
25%
Sodium
638mg
160mg
0%
* Percentage Daily Intakes are based on an average adult diet of 8700 kJ. Your daily intakes may be higher or lower depending on your energy needs.",,https://www.coles.com.au/product/devondale-3-shredded-cheese-blend-750g-2782959,,,2024-06-16T22:47:18.847397-04:00
"Ind53SColes_ADairy, Eggs & Fridge_SACheese_IColes Tasty Light Cheese Slices 24 Pack | 500g",Coles Tasty Light Cheese Slices 24 Pack | 500g,Coles,"Dairy, Eggs & Fridge",Cheese,Sliced cheese,,$7.90,,,$15.80 per 1kg,5433027,"3 is for mature strength 30% less fat* and matured for a rich, tasty flavour. Perfect for sandwiches and toasties.",,,"Per 100g/ml
Per Serving
%DI
Energy
1402.8
294.59
Protein
29.7
6.24
Carbohydrate
0.1
0.02
Sugars
0.1
0.02
Calcium
841
176.61
Sodium
665
139.65
Saturated
16.6
3.49
Energy (Cal)
335.6
70.48
Fat
24.2
5.08
Dietary Fibre (total)
0.1
0.02
* Percentage Daily Intakes are based on an average adult diet of 8700 kJ. Your daily intakes may be higher or lower depending on your energy needs.",,https://www.coles.com.au/product/coles-tasty-light-cheese-slices-24-pack-500g-5433027,,,2024-06-16T22:47:31.109951-04:00
"Ind53SColes_ADairy, Eggs & Fridge_SACheese_IBega Tasty Cheese Block | 250g",Bega Tasty Cheese Block | 250g,Bega,"Dairy, Eggs & Fridge",Cheese,Block cheese,,$7.50,,,$30.00 per 1kg,296712,Bega Cheese Tasty Block 250g,,,"Per 100g/ml
Per Serving
%DI
Energy
1720kJ
430kJ
5%
Protein
24.8g
6.2g
12%
Total Fat
34.7g
8.7g
12%
Saturated Fat
23.8g
6.0g
25%
Carbohydrate
LESS THAN 1g
LESS THAN 1g
0%
Sugars
LESS THAN 1g
LESS THAN 1g
0%
Calcium
738mg
185mg (23% RDI)
Sodium
650mg
163mg
7%
* Percentage Daily Intakes are based on an average adult diet of 8700 kJ. Your daily intakes may be higher or lower depending on your energy needs.",,https://www.coles.com.au/product/bega-tasty-cheese-block-250g-296712,,,2024-06-16T22:47:42.128588-04:00
"Ind53SColes_ADairy, Eggs & Fridge_SACheese_IMainland Cheese Slices Swiss | 180g",Mainland Cheese Slices Swiss | 180g,Mainland,"Dairy, Eggs & Fridge",Cheese,Sliced cheese,,$6.00,,,$33.34 per 1kg,5415375,"At Mainland we know good things take time, so our convenient range of slices are crafted with the same care, time, and effort as all our cheeses. They really are a slice off the old block.

Mainland Swiss is a sweet traditional Swiss-style cheese, with rich and nutty flavours and holey in appearance.
Sweet & Nutty",,,"Per 100g/ml
Per Serving
%DI
Energy
1640kJ
295kJ
Protein
26.7g
4.8g
Total Fat
31.6g
5.7g
5.7g
Saturated Fat
19.0g
3.4g
Carbohydrate
Less than 1g
Less than 1g
Sugars
Less than 1g
Less than 1g
Calcium
882mg
159mg
20% RDI*
Sodium
315mg
57mg
* Percentage Daily Intakes are based on an average adult diet of 8700 kJ. Your daily intakes may be higher or lower depending on your energy needs.",,https://www.coles.com.au/product/mainland-cheese-slices-swiss-180g-5415375,,,2024-06-16T22:47:53.191908-04:00
"Ind53SColes_ADairy, Eggs & Fridge_SACheese_ILemnos Dairy Organic Haloumi Cheese | 180g",Lemnos Dairy Organic Haloumi Cheese | 180g,Lemnos,"Dairy, Eggs & Fridge",Cheese,Gourmet Cheese,,$7.00,,,$38.89 per 1kg,4998880,"- No artificial flavours.
- No preservatives.
Vacuum sealed for freshness.
Made with milk from certified organic farms

Suitable for vegetarians",,,"Per 100g/ml
Per Serving
%DI
Energy
1370kJ
411kJ
Protein
20.0g
6.0g
Total Fat
27.2g
8.2g
Saturated Fat
18.0g
5.4g
Carbohydrate
1.3g
<1g
Sugars
1.3g
<1g
Sodium
1490mg
447mg
Energy (Cal)
327Cal
98Cal
* Percentage Daily Intakes are based on an average adult diet of 8700 kJ. Your daily intakes may be higher or lower depending on your energy needs.",,https://www.coles.com.au/product/lemnos-dairy-organic-haloumi-cheese-180g-4998880,,,2024-06-16T22:48:04.240166-04:00
"Ind53SColes_ADairy, Eggs & Fridge_SACheese_IThe Laughing Cow Cheese Spread | 128g",The Laughing Cow Cheese Spread | 128g,The Laughing Cow,"Dairy, Eggs & Fridge",Cheese,Cheese snacks,,$5.00,,,$39.06 per 1kg,7646109,,,,,,https://www.coles.com.au/product/the-laughing-cow-cheese-spread-128g-7646109,,,2024-06-16T22:48:13.106755-04:00
"Ind53SColes_ADairy, Eggs & Fridge_SACheese_IBega Lactose Free Grated Cheese | 250g",Bega Lactose Free Grated Cheese | 250g,Bega,"Dairy, Eggs & Fridge",Cheese,Grated cheese,,$7.50,,,$30.00 per 1kg,4383750,Bega Cheese Lactose Free Tasty Grated 250g,,,"Per 100g/ml
Per Serving
%DI
Energy
1720kJ
430kJ
5%
Protein
24.2g
6.1g
12%
Total Fat
35.3g
8.8g
13%
Saturated Fat
21.3g
5.3g
22%
Carbohydrate
2.6g
Less than 1g
0%
Sugars
Less than 1g
Less than 1g
0%
Lactose
NIL
NIL
NIL
Calcium
660mg
165mg
21% RDI*
Sodium
720mg
180mg
8%
Dietary Fibre (total)
2.6g
Less than 1g
2%
Galactose
Less than 1g
Less than 1g
0%
* Percentage Daily Intakes are based on an average adult diet of 8700 kJ. Your daily intakes may be higher or lower depending on your energy needs.",,https://www.coles.com.au/product/bega-lactose-free-grated-cheese-250g-4383750,,,2024-06-16T22:48:24.620581-04:00
"Ind53SColes_ADairy, Eggs & Fridge_SACheese_IColes Grated Parmesan Cheese | 100g",Coles Grated Parmesan Cheese | 100g,Coles,"Dairy, Eggs & Fridge",Cheese,Grated cheese,,$2.00,,,$20.00 per 1kg,5235453,"Made from Australian milk, our Coles Grated Parmesan Cheese is packed with all the sharp, savory and nutty parmesan notes we know and love, ready to be sprinkled atop your next master meal. Unlike most big-name Parm-in-a-jar, our Coles Grated Parmesan Cheese is crafted with non-animal rennet, which makes it suitable for our vegetarian folk. Our ingredients are simple and free from potassium sorbate, a preservative often added to extend shelf-life and flavour. What you see is what you get, as it were.

Whether you plan to impress at the next BBQ gathering with an warm pumpkin salad or cook an undeniable meatball bolognese, sprinkling (or let's face it, pouring) this parmesan atop will only improve your no doubt excellent culinary creations.

A simple way to lift your mid-week meals: Parmesan-roasted potatoes

A simple way to lift your mid-week meals: Parmesan-roasted potatoes
Boil potatoes for 2 min, drain and lightly coat potatoes in oil
Toss potatoes into the parmesan mix (until evenly coated) and oven roast",,,"Per 100g/ml
Per Serving
%DI
Energy
1905.88
190.59
Protein
27.92
2.79
Saturated Fat
24.5
2.5
10
Carbohydrate
7.10
0.71
Sugars
7.10
0.71
Sodium
2939.00
293.90
Saturated
24.52
2.45
Energy (Cal)
455.95
45.60
Fat
35.42
3.54
Dietary Fibre (total)
0.00
0.00
Trans
0.40
0.04
* Percentage Daily Intakes are based on an average adult diet of 8700 kJ. Your daily intakes may be higher or lower depending on your energy needs.",,https://www.coles.com.au/product/coles-grated-parmesan-cheese-100g-5235453,,,2024-06-16T22:48:35.770380-04:00
"Ind53SColes_ADairy, Eggs & Fridge_SACheese_IMainland Creamy Caramelised Onion | 40g",Mainland Creamy Caramelised Onion | 40g,Mainland,"Dairy, Eggs & Fridge",Cheese,Cheese snacks,,$3.00,Pick any 2 for $5,,$7.50 per 100g,6796605,"Mainland Creamy Cheese & Crackers Infused with Aged Cheddar Caramelised Onion 40g
Made with Aged Cheddar

Creamy Cheese & Crackers infused with Aged Cheddar & Caramelised Onion",,,"Per 100g/ml
Per Serving
%DI
Energy
1510kJ
604kJ
7%
Protein
9.9g
3.9g
8%
Total Fat
21.2g
8.5g
12%
Saturated Fat
13.2g
5.3g
22%
Carbohydrate
31.7g
12.7g
4%
Sugars
1.6g
less than 1.0g
1%
Sodium
584mg
234mg
10%
Monounsaturated
0
0
0
Dietary Fibre (total)
0
0
0
Polyunsaturated
0
0
0
Trans
0
0
0
* Percentage Daily Intakes are based on an average adult diet of 8700 kJ. Your daily intakes may be higher or lower depending on your energy needs.",,https://www.coles.com.au/product/mainland-creamy-caramelised-onion-40g-6796605,,,2024-06-16T22:48:46.675813-04:00
"Ind53SColes_ADairy, Eggs & Fridge_SACheese_IColes Cheese Shredded Tasty Light | 700g",Coles Cheese Shredded Tasty Light | 700g,Coles,"Dairy, Eggs & Fridge",Cheese,Grated cheese,,$9.50,,,$13.57 per 1kg,8145346,"Matured for a rich & tasty flavour, perfect for baking +30% Less Fat than Coles standard tasty cheddar",,,"Per 100g/ml
Per Serving
%DI
Energy
1402.8
350.7
Protein
29.7
7.43
Carbohydrate
0.1
0.03
Sugars
0.1
0.03
Calcium
841
210.25
Sodium
665
166.25
Saturated
16.6
4.15
Energy (Cal)
335.6
83.9
Fat
24.2
6.05
Dietary Fibre (total)
0.1
0.03
* Percentage Daily Intakes are based on an average adult diet of 8700 kJ. Your daily intakes may be higher or lower depending on your energy needs.",,https://www.coles.com.au/product/coles-cheese-shredded-tasty-light-700g-8145346,,,2024-06-16T22:48:58.473508-04:00
"Ind53SColes_ADairy, Eggs & Fridge_SACheese_IMeredith Dairy Goats Cheese Chevre Dill | 80g",Meredith Dairy Goats Cheese Chevre Dill | 80g,Meredith,"Dairy, Eggs & Fridge",Cheese,Specialty & entertaining cheese,,$5.50,,,$68.75 per 1kg,5438574,"Meredith Dairy Fresh Dill Goat Cheese is infused with the fresh, lemony and subtle aniseed lift of dill. A perfect harmony of restrained salt and citrus taste in a light, fluffy texture. Its pure, delicate and wonderfully creamy taste is achieved by processing farm fresh goat milk when it is just hours old! Delicious with smoked salmon, nestled in baked potatoes or the hero of your next omelette.  ",,,"Per 100g/ml
Per Serving
%DI
Energy
1070
214
Protein
14.0
2.8
Total Fat
21.1
4.2
Saturated Fat
14.5
2.9
Carbohydrate
1.8
0.4
Sugars
1.8
0.4
Calcium
69
14
Sodium
378
76
* Percentage Daily Intakes are based on an average adult diet of 8700 kJ. Your daily intakes may be higher or lower depending on your energy needs.",,https://www.coles.com.au/product/meredith-dairy-goats-cheese-chevre-dill-80g-5438574,,,2024-06-16T22:49:09.975200-04:00
"Ind53SColes_ADairy, Eggs & Fridge_SACheese_IColes Edam Cheese Slices | 200g",Coles Edam Cheese Slices | 200g,Coles,"Dairy, Eggs & Fridge",Cheese,Sliced cheese,,$4.90,,,$24.50 per 1kg,1462511,10 CHEESE SLICESMild with a buttery finish,,,"Per 100g/ml
Per Serving
%DI
Energy
1314.4
262.88
Protein
25.3
5.06
Total Fat
23.9
4.78
Carbohydrate
0
0
Sugars
0
0
Calcium
920
184
Sodium
790
158
Saturated
16.2
3.24
Energy (Cal)
314.45
62.89
Dietary Fibre (total)
0
0
* Percentage Daily Intakes are based on an average adult diet of 8700 kJ. Your daily intakes may be higher or lower depending on your energy needs.",,https://www.coles.com.au/product/coles-edam-cheese-slices-200g-1462511,,,2024-06-16T22:49:21.511469-04:00
"Ind53SColes_ADairy, Eggs & Fridge_SA_IDairylea Original Cheese Slices 24 Pack | 432g",Dairylea Original Cheese Slices 24 Pack | 432g,Dairylea,"Dairy, Eggs & Fridge",,,,$8.00,,$9.00,$18.52 per 1kg,215131,Dairylea Cheese Slices Original are a delicious source of calcium with no artificial colours or flavours. They're sure to be a hit in sandwiches and wraps!,,,"Per 100g/ml
Per Serving
%DI
Energy
1160kJ
209kJ
2%
Protein
19.8g
3.6g
7%
Total Fat
20.9g
3.8g
5%
Saturated Fat
13.6g
2.5g
10%
Carbohydrate
3.1g
<1.0g
<1%
Sugars
2.4g
<1.0g
<1%
Calcium
800 mg
144 mg
18%
Sodium
1350mg
242mg
11%
* Percentage Daily Intakes are based on an average adult diet of 8700 kJ. Your daily intakes may be higher or lower depending on your energy needs.",,https://www.coles.com.au/product/dairylea-original-cheese-slices-24-pack-432g-215131,,,2024-06-16T22:49:32.760410-04:00
"Ind53SColes_ADairy, Eggs & Fridge_SACheese_IAustralian Gold Dairy Cheese Camembert | 115g",Australian Gold Dairy Cheese Camembert | 115g,Australian Gold,"Dairy, Eggs & Fridge",Cheese,Brie & soft cheese,,$4.50,,,$39.13 per 1kg,8083147,,,,,,https://www.coles.com.au/product/australian-gold-dairy-cheese-camembert-115g-8083147,,,2024-06-16T22:49:41.821086-04:00
"Ind53SColes_ADairy, Eggs & Fridge_SA_IColes Dutch Gouda | 265g",Coles Dutch Gouda | 265g,Coles,"Dairy, Eggs & Fridge",,,,$6.00,,,$22.64 per 1kg,3796405,Creamy Dutch Gouda cheese with a mellow nutty flavour. Perfect for a cheeseboard and entertaining.,,,"Per 100g/ml
Per Serving
%DI
Energy
1526.30
457.89
Protein
23.40
7.02
Total Fat
30.50
9.15
Saturated Fat
21.20
6.36
Carbohydrate
0.00
0.00
Sugars
0.00
0.00
Sodium
726.00
217.80
Energy (Cal)
365.14
109.54
Dietary Fibre (total)
0.00
0.00
* Percentage Daily Intakes are based on an average adult diet of 8700 kJ. Your daily intakes may be higher or lower depending on your energy needs.",,https://www.coles.com.au/product/coles-dutch-gouda-265g-3796405,,,2024-06-16T22:49:54.110414-04:00
"Ind53SColes_ADairy, Eggs & Fridge_SACheese_IMainland Cheese Slices Extra Tasty | 210g",Mainland Cheese Slices Extra Tasty | 210g,Mainland,"Dairy, Eggs & Fridge",Cheese,Sliced cheese,,$6.00,,,$28.57 per 1kg,6576788,"At Mainland we know good things take time, so our convenient range of slices are crafted with the same care, time, and effort as all our cheeses. They really are a slice off the old block.
 
Mainland Extra Tasty Aged Cheddar has a texture that is satisfyingly smooth. This texture paired with its rich and bitey flavour, makes this cheese a crowd favourite.
Rich & Smooth",,,"Per 100g/ml
Per Serving
%DI
Energy
1720kJ
301kJ
3%
Protein
24.4g
4.3g
9%
Total Fat
34.8g
6.1g
9%
Saturated Fat
24.3g
4.3g
18%
Carbohydrate
Less than 1g
Less than 1g
0%
Sugars
Less than 1g
Less than 1g
0%
Calcium
660mg
116mg
15% RDI*
Sodium
640mg
112mg
5%
* Percentage Daily Intakes are based on an average adult diet of 8700 kJ. Your daily intakes may be higher or lower depending on your energy needs.",,https://www.coles.com.au/product/mainland-cheese-slices-extra-tasty-210g-6576788,,,2024-06-16T22:50:06.619137-04:00
"Ind53SColes_ADairy, Eggs & Fridge_SACheese_ILemnos Roasted Garlic And Rosemary Haloumi | 180g",Lemnos Roasted Garlic And Rosemary Haloumi | 180g,Lemnos,"Dairy, Eggs & Fridge",Cheese,Gourmet Cheese,,$7.00,,,$38.89 per 1kg,4361419,"Lemnos Haloumi Cyprus Style Roasted Garlic & Rosemary adds a delicious burst of flavour to your meals.Grill, fry or bake! Contains no artificial flavours, no preservatives and is suitable for vegetarians.
No artificial flavours

No preservatives

Suitable for vegetarians

Made in Australia",,,"Per 100g/ml
Per Serving
%DI
Energy
1250kJ
375kJ
Protein
19.0g
5.7g
Total Fat
24.0g
7.2g
Saturated Fat
17.0g
5.1g
Carbohydrate
1.3g
Less than 1g
Sugars
1.1g
Less than 1g
Sodium
1550mg
465mg
Energy (Cal)
299Cal
90Cal
* Percentage Daily Intakes are based on an average adult diet of 8700 kJ. Your daily intakes may be higher or lower depending on your energy needs.",,https://www.coles.com.au/product/lemnos-roasted-garlic-and-rosemary-haloumi-180g-4361419,,,2024-06-16T22:50:18.505874-04:00
"Ind53SColes_ADairy, Eggs & Fridge_SACheese_IThe Organic Milk Co Organic Mozzarella Shred | 250g",The Organic Milk Co Organic Mozzarella Shred | 250g,The Organic Milk Co,"Dairy, Eggs & Fridge",Cheese,Grated cheese,,$6.00,,,$24.00 per 1kg,5431928,,,,,,https://www.coles.com.au/product/the-organic-milk-co-organic-mozzarella-shred-250g-5431928,,,2024-06-16T22:50:27.881035-04:00
"Ind53SColes_ADairy, Eggs & Fridge_SACheese_IMainland On The Go Extra Tasty Cheese & Date Apricot Crackers | 38g",Mainland On The Go Extra Tasty Cheese & Date Apricot Crackers | 38g,Mainland,"Dairy, Eggs & Fridge",Cheese,Cheese snacks,,$3.00,Pick any 2 for $5,,$7.89 per 100g,3576090,Mainland On The Go Extra Tasty Cheese Date & Apricot Crackers 38g,,,"Per 100g/ml
Per Serving
%DI
Energy
1710kJ
650kJ
Protein
20.1g
7.6g
Total Fat
26.7g
10.1g
Saturated Fat
16.3g
6.2g
Carbohydrate
21.1g
8.0g
Sugars
9.8g
3.7g
Calcium
524mg
199mg
Sodium
696mg
264mg
* Percentage Daily Intakes are based on an average adult diet of 8700 kJ. Your daily intakes may be higher or lower depending on your energy needs.",,https://www.coles.com.au/product/mainland-on-the-go-extra-tasty-cheese-and-date-apricot-crackers-38g-3576090,,,2024-06-16T22:50:39.477358-04:00
"Ind53SColes_ADairy, Eggs & Fridge_SACheese_ILemnos Traditional Fetta Twin Pack | 200g",Lemnos Traditional Fetta Twin Pack | 200g,Lemnos,"Dairy, Eggs & Fridge",Cheese,Gourmet Cheese,,$7.00,,,$35.00 per 1kg,1464346,"Delicious Lemnos Traditional Fetta is perfect for any occasion. Sprinkle on salad or pizza, stir through soup or pasta, or simply serve baked with tomatoes as a crowd pleasing canape.

- Suitable for vegetarians.
- No artificial flavours.
- No preservatives.
Suitable for vegetarians.

No artificial flavours.

No preservatives.

Made in Australia",,,"Per 100g/ml
Per Serving
%DI
Energy
1110 kJ
278 kJ
Protein
17.0 g
4.3 g
Total Fat
21.5 g
5.4 g
Saturated Fat
15.0 g
3.8 g
Carbohydrate
Less than 1g
Less than 1g
Sugars
Less than 1g
Less than 1g
Calcium
285 mg
71 mg
9%
Sodium
1120 mg
280 mg
Energy (Cal)
268 Cal
66 Cal
* Percentage Daily Intakes are based on an average adult diet of 8700 kJ. Your daily intakes may be higher or lower depending on your energy needs.",,https://www.coles.com.au/product/lemnos-traditional-fetta-twin-pack-200g-1464346,,,2024-06-16T22:50:51.320355-04:00
"Ind53SColes_ADairy, Eggs & Fridge_SACheese_IPerfect Italiano Mexican Blend Grated Cheese | 250g",Perfect Italiano Mexican Blend Grated Cheese | 250g,Perfect Italiano,"Dairy, Eggs & Fridge",Cheese,Grated cheese,,$6.50,,,$26.00 per 1kg,3846139,"Perfect Italiano Cheese Mexican Blend Grated 250g
For a more authentic Mexican Flavour",,,"Per 100g/ml
Per Serving
%DI
Energy
1490kJ
371kJ
4%
Protein
24.7g
6.2g
12%
Total Fat
28.3g
7.1g
10%
Saturated Fat
17.5g
4.4g
18%
Carbohydrate
Less than 1g
Less than 1g
0%
Sugars
Less than 1g
Less than 1g
0%
Calcium
725mg
181mg
23% RDI*
Sodium
670mg
166mg
7%
* Percentage Daily Intakes are based on an average adult diet of 8700 kJ. Your daily intakes may be higher or lower depending on your energy needs.",,https://www.coles.com.au/product/perfect-italiano-mexican-blend-grated-cheese-250g-3846139,,,2024-06-16T22:51:02.843599-04:00
"Ind53SColes_ADairy, Eggs & Fridge_SACheese_IDevondale Tasty Shredded Cheese | 750g",Devondale Tasty Shredded Cheese | 750g,Devondale,"Dairy, Eggs & Fridge",Cheese,Grated cheese,,$13.50,,,$18.00 per 1kg,2782926,Devondale tasty shredded cheese is the perfect tool to enrich any meal. Expertly crafted to deliver the full-flavoured reliable and comforting Devondale experience.- 750g Tasty Shredded Cheese- Perfect shredded cheese to sprinkle over to enrich any meal,,,"Per 100g/ml
Per Serving
%DI
Energy
1730kJ
433kJ
0%
Protein
24.3g
6.1g
0%
Total Fat
35.2g
8.8g
0%
Saturated Fat
23.9g
6g
0%
Carbohydrate
<1g
<1g
0%
Sugars
<1g
<1g
0%
Calcium
735mg
184mg
23%
Sodium
635mg
159mg
0%
* Percentage Daily Intakes are based on an average adult diet of 8700 kJ. Your daily intakes may be higher or lower depending on your energy needs.",,https://www.coles.com.au/product/devondale-tasty-shredded-cheese-750g-2782926,,,2024-06-16T22:51:14.579404-04:00
"Ind53SColes_ADairy, Eggs & Fridge_SAPrimo_IPrimo Stacker Chicken Cheese & Rice Crackers | 45g",Primo Stacker Chicken Cheese & Rice Crackers | 45g,Primo,"Dairy, Eggs & Fridge",Primo,Crackers & Snacks,,$4.50,,,$10.00 per 100g,3756987,A delicious trio combination of Sliced Chicken with Rice Crackers and Mild Cheddar Cheese to make up a convenient and tasty snack.,,,"Per 100g/ml
Per Serving
%DI
Energy
1060kJ
477kJ
5%
Protein
16.6g
7.5g
15%
Total Fat
14.1g
6.3g
9%
Saturated Fat
8.4g
3.8g
16%
Carbohydrate
15.1g
6.8g
2%
Sugars
Less than 1g
Less than 1g
<1%
Sodium
760mg
342mg
* Percentage Daily Intakes are based on an average adult diet of 8700 kJ. Your daily intakes may be higher or lower depending on your energy needs.",,https://www.coles.com.au/product/primo-stacker-chicken-cheese-and-rice-crackers-45g-3756987,,,2024-06-16T22:51:25.513265-04:00
"Ind53SColes_ADairy, Eggs & Fridge_SACheese_IColes Swiss Style Cheese Slices | 200g",Coles Swiss Style Cheese Slices | 200g,Coles,"Dairy, Eggs & Fridge",Cheese,Sliced cheese,,$4.90,,,$24.50 per 1kg,1462544,10 cheese slices mild with a smooth & nutty finish,,,"Per 100g/ml
Per Serving
%DI
Energy
1441
288.2
Protein
26
5.2
Total Fat
27
5.4
Carbohydrate
0
0
Sugars
0
0
Calcium
890
178
Sodium
550
110
Saturated
18.6
3.72
Energy (Cal)
344.74
68.95
Dietary Fibre (total)
0
0
* Percentage Daily Intakes are based on an average adult diet of 8700 kJ. Your daily intakes may be higher or lower depending on your energy needs.",,https://www.coles.com.au/product/coles-swiss-style-cheese-slices-200g-1462544,,,2024-06-16T22:51:41.716977-04:00
"Ind53SColes_ADairy, Eggs & Fridge_SACheese_IColes Dairy Shredded Parmesan Cheese | 250g",Coles Dairy Shredded Parmesan Cheese | 250g,Coles,"Dairy, Eggs & Fridge",Cheese,Grated cheese,,$6.00,,,$24.00 per 1kg,5726014,"6 reserve strength Matured for a minimum of 11 months, for a strong sharp and distinctive flavour, perfect for pasta and salads.",,,"Per 100g/ml
Per Serving
%DI
Energy
1551.6
387.9
Protein
32
8
Carbohydrate
0.1
0.03
Sugars
0.1
0.03
Calcium
964
241
Sodium
1010
252.5
Saturated
18.8
4.7
Energy (Cal)
371.2
92.8
Fat
27.1
6.78
Dietary Fibre (total)
0.4
0.1
* Percentage Daily Intakes are based on an average adult diet of 8700 kJ. Your daily intakes may be higher or lower depending on your energy needs.",,https://www.coles.com.au/product/coles-dairy-shredded-parmesan-cheese-250g-5726014,,,2024-06-16T22:51:52.648754-04:00
"Ind53SColes_ADairy, Eggs & Fridge_SACheese_ICheer Colby Cheese Slices | 250g",Cheer Colby Cheese Slices | 250g,Cheer,"Dairy, Eggs & Fridge",Cheese,Sliced cheese,,$7.30,,,$29.20 per 1kg,7648590,"NEW CHEER Cheese slices - refill pack! Now with 80% less plastic* and available in all 250g cheese slice variants. Bring a little CHEER, with a lot less plastic. Simply BYO container and help us save the extra plastic! *Compared to the weight of previous CHEER Slices 250g packagingCHEER Cheese 250g Colby Cheese Slices are perfect for lunch box sandwiches on the go or to create delicious cheesy toasties at home! With a smooth and creamy cheese flavour and 16 slice pack, CHEER Colby Cheese Slices are perfect for cooking and melting.- 16 Colby cheese slices - Simply BYO container and help us save the extra plastic! - Made in Australia from 100% Australian cow's milk- Vegetarian friendly- Preservative free- Smooth and deliciously creamy",,,"Per 100g/ml
Per Serving
%DI
Energy
1640kJ
262kJ
3%
Protein
24.5g
3.9g
8%
Total Fat
32.5g
5.2g
7%
Saturated Fat
22.5g
3.6g
15%
Carbohydrate
<1g
<1g
1%
Sugars
<1g
<1g
1%
Calcium
720mg
115mg
14%
Sodium
590mg
94mg
4%
* Percentage Daily Intakes are based on an average adult diet of 8700 kJ. Your daily intakes may be higher or lower depending on your energy needs.",,https://www.coles.com.au/product/cheer-colby-cheese-slices-250g-7648590,,,2024-06-16T22:52:03.591815-04:00
"Ind53SColes_ADairy, Eggs & Fridge_SAChampagne & sparkling_IBrilla Prosecco 750mL | 1 Each",Brilla Prosecco 750mL | 1 Each,Brilla,"Dairy, Eggs & Fridge",Champagne & sparkling,Sparkling,,$16.00,,$22.00,$2.13 per 100mL,3573499,"Typical crisp and delicate perlage, pale light yellow colour. Delicate and complex bouquet with fruity notes that remind of peach, green apple with second notes of acacia and lilac. Fresh and light on the palate, with balanced acidity and body; harmonic with a long persistent aftertaste. Ideal as an aperitif, it is a perfect combination to hors-doeuvres and delicate first courses. Also wonderful with sushi, fish and shellfish.",,,,,https://www.coles.com.au/product/brilla-prosecco-750ml-1-each-3573499,,,2024-06-16T22:52:12.232214-04:00
"Ind53SColes_ADairy, Eggs & Fridge_SACheese_IColes Ash Brie | 200g",Coles Ash Brie | 200g,Coles,"Dairy, Eggs & Fridge",Cheese,Brie & soft cheese,,$5.50,,,$27.50 per 1kg,3276970,"Coles Ash Brie, 200g. Creamy and buttery cheese coated in ash, crafted in Northern Tasmania with Australian milk. Perfect for entertaining.",,,"Per 100g/ml
Per Serving
%DI
Energy
1468.18
367.05
Protein
17.70
4.43
Total Fat
31.50
7.88
Carbohydrate
0.10
0.03
Sugars
0.10
0.03
Calcium
403.00
100.75
Sodium
536.00
134.00
Saturated
21.90
5.48
Energy (Cal)
351.24
87.81
Dietary Fibre (total)
0.01
0.00
Trans
1.50
0.38
* Percentage Daily Intakes are based on an average adult diet of 8700 kJ. Your daily intakes may be higher or lower depending on your energy needs.","INGREDIENTS: Milk, Cream (Milk), Salt, Ash, Cultures (Milk), Vegetarian Rennet, Mineral Salt (509).",https://www.coles.com.au/product/coles-ash-brie-200g-3276970,,,2024-06-16T22:52:23.432158-04:00
"Ind53SColes_ADairy, Eggs & Fridge_SACheese_IColes Cheese Apricot & Almond | 190g",Coles Cheese Apricot & Almond | 190g,Coles,"Dairy, Eggs & Fridge",Cheese,Specialty & entertaining cheese,,$3.80,,,$20.00 per 1kg,7781240,"Coles Dairy 190g apricot and almond cream cheese. Sweet cream cheese with pieces of apricot, coconut and almond throughout. This bronze medallist of the Sydney Royal 2017 cheese and dairy show is sure to elevate any cheese board.",,,"Per 100g/ml
Per Serving
%DI
Energy
1404.20
351.05
Protein
5.40
1.35
Carbohydrate
28.00
7.00
Sugars
24.60
6.15
Calcium
88.00
22.00
Saturated
16.30
4.08
Sodium
208.00
52.00
Monounsaturated
4.60
1.15
Energy (Cal)
335.93
83.98
Fat
22.00
5.50
Dietary Fibre (total)
2.80
0.70
Polyunsaturated
0.60
0.15
Trans
0.50
0.13
trans
LESS THAN 1g
LESS THAN 1g
* Percentage Daily Intakes are based on an average adult diet of 8700 kJ. Your daily intakes may be higher or lower depending on your energy needs.",,https://www.coles.com.au/product/coles-cheese-apricot-and-almond-190g-7781240,,,2024-06-16T22:52:35.399525-04:00
"Ind53SColes_ADairy, Eggs & Fridge_SACheese_IDodoni Greek Feta Cheese | 150g",Dodoni Greek Feta Cheese | 150g,Dodoni,"Dairy, Eggs & Fridge",Cheese,Feta cheese,,$7.00,,,$46.67 per 1kg,5095605,"Premium authentic Greek feta cheese made from pasteurized sheep's and goat's milk
Protected Designation of Origin (P.D.O.)",,,"Per 100g/ml
Per Serving
%DI
Energy
1075kJ
323kJ
Protein
17g
5.1g
Total Fat
21g
6.3g
Saturated Fat
15.7g
4.7g
Carbohydrate
<1g
<1g
Sugars
<1g
<1g
Sodium
1010mg
303mg
* Percentage Daily Intakes are based on an average adult diet of 8700 kJ. Your daily intakes may be higher or lower depending on your energy needs.",,https://www.coles.com.au/product/dodoni-greek-feta-cheese-150g-5095605,,,2024-06-16T22:52:47.645964-04:00
"Ind53SColes_ADairy, Eggs & Fridge_SACheese_IColes Grana Padano Aged 14 Months | 250g",Coles Grana Padano Aged 14 Months | 250g,Coles,"Dairy, Eggs & Fridge",Cheese,Block cheese,,$8.50,,,$34.00 per 1kg,2123577,Matured for over 14 months for a sharp & rich flavour,,,"Per 100g/ml
Per Serving
%DI
Energy
1634
408.5
Protein
33
8.25
Carbohydrate
0
0
Sugars
0
0
Sodium
600
150
Saturated
18
4.5
Energy (Cal)
390.91
97.73
Fat
29
7.25
Dietary Fibre (total)
0
0
* Percentage Daily Intakes are based on an average adult diet of 8700 kJ. Your daily intakes may be higher or lower depending on your energy needs.",,https://www.coles.com.au/product/coles-grana-padano-aged-14-months-250g-2123577,,,2024-06-16T22:52:58.628657-04:00
"Ind53SColes_ADairy, Eggs & Fridge_SACheese_INormandie Dairy Black Pepper Pate | 150g",Normandie Dairy Black Pepper Pate | 150g,Normandie,"Dairy, Eggs & Fridge",Cheese,Pates & platters,,$5.10,,,$3.40 per 100g,5686317,,,,"Per 100g/ml
Per Serving
%DI
Energy
1400kJ
140kJ
Protein
9.1g
0.9g
Total Fat
33g
3.3g
Saturated Fat
20g
2g
Carbohydrate
1.4g
0.1g
Sugars
<1g
<1g
Sodium
490mg
49mg
* Percentage Daily Intakes are based on an average adult diet of 8700 kJ. Your daily intakes may be higher or lower depending on your energy needs.",,https://www.coles.com.au/product/normandie-dairy-black-pepper-pate-150g-5686317,,,2024-06-16T22:53:10.414049-04:00
"Ind53SColes_ADairy, Eggs & Fridge_SADairy, chilled & frozen_IUnicorn Classic Triple Cream Brie | 125g",Unicorn Classic Triple Cream Brie | 125g,Unicorn,"Dairy, Eggs & Fridge","Dairy, chilled & frozen",Cheese & yoghurt,,$5.00,,,"$40.00 per 1kg
Was $6.00 on Apr 2024",5443326,"Our Classic Triple Cream Brie is an even creamier, richer flavour than our Double Brie.",,,"Per 100g/ml
Per Serving
%DI
Energy
1400kJ
350kJ
Protein
15.5g
3.9g
Total Fat
29.9g
7.5g
Saturated Fat
19.6g
4.9g
Carbohydrate
2g
0.5g
Sugars
<0.5g
<0.1g
Sodium
786mg
196.5mg
* Percentage Daily Intakes are based on an average adult diet of 8700 kJ. Your daily intakes may be higher or lower depending on your energy needs.",,https://www.coles.com.au/product/unicorn-classic-triple-cream-brie-125g-5443326,,,2024-06-16T22:53:21.518916-04:00
"Ind53SColes_ADairy, Eggs & Fridge_SA_IColes Cheddar Cheese Block | 1kg",Coles Cheddar Cheese Block | 1kg,Coles,"Dairy, Eggs & Fridge",,,,$9.90,,,$9.90 per 1kg,2071305,Coles Cheddar Cheese block. Ideal for cubing and slicing with a strength indicator of 2 for a mild and creamy flavour.,,,"Per 100g/ml
Per Serving
%DI
Sugars
0.10
0.03
Saturated
24.70
6.18
Fat
35.10
8.78
Dietary Fibre (total)
0.40
0.10
* Percentage Daily Intakes are based on an average adult diet of 8700 kJ. Your daily intakes may be higher or lower depending on your energy needs.",,https://www.coles.com.au/product/coles-cheddar-cheese-block-1kg-2071305,,,2024-06-16T22:56:29.757247-04:00
"Ind53SColes_ADairy, Eggs & Fridge_SACheese_IPhiladelphia Portions Cream Cheese Light Spread | 150g",Philadelphia Portions Cream Cheese Light Spread | 150g,Philadelphia,"Dairy, Eggs & Fridge",Cheese,Cream cheese & spreads,,$4.00,,,$26.67 per 1kg,5432057,"Philadelphia is uniquely deliciously creamy and made with  fresh Australian milk. Philadelphia Portions is perfect for snacking on the go, lunch boxes or when you just need a little bit of cream cheese. It also helps to retain freshness as it comes in a convenient single serve pack which is just the  right size to make a sandwich filling or a tasty topping to a cracker.
Single serve packs

Deliciously Creamy

Portionable and convenient

25% less fat than Philaldelphia Original Portions

Philadelphia is made in Australia since 1956

No artificial colours or flavours.

Made with at least 90% Australian ingredients.",,,"Per 100g/ml
Per Serving
%DI
Energy
711kJ
267kJ
3%
Protein
7.9g
3.0g
6%
Total Fat
13.7g
5.1g
7%
Saturated Fat
9.5g
3.6g
15%
Carbohydrate
4.0g
1.5g
<1%
Sugars
4.0g
1.5g
2%
Sodium
260mg
97mg
4%
Monounsaturated
0
0
0
Energy (Cal)
0
0
0
Dietary Fibre (total)
0
0
0
Polyunsaturated
0
0
0
Trans
0
0
0
* Percentage Daily Intakes are based on an average adult diet of 8700 kJ. Your daily intakes may be higher or lower depending on your energy needs.",,https://www.coles.com.au/product/philadelphia-portions-cream-cheese-light-spread-150g-5432057,,,2024-06-16T22:56:40.874497-04:00
"Ind53SColes_ADairy, Eggs & Fridge_SAVegetarian & vegan_IBio Original Cheese Block | 200g",Bio Original Cheese Block | 200g,Bio,"Dairy, Eggs & Fridge",Vegetarian & vegan,Veggie Burgers & Sausages,,$7.00,,,$35.00 per 1kg,2212575,"The product that began it all! MyLife BioCheese Original is ideal for cooking and snacking, or even as part of a BioCheese platter! With a delicious versatile flavour, MyLife BioCheese Original can be melted, grated or sliced into all your favourite savoury dishes. You won't believe it's dairy free!
Vegan Friendly

Vegetarian

Gluten Free

Soya Free

Lactose Free

Palm Oil Free.

Plant-Based.

GMO Free.",,,"Per 100g/ml
Per Serving
%DI
Energy
1130
339
Protein
0
0
Total Fat
21
6.3
Saturated Fat
19
5.7
Carbohydrate
21
6.3
Sugars
0
0
Sodium
920
276
Energy (Cal)
270
81
Trans
0.21
0.05
* Percentage Daily Intakes are based on an average adult diet of 8700 kJ. Your daily intakes may be higher or lower depending on your energy needs.",,https://www.coles.com.au/product/bio-original-cheese-block-200g-2212575,,,2024-06-16T22:56:51.968958-04:00
"Ind53SColes_ADairy, Eggs & Fridge_SACheese_ISunbeam Sultana & Apricot With Cheddar Cheese | 35g",Sunbeam Sultana & Apricot With Cheddar Cheese | 35g,Sunbeam,"Dairy, Eggs & Fridge",Cheese,Cheese snacks,,$3.00,,,$8.57 per 100g,7704409,"Introducing Sunbeam Fruit & Cheese chilled snacks  where real fruit meets real cheese for a taste that's real cool!
Packed with the goodness of nature, our snacks are the perfect on-the-go solution for busy kids.
Embrace the real goodness of Sunbeam Fruit & Cheese snacks and add a little Sunbeam sunshine to their day!
With Real Fruit
With Real Cheese
Source of Calcium
No Artificial colours or flavours",,,"Per 100g/ml
Per Serving
%DI
Energy
1400kJ
490kJ
Protein
10.6g
3.7g
Total Fat
15.2g
5.3g
Saturated Fat
11.2g
3.9g
Carbohydrate
36.4g
12.7g
Sugars
32.9g
11.5g
Calcium
328mg
115mg
14%
Sodium
275mg
96mg
* Percentage Daily Intakes are based on an average adult diet of 8700 kJ. Your daily intakes may be higher or lower depending on your energy needs.",,https://www.coles.com.au/product/sunbeam-sultana-and-apricot-with-cheddar-cheese-35g-7704409,,,2024-06-16T22:57:02.939089-04:00
"Ind53SColes_ADairy, Eggs & Fridge_SADairy, chilled & frozen_IColes Australian Shredded Pizza | 250g",Coles Australian Shredded Pizza | 250g,Coles,"Dairy, Eggs & Fridge","Dairy, chilled & frozen",Cheese & desserts,,$5.00,,,"$20.00 per 1kg
Was $5.50 on Apr 2024",1413312,"STRENGTH INDICATOR: 2 MILD A mild blend of three cheeses; ?Mozzarella, Tasty Cheddar & Parmesan. Perfect for baking.",,,"Per 100g/ml
Per Serving
%DI
Energy
1359.97
339.99
Protein
26.16
6.54
Total Fat
24.45
6.11
Saturated Fat
16.70
4.18
Carbohydrate
0.20
0.05
Sugars
0.20
0.05
Calcium
821.00
205.25
Sodium
671.00
167.75
Energy (Cal)
325.35
81.34
Dietary Fibre (total)
0.90
0.23
* Percentage Daily Intakes are based on an average adult diet of 8700 kJ. Your daily intakes may be higher or lower depending on your energy needs.",,https://www.coles.com.au/product/coles-australian-shredded-pizza-250g-1413312,,,2024-06-16T22:57:13.899258-04:00
"Ind53SColes_ADairy, Eggs & Fridge_SACheese_IColes Cherry Bocconcini | 220g",Coles Cherry Bocconcini | 220g,Coles,"Dairy, Eggs & Fridge",Cheese,Gourmet Cheese,,$4.80,,,$21.82 per 1kg,7781192,"Coles Dairy 220g cherry bocconcini. Fresh, milky pearls of Mozzarella cheese. Toss in salads and pasta or add to fresh pizza.",,,"Per 100g/ml
Per Serving
%DI
Energy
1113.2
489.81
6
Protein
17.9
7.88
16
Total Fat
20.3
8.93
13
Saturated Fat
14.3
6.29
26
Carbohydrate
3.4
1.5
0
Calcium
396
174.24
Sodium
74
32.56
1
Energy (Cal)
266.32
117.18
Dietary Fibre
0
0
* Percentage Daily Intakes are based on an average adult diet of 8700 kJ. Your daily intakes may be higher or lower depending on your energy needs.",,https://www.coles.com.au/product/coles-cherry-bocconcini-220g-7781192,,,2024-06-16T22:57:25.849859-04:00
"Ind53SColes_ADairy, Eggs & Fridge_SACheese_IColes Vintage Cheese Block | 250g",Coles Vintage Cheese Block | 250g,Coles,"Dairy, Eggs & Fridge",Cheese,Block cheese,,$6.00,,,$24.00 per 1kg,6995102,"5 is for vintage strength Matured for longer to develop smooth, rich and complex flavours.",,,"Per 100g/ml
Per Serving
%DI
Energy
1732.9
433.23
Protein
24.6
6.15
Carbohydrate
0.1
0.03
Sugars
0.1
0.03
Calcium
687
171.75
Sodium
675
168.75
Saturated
25.3
6.33
Energy (Cal)
414.57
103.64
Fat
35.4
8.85
Dietary Fibre (total)
0.4
0.1
* Percentage Daily Intakes are based on an average adult diet of 8700 kJ. Your daily intakes may be higher or lower depending on your energy needs.",,https://www.coles.com.au/product/coles-vintage-cheese-block-250g-6995102,,,2024-06-16T22:57:36.796378-04:00
"Ind53SColes_ADairy, Eggs & Fridge_SACheese_IRiverina Fetta Smooth | 200g",Riverina Fetta Smooth | 200g,Riverina,"Dairy, Eggs & Fridge",Cheese,Feta cheese,,$5.30,,,$26.50 per 1kg,4961314,"Award Winning, Australian Owned Smooth Style Fetta!

It's the Double Cream in our Fetta which gives it a smooth and creamy mouth feel and flavour. Perfectly balanced with a salty tang and smooth yet crumbly texture, our Smooth Style Fetta is uniquely delicious.

Our Fetta is made using the highest quality milk from our own farm situated on the fertile banks of the Murray River at Corowa NSW
Australian Owned & Made Smooth Fetta

All Natural Ingredients

Made with Double Cream",,,"Per 100g/ml
Per Serving
%DI
Energy
1415kJ
354kJ
Protein
10.7g
2.7g
Total Fat
31.5g
7.9g
Saturated Fat
21.6g
5.4g
Carbohydrate
4.0g
1.0g
Sugars
1.2g
0.3g
Calcium
290mg
72mg
Sodium
700mg
175mg
* Percentage Daily Intakes are based on an average adult diet of 8700 kJ. Your daily intakes may be higher or lower depending on your energy needs.",,https://www.coles.com.au/product/riverina-fetta-smooth-200g-4961314,,,2024-06-16T22:57:48.588398-04:00
"Ind53SColes_ADairy, Eggs & Fridge_SACheese_IKraft Grated Parmesan Cheese Cannister | 125g",Kraft Grated Parmesan Cheese Cannister | 125g,Kraft,"Dairy, Eggs & Fridge",Cheese,Grated cheese,,$5.50,,,$44.00 per 1kg,133591,"Enjoy your favourite Italian dishes with the delicious taste of Kraft Grated Parmesan Cheese. Conveniently packed in a handy reusable storage container, this is a classic way to season your favourite family meals. Kraft Grated Parmesan Cheese is ready to use straight from the pantry. You'll love the taste of this grated cheese, ready to use to enhance the taste of your pizza, salad, seafood and more. Sprinkle it on top of pasta or risotto, or melt into a warm creamy mash for a bold cheese flavour.",,,"Per 100g/ml
Per Serving
%DI
Energy
1960 kJ
100 kJ
Protein
40.8 g
2.0 g
Total Fat
34.1 g
1.7 kg
Saturated Fat
20.4 g
1.0 kg
Carbohydrate
0.1 g
0 g
Sugars
0 g
0 g
Sodium
1650 mg
85 mg
* Percentage Daily Intakes are based on an average adult diet of 8700 kJ. Your daily intakes may be higher or lower depending on your energy needs.","Milk, Salt, Anticaking Agent (339), Cultures, Enzymes.",https://www.coles.com.au/product/kraft-grated-parmesan-cheese-cannister-125g-133591,,,2024-06-16T22:58:00.300076-04:00
"Ind53SColes_ADairy, Eggs & Fridge_SACheese_IColes Dairy Cheese Fetta Danish Style | 200g",Coles Dairy Cheese Fetta Danish Style | 200g,Coles,"Dairy, Eggs & Fridge",Cheese,Feta cheese,,$3.30,,,$16.50 per 1kg,9808405,"Coles Dairy Danish style fetta cheese, 200g. A smooth creamy soft white cheese, perfect for crackers and salads.",,,"Per 100g/ml
Per Serving
%DI
Energy
1000.20
250.05
Protein
10.10
2.53
Carbohydrate
3.20
0.80
Sugars
2.50
0.63
Calcium
240.00
60.00
Sodium
1420.00
355.00
Saturated
9.20
2.30
Energy (Cal)
239.28
59.82
Fat
20.90
5.23
Dietary Fibre (total)
0.10
0.03
* Percentage Daily Intakes are based on an average adult diet of 8700 kJ. Your daily intakes may be higher or lower depending on your energy needs.",,https://www.coles.com.au/product/coles-dairy-cheese-fetta-danish-style-200g-9808405,,,2024-06-16T22:58:11.263277-04:00
"Ind53SColes_ADairy, Eggs & Fridge_SAChampagne & sparkling_IChandon NV Sparkling Brut 750mL | 1 Each",Chandon NV Sparkling Brut 750mL | 1 Each,Chandon,"Dairy, Eggs & Fridge",Champagne & sparkling,Sparkling,,$28.00,,$35.00,$37.33 per 1L,8244712,"If variety is the spice of life, then Chandon Brut is a perfectly seasoned little sparkling. A mix of Chardonnay, Pinot Noir and Meunier grapes are all carefully selected from cool climate locations across Victoria's high country. It's the changes in altitude, age and aspect that can create something deliciously unexpected. The result is a fresh, vibrant finish with hints of apple sorbet, lemon zest, sourdough and nougat. It's diversity that makes the difference - and luckily for us, we've got it in spades.
Chandon Brut is at the cornerstone of Chandon Australia winemaking, combining pristine Australian vineyard resources with French heritage and savior fair.",,,,,https://www.coles.com.au/product/chandon-nv-sparkling-brut-750ml-1-each-8244712,,,2024-06-16T22:58:20.238669-04:00
"Ind53SColes_ADairy, Eggs & Fridge_SACheese_ICastello Double Cream Brie Chilli | 150g",Castello Double Cream Brie Chilli | 150g,Castello,"Dairy, Eggs & Fridge",Cheese,Brie & soft cheese,,$7.50,,,$50.00 per 1kg,3272845,"The richness of a double cream brie combined with fiery red chilli flakes for a perfect blend of spicy flavour and creamy texture throughout. To enjoy this cheese at its best, remove from the fridge one hour before eating.",,,"Per 100g/ml
Per Serving
%DI
Energy
1700kJ
425kJ
Protein
14.2g
3.6g
Total Fat
39g
9.8g
Saturated Fat
24.7g
6.2g
Carbohydrate
0.7g
0.2g
Sugars
0.4g
0.1g
Sodium
600mg
150mg
* Percentage Daily Intakes are based on an average adult diet of 8700 kJ. Your daily intakes may be higher or lower depending on your energy needs.",,https://www.coles.com.au/product/castello-double-cream-brie-chilli-150g-3272845,,,2024-06-16T22:58:31.245825-04:00
"Ind53SColes_ADairy, Eggs & Fridge_SACheese_IAshgrove Signature Vintage Eddington Cheddar | 150g",Ashgrove Signature Vintage Eddington Cheddar | 150g,Ashgrove Signature,"Dairy, Eggs & Fridge",Cheese,Cheddar & tasty cheese,,$9.50,,,$63.34 per 1kg,5400210,"Ashgrove cheese is 100% Tassie family-owned. Dairy farming in Tasmania since 1908. 

Enjoy with classic oat-style crackers, quince paste and bold red wine. 

Signature Masterclass

Style: Full bodied and strong. 
Colour: Pale yellow, straw. 
Texture: Crumbly, dense, firm. 
Taste: Acidic, fruity, sharp. ",,,"Per 100g/ml
Per Serving
%DI
Energy
1660kJ
332kJ
Protein
24.6g
4.9g
Total Fat
32.8g
6.6g
Saturated Fat
21.6g
4.3g
Carbohydrate
0.5g
0.1g
Sugars
0.4g
0.1g
Sodium
684mg
137mg
* Percentage Daily Intakes are based on an average adult diet of 8700 kJ. Your daily intakes may be higher or lower depending on your energy needs.",,https://www.coles.com.au/product/ashgrove-signature-vintage-eddington-cheddar-150g-5400210,,,2024-06-16T22:58:42.380276-04:00
"Ind53SColes_ADairy, Eggs & Fridge_SACheese_INormandie Dairy Cognac Pate | 150g",Normandie Dairy Cognac Pate | 150g,Normandie,"Dairy, Eggs & Fridge",Cheese,Pates & platters,,$5.10,,,$3.40 per 100g,476420,,,,"Per 100g/ml
Per Serving
%DI
Energy
1410kJ
141kJ
Protein
8.9g
0.9g
Total Fat
33g
3.3g
Saturated Fat
20g
2g
Carbohydrate
2g
0.2g
Sugars
<1g
<1g
Sodium
480mg
48mg
* Percentage Daily Intakes are based on an average adult diet of 8700 kJ. Your daily intakes may be higher or lower depending on your energy needs.",,https://www.coles.com.au/product/normandie-dairy-cognac-pate-150g-476420,,,2024-06-16T22:58:53.296860-04:00
"Ind53SColes_ADairy, Eggs & Fridge_SACheese_ILemnos Haloumi | 600g",Lemnos Haloumi | 600g,Lemnos,"Dairy, Eggs & Fridge",Cheese,Gourmet Cheese,,$16.00,,,$26.67 per 1kg,4362580,"Lemnos Haloumi Cyprus Style is perfect for larger family dishes! Grill, fry or bake! Contains no artificial flavours, no preservatives and is suitable for vegetarians.
No artificial flavours

No preservatives

Suitable for vegetarians

Made in Australia",,,"Per 100g/ml
Per Serving
%DI
Energy
1230 kJ
369 kJ
Protein
17.6 g
5.3 g
Total Fat
22.9 g
6.9 g
Saturated Fat
16.5 g
5.0 g
Carbohydrate
1.3 g
Less than 1g
Sugars
1.3 g
Less than 1g
Sodium
1620 mg
486 mg
Energy (Cal)
293 Cal
88 Cal
* Percentage Daily Intakes are based on an average adult diet of 8700 kJ. Your daily intakes may be higher or lower depending on your energy needs.",,https://www.coles.com.au/product/lemnos-haloumi-600g-4362580,,,2024-06-16T22:59:04.345731-04:00
"Ind53SColes_ADairy, Eggs & Fridge_SACheese_IBega Stringers Original Cheese 8 pack | 160g",Bega Stringers Original Cheese 8 pack | 160g,Bega,"Dairy, Eggs & Fridge",Cheese,Cheese snacks,,$7.00,,,$43.75 per 1kg,7325863,Bega Cheese Original Stringers 8pk,,,"Per 100g/ml
Per Serving
%DI
Energy
1300kJ
260kJ
Protein
25.3g
5.1g
Total Fat
22.5g
4.5g
Saturated Fat
14.7g
2.9g
Carbohydrate
2.0g
Less than 1g
Sugars
Less than 1g
Less than 1g
Calcium
585mg
Sodium
650mg
130mg
* Percentage Daily Intakes are based on an average adult diet of 8700 kJ. Your daily intakes may be higher or lower depending on your energy needs.",,https://www.coles.com.au/product/bega-stringers-original-cheese-8-pack-160g-7325863,,,2024-06-16T22:59:15.328606-04:00
"Ind53SColes_ADairy, Eggs & Fridge_SACheese_IMainland Vintage Cheese Block | 400g",Mainland Vintage Cheese Block | 400g,Mainland,"Dairy, Eggs & Fridge",Cheese,Block cheese,,$10.00,,,$25.00 per 1kg,3274283,Mainland Cheese Vintage Block 400g,,,"Per 100g/ml
Per Serving
%DI
Energy
1800 kJ
450 kJ
5%
Protein
23.3 g
5.8 g
12%
Total Fat
37.4 g
9.4 g
13%
Saturated Fat
22.5 g
5.6 g
23%
Carbohydrate
LESS THAN 1 g
LESS THAN 1 g
0%
Sugars
LESS THAN 1 g
LESS THAN 1 g
0%
Calcium
760 mg
190 mg
24% RDI*
Sodium
696 mg
174 mg
8%
* Percentage Daily Intakes are based on an average adult diet of 8700 kJ. Your daily intakes may be higher or lower depending on your energy needs.",,https://www.coles.com.au/product/mainland-vintage-cheese-block-400g-3274283,,,2024-06-16T22:59:26.345996-04:00
"Ind53SColes_ADairy, Eggs & Fridge_SACheese_IBega Strong & Bitey Vintage Cheese Block | 250g",Bega Strong & Bitey Vintage Cheese Block | 250g,Bega,"Dairy, Eggs & Fridge",Cheese,Block cheese,,$7.50,,,$30.00 per 1kg,166557,Bega Cheese Strong & Bitey Vintage Block 250g,,,"Per 100g/ml
Per Serving
%DI
Energy
1720kJ
430kJ
5%
Protein
24.8g
6.2g
12%
Total Fat
34.7g
8.7g
12%
Saturated Fat
23.8g
6.0g
25%
Carbohydrate
LESS THAN 1g
LESS THAN 1g
0%
Sugars
LESS THAN 1g
LESS THAN 1g
0%
Calcium
738mg
185mg (23% RDI)
Sodium
650mg
163mg
7%
* Percentage Daily Intakes are based on an average adult diet of 8700 kJ. Your daily intakes may be higher or lower depending on your energy needs.",,https://www.coles.com.au/product/bega-strong-and-bitey-vintage-cheese-block-250g-166557,,,2024-06-16T22:59:37.795239-04:00
"Ind53SColes_ADairy, Eggs & Fridge_SACheese_IBrancourts Classic Cottage Cheese | 250g",Brancourts Classic Cottage Cheese | 250g,Brancourts,"Dairy, Eggs & Fridge",Cheese,Brie & soft cheese,,$4.80,,,$19.20 per 1kg,3271922,250g Value Tub,,,"Per 100g/ml
Per Serving
%DI
Energy
436kJ
436kJ
Protein
10.5g
10.5g
Total Fat
4.9g
4.9g
Saturated Fat
3.3g
3.3g
Carbohydrate
4.5g
4.5g
Sugars
4.1g
4.1g
Calcium
125mg
125mg
Sodium
351mg
351mg
Gluten
0mg
0mg
* Percentage Daily Intakes are based on an average adult diet of 8700 kJ. Your daily intakes may be higher or lower depending on your energy needs.",,https://www.coles.com.au/product/brancourts-classic-cottage-cheese-250g-3271922,,,2024-06-16T22:59:48.984847-04:00
"Ind53SColes_ADairy, Eggs & Fridge_SACheese_IPerfect Italiano Grated Cheese Perfect Bakes | 250g",Perfect Italiano Grated Cheese Perfect Bakes | 250g,Perfect Italiano,"Dairy, Eggs & Fridge",Cheese,Grated cheese,,$6.50,,,$26.00 per 1kg,3274024,"Perfect Italiano Cheese Perfect Bakes Grated 250g
3 Cheeses for a crisp, golden crust",,,"Per 100g/ml
Per Serving
%DI
Energy
1620kJ
405kJ
5%
Protein
25.8g
6.5g
13%
Total Fat
31.8g
8.0g
11%
Saturated Fat
21.9g
5.5g
23%
Carbohydrate
less than 1g
less than 1g
0%
Sugars
less than 1g
less than 1g
0%
Calcium
719mg
180mg
Sodium
703mg
176mg
8%
* Percentage Daily Intakes are based on an average adult diet of 8700 kJ. Your daily intakes may be higher or lower depending on your energy needs.","Cheese (Milk, Salt, Cultures, Enzyme), Anticaking Agent (460), Preservative (200).",https://www.coles.com.au/product/perfect-italiano-grated-cheese-perfect-bakes-250g-3274024,,,2024-06-16T23:00:00.304766-04:00
"Ind53SColes_ADairy, Eggs & Fridge_SADairy, chilled & frozen_IPerfect Italiano Cheese Shaved Parmesan | 125g",Perfect Italiano Cheese Shaved Parmesan | 125g,Perfect Italiano,"Dairy, Eggs & Fridge","Dairy, chilled & frozen",Cheese & yoghurt,,$4.00,,,"$32.00 per 1kg
Was $4.50 on May 2024",4405740,"Perfect Italiano Cheese Shaved Parmesan 125g
It's an easy way to add delicious flavour to pasta, salad or risotto.

Medium Flavour

Perfect for Pastas and Salads",,,"Per 100g/ml
Per Serving
%DI
Energy
1540kJ
154kJ
2%
Protein
31.9g
3.2g
7%
Total Fat
26.6g
2.7g
4%
Saturated Fat
19.3g
1.9g
7%
Carbohydrate
1.4g
Less than 1g
0%
Sugars
Less than 1g
Less than 1g
0%
Calcium
956mg
95mg
12% RDI*
Sodium
850mg
85mg
4%
* Percentage Daily Intakes are based on an average adult diet of 8700 kJ. Your daily intakes may be higher or lower depending on your energy needs.","Cheese (Milk, Salt, Cultures, Enzyme), Anticaking Agent (460), Preservative (200).",https://www.coles.com.au/product/perfect-italiano-cheese-shaved-parmesan-125g-4405740,,,2024-06-16T23:00:12.123786-04:00
"Ind53SColes_ADairy, Eggs & Fridge_SACheese_ISouth Cape Brie | 200g",South Cape Brie | 200g,South Cape,"Dairy, Eggs & Fridge",Cheese,Brie & soft cheese,,$6.80,,,$34.00 per 1kg,8166936,"South Cape Brie is a soft ripened cheese with a delicate mushroom aroma, creamy centre and rich, buttery flavour. Best served with fruit and paired with white wine. Liberate your plate with South Cape.",,,"Per 100g/ml
Per Serving
%DI
Energy
1530kJ
382.5kJ
0%
Protein
17.3g
4.325g
0%
Total Fat
32g
8g
0%
Saturated Fat
20.5g
5.125g
0%
Carbohydrate
<1g
<1g
0%
Sugars
<1g
<1g
0%
Calcium
470mg
117.5mg
0%
Sodium
600mg
150mg
0%
* Percentage Daily Intakes are based on an average adult diet of 8700 kJ. Your daily intakes may be higher or lower depending on your energy needs.","Milk, Salt, Mineral Salt (509), Cultures, Non Animal Rennet",https://www.coles.com.au/product/south-cape-brie-200g-8166936,,,2024-06-16T23:00:25.745154-04:00
"Ind53SColes_ADairy, Eggs & Fridge_SACheese_IAshgrove Signature Red Leicester | 150g",Ashgrove Signature Red Leicester | 150g,Ashgrove Signature,"Dairy, Eggs & Fridge",Cheese,Cheddar & tasty cheese,,$9.50,,,$63.34 per 1kg,5400232,"Ashgrove cheese is 100% Tassie family-owned. Dairy farming in Tasmania since 1908. 

Enjoy with sea salt lavosh, muscatel, fresh apricot and peated whisky. 

Signature Masterclass

Style: Rich and rounded. 
Colour: Deep orange hue. 
Texture: Slightly open, moist, smooth. 
Taste: Mellow, milky, fresh almond. ",,,"Per 100g/ml
Per Serving
%DI
Energy
1710kJ
342kJ
Protein
25.5g
5.1g
Total Fat
33.9g
6.8g
Saturated Fat
24.8g
5g
Carbohydrate
1.3g
0.3g
Sugars
0.1g
0.0g
Sodium
667mg
133mg
* Percentage Daily Intakes are based on an average adult diet of 8700 kJ. Your daily intakes may be higher or lower depending on your energy needs.",,https://www.coles.com.au/product/ashgrove-signature-red-leicester-150g-5400232,,,2024-06-16T23:00:36.902331-04:00
"Ind53SColes_ADairy, Eggs & Fridge_SACheese_IMainland Munchables Tasty Cheese & Crackers 4 pack | 120g",Mainland Munchables Tasty Cheese & Crackers 4 pack | 120g,Mainland,"Dairy, Eggs & Fridge",Cheese,Cheese snacks,,$5.50,,$7.00,$4.58 per 100g,6577500,"Mainland Munchables Cheese & Crackers 120g
100% natural tasty cheese

No Artificial Flavours

No Artificial Colours",,,"Per 100g/ml
Per Serving
%DI
Energy
1830kJ
548kJ
Protein
17.3g
5.2g
Total Fat
29.4g
8.8g
8.7g
Saturated Fat
19.2g
5.8g
Carbohydrate
25.5g
7.6g
Sugars
2.5g
0.8g
Calcium
463mg
139mg
Sodium
726mg
218mg
* Percentage Daily Intakes are based on an average adult diet of 8700 kJ. Your daily intakes may be higher or lower depending on your energy needs.",,https://www.coles.com.au/product/mainland-munchables-tasty-cheese-and-crackers-4-pack-120g-6577500,,,2024-06-16T23:00:47.816841-04:00
"Ind53SColes_ADairy, Eggs & Fridge_SACheese_IJindi Camembert | 125g",Jindi Camembert | 125g,Jindi,"Dairy, Eggs & Fridge",Cheese,Brie & soft cheese,,$4.00,,$5.50,$32.00 per 1kg,6139320,"Crafted locally in Gippsland, Victoria.

To your taste: This Camembert will continue to mature naturally and will reach its fullest flavour and softness towards the end of its shelf life. Consume earlier for a milder, firmer cheese.

Suitable for vegetarians.
Crafted locally in Gippsland, Victoria

Suitable for vegetarians",,,"Per 100g/ml
Per Serving
%DI
Energy
1300 kJ
325 kJ
Protein
19.7 g
4.9 g
Total Fat
25.5 g
6.4 g
Saturated Fat
17.5 g
4.4 g
Carbohydrate
1.1 g
Less than 1 g
Sugars
Less than 1 g
Less than 1 g
Sodium
467 mg
117 mg
Energy (Cal)
311 Cal
78 Cal
* Percentage Daily Intakes are based on an average adult diet of 8700 kJ. Your daily intakes may be higher or lower depending on your energy needs.",,https://www.coles.com.au/product/jindi-camembert-125g-6139320,,,2024-06-17T09:47:10.465485-04:00
