idx,name,brand,aisle,subaisle,subsubaisle,size,price,multi_price,old_price,pricePerUnit,itemNum,description,serving,img_urls,item_label,item_ingredients,url,SKU,UPC,timeStamp
"Ind55SColes_ADairy, Eggs & Fridge_SAMilk_IYakult Fermented Probiotic Milk 5 pack | 65mL",Yakult Fermented Probiotic Milk 5 pack | 65mL,Yakult,"Dairy, Eggs & Fridge",Milk,Probiotic milk,,$4.00,,,$12.31 per 1L,5484243,"Yakult is a refreshing fermented milk drink containing 6.5 billion of its unique probiotic, the Live Shirota strain, proven to survive strong stomach acids to reach your intestines alive, for digestive balance and intestinal health.
- no artificial colours
- low fat
- no preservatives
- gluten free
- Made fresh in Australia daily
- low lactose
For everybody, every day.",,,"Per 100g/ml
Per Serving
%DI
Energy
323kJ
210kJ
Protein
1.3g
0.8g
Total Fat
<0.1g
<0.1g
Saturated Fat
<0.1g
<0.1g
Carbohydrate
17.7g
11.5g
Sugars
17.2g
11.2g
Sodium
15.5mg
10.1mg
* Percentage Daily Intakes are based on an average adult diet of 8700 kJ. Your daily intakes may be higher or lower depending on your energy needs.",,https://www.coles.com.au/product/yakult-fermented-probiotic-milk-5-pack-65ml-5484243,,,2024-06-17T16:57:31.544929-04:00
"Ind55SColes_ADairy, Eggs & Fridge_SAMilk_IBreaka Iced Coffee Flavoured Milk | 2L",Breaka Iced Coffee Flavoured Milk | 2L,Breaka,"Dairy, Eggs & Fridge",Milk,Milk flavoured,,$6.00,,,$3.00 per 1L,3565639,"Breaka Iced Coffee Flavoured Milk is a iced coffee flavoured milk, which is made in QLD. It contains at least 40% less fat than full cream milk. Breaka Flavoured Milk - The Flavour of Fun!
Flavoured milk

Iced coffee flavoured milk

Made in QLD

Contains at least 40% less fat than full cream milk.

Breaka Flavoured Milk - The Flavour of Fun!",,,"Per 100g/ml
Per Serving
%DI
Energy
287 kJ
718 kJ
Protein
3.2 g
8.0 g
Total Fat
1.8 g
4.5 g
Saturated Fat
1.2 g
3.0 g
Carbohydrate
9.8 g
24.5 g
Sugars
9.5 g
23.8 g
Calcium
108 mg
270 mg
34% RDI*
Sodium
37 mg
93 mg
Energy (Cal)
69 Cal
172 Cal
Gluten
Nil
Nil
* Percentage Daily Intakes are based on an average adult diet of 8700 kJ. Your daily intakes may be higher or lower depending on your energy needs.","Reduced fat milk, sugar, milk solids, coffee (0.5%).",https://www.coles.com.au/product/breaka-iced-coffee-flavoured-milk-2l-3565639,,,2024-06-17T16:57:42.819245-04:00
"Ind55SColes_ADairy, Eggs & Fridge_SAMilk_IOak Chocolate Lactose Free Flavoured Milk | 600mL",Oak Chocolate Lactose Free Flavoured Milk | 600mL,Oak,"Dairy, Eggs & Fridge",Milk,Milk flavoured,,$3.90,Pick any 2 for $5,,$6.50 per 1L,6259377,"OAK really hits the spot when you're hungrythirsty. What's hungrythirsty? It's a state of weak indecision where you're neither hungry nor thirsty but a bit of both. Kill two birds with one steel meteorite of OAK milk - it's full strength, full flavour, full on. With over 50 years' experience and a choice of rich, creamy and authentic flavours, OAK is always the answer.
Lactose Free

Easy to digest",,,"Per 100g/ml
Per Serving
%DI
Energy
380 kJ
1140 kJ
Protein
3.3 g
9.9 g
Total Fat
3.6 g
10.8 g
Saturated Fat
2.4 g
7.2 g
Carbohydrate
10.9 g
32.7 g
Sugars
10.2 g
30.6 g
Lactose
0.0 g
0.0 g
Calcium
103 mg
309 mg
39%
Sodium
45 mg
135 mg
Dietary Fibre (total)
0.3 mg
0.9 mg
Galactose
2.9 g
8.7 g
* Percentage Daily Intakes are based on an average adult diet of 8700 kJ. Your daily intakes may be higher or lower depending on your energy needs.",,https://www.coles.com.au/product/oak-chocolate-lactose-free-flavoured-milk-600ml-6259377,,,2024-06-17T16:57:55.629639-04:00
"Ind55SColes_ADairy, Eggs & Fridge_SAMilk_IIce Break Regular Strength Iced Coffee Flavoured Milk | 2L",Ice Break Regular Strength Iced Coffee Flavoured Milk | 2L,Ice Break,"Dairy, Eggs & Fridge",Milk,Milk flavoured,,$6.80,,,$3.40 per 1L,4569839,Ice Break Regular Strength is a 2 shot real coffee recharge made with Aussie milk.,,,"Per 100g/ml
Per Serving
%DI
Energy
289 kJ
1445 kJ
Protein
3.3 g
16.5 g
Total Fat
1.6 g
8.0 g
Saturated Fat
1.0 g
5.0 g
Carbohydrate
10.3 g
51.5 g
Sugars
9.8 g
49.0 g
Calcium
109 mg
545 mg
68% RDI
Sodium
37 mg
185 mg
Energy (Cal)
69
345
Caffeine
29 mg
145 mg
* Percentage Daily Intakes are based on an average adult diet of 8700 kJ. Your daily intakes may be higher or lower depending on your energy needs.",,https://www.coles.com.au/product/ice-break-regular-strength-iced-coffee-flavoured-milk-2l-4569839,,,2024-06-17T16:58:06.852018-04:00
"Ind55SColes_ADairy, Eggs & Fridge_SAMilk_IDairy Farmers Full Cream Milk | 3L",Dairy Farmers Full Cream Milk | 3L,Dairy Farmers,"Dairy, Eggs & Fridge",Milk,Full cream milk,,$6.50,,,$2.17 per 1L,7357123,"Rich, creamy and nutritious, it naturally provides 8 essential nutrients to support a healthy mind and body: 

Protein - for muscle growth and repair 
Calcium and phosphorous - for strong bones and teeth 
Iodine and vitamin B5 - for healthy brain and cognitive function 
Potassium - for muscle function and hydration 
Vitamin B2 and B12 - for energy maintenance and immune support 

Consume as part of a varied diet.

4 health star rating. 

Proud supporters of our Australian dairy farming communities for over 120 years, choose high quality, nutritious and delicious milk from Dairy Farmers.
Australian milk

Fresh milk

From Australian farmers

Rich in calcium

Natural source of protein

High quality.

Nutritious and delicious milk.",,,"Per 100g/ml
Per Serving
%DI
Energy
259kJ
648kJ
7.000000000000001%
Protein
3.4g
8.5g
17.0%
Total Fat
3.4g
8.5g
12.0%
Saturated Fat
2.3g
5.8g
24.0%
Carbohydrate
4.4g
11.0g
4.0%
Sugars
4.4g
11.0g
12.0%
Vitamin B2
0.15mg
0.38mg
22% RDI*
Calcium
118mg
295mg
37% RDI*
Vitamin B12
0.32ug
0.80ug
40% RDI*
Sodium
44mg
110mg
5.0%
Energy (Cal)
62Cal
155Cal
Potassium
143mg
358mg
Vitamin B5
0.28mg
0.70mg
14% RDI*
Iodine
17ug
43ug
28% RDI*
* Percentage Daily Intakes are based on an average adult diet of 8700 kJ. Your daily intakes may be higher or lower depending on your energy needs.",,https://www.coles.com.au/product/dairy-farmers-full-cream-milk-3l-7357123,,,2024-06-17T16:58:17.680385-04:00
"Ind55SColes_ADairy, Eggs & Fridge_SAMilk_IOak Chocolate Flavoured Milk | 600mL",Oak Chocolate Flavoured Milk | 600mL,Oak,"Dairy, Eggs & Fridge",Milk,Milk flavoured,,$3.90,Pick any 2 for $5,,$6.50 per 1L,13079,"What's hungythirsty? It's a state of weak indecision where you're neither hungry nor thirsty but a bit of both. Kill two birds with one steel meteorite of OAK milk - it's full strength, full flavour, full on. With over 50 years' experience and a choice of rich, creamy and authentic flavours, OAK is always the answer.",,,"Per 100g/ml
Per Serving
%DI
Energy
376 kJ
1130 kJ
Protein
3.5 g
10.5 g
Total Fat
3.4 g
10.2 g
Saturated Fat
2.2 g
6.6 g
Carbohydrate
11.0 g
33.0 g
Sugars
10.6 g
31.8 g
Calcium
115 mg
345 mg
43%
Sodium
50 mg
150 mg
* Percentage Daily Intakes are based on an average adult diet of 8700 kJ. Your daily intakes may be higher or lower depending on your energy needs.",,https://www.coles.com.au/product/oak-chocolate-flavoured-milk-600ml-13079,,,2024-06-17T16:58:30.072873-04:00
"Ind55SColes_ADairy, Eggs & Fridge_SAMilk_IDairy Farmers Caramel Flavoured Milk | 500mL",Dairy Farmers Caramel Flavoured Milk | 500mL,Dairy Farmers,"Dairy, Eggs & Fridge",Milk,Milk flavoured,,$3.20,,$3.60,$6.40 per 1L,3897898,"From Aussie farms for your family to enjoy - the Dairy Farmers brand has a rich heritage dating back to 1900. We're proud to honour the generous spirit of our farming communities by continuing to bring high quality and nutritious dairy products across milk, flavoured yoghurt, flavoured milk and culinary products .
Proudly Aussie made and owned
Made with fresh Australian milk
Milk is a natural source of protein
No artificial additives or preservatives
Enjoy as part of a healthy and balanced diet
Made in Australia from at least 98% Australian ingredients.
Rich in calcium.",,,"Per 100g/ml
Per Serving
%DI
Energy
298kJ
1490kJ
17.00%
Protein
3.2g
16.0g
32.00%
Total Fat
2.5g
12.5g
18.00%
Saturated Fat
1.6g
8.0g
33.00%
Carbohydrate
8.9g
44.5g
14.00%
Sugars
8.5g
42.5g
47.00%
Calcium
117mg
585mg
73% RDI*
Sodium
65mg
325mg
14.00%
Energy (Cal)
71Cal
355Cal
Dietary Fibre (total)
0.0g
0.0g
0.00%
* Percentage Daily Intakes are based on an average adult diet of 8700 kJ. Your daily intakes may be higher or lower depending on your energy needs.","Fresh reduced fat milk, sugar, flavour, caramel colour (150c), salt, vegetable gum (carrageenan).",https://www.coles.com.au/product/dairy-farmers-caramel-flavoured-milk-500ml-3897898,,,2024-06-17T16:58:41.329407-04:00
"Ind55SColes_ADairy, Eggs & Fridge_SAMilk_IPauls Smarter White Milk 2% Fat Full Cream Taste Bottle | 1L",Pauls Smarter White Milk 2% Fat Full Cream Taste Bottle | 1L,Pauls,"Dairy, Eggs & Fridge",Milk,Skim & low fat milk,,$3.20,,,$3.20 per 1L,9411773,"At Pauls, we love dairy. We're pretty passionate about making great tasting products packed with real dairy goodness. We put that devotion into every Pauls milk, cream, custard and yoghurt we make.
Pauls Smarter White Milk has all the goodness and taste of full cream milk with only 2% fat.
Full cream taste

Only 2% Fat.

Fresh Australian Milk

Good Source Calcium

Goodness and taste of full cream milk",,,"Per 100g/ml
Per Serving
%DI
Energy
236 kJ
570 kJ
Protein
3.8 g
9.5 g
Total Fat
2.0 g
5.0 g
Saturated Fat
1.3 g
3.3 g
Carbohydrate
5.3 g
13.3 g
Sugars
5.3 g
13.3 g
Calcium
132 mg
330 mg
41% RDI*
Iron
0.0
0.0
Vitamin A
0.0
0.0
Coenzyme Q10
0.0
0.0
Vitamin E
0.0
0.0
Vitamin B
0.0
0.0
Vitamin C
0.0
0.0
Dietary Fibre (total)
0.0
0.0
Omega - 6
0.0
0.0
Magnesium
0.0
0.0
Selenium
0.0
0.0
Copper
0.0
0.0
Trans
0.0
0.0
Iodine
0.0
0.0
Bioflavoids
0.0
Folic Acid
0.0
0.0
Biotin
0.0
0.0
Molybdenum
0.0
0.0
Zinc
0.0
0.0
Sodium
42 mg
105 mg
Choline
0.0
0.0
Monounsaturated
0.0
0.0
Chromium
0.0
0.0
Polyunsaturated
0.0
0.0
Potassium
0.0
0.0
Manganese
0.0
0.0
* Percentage Daily Intakes are based on an average adult diet of 8700 kJ. Your daily intakes may be higher or lower depending on your energy needs.",,https://www.coles.com.au/product/pauls-smarter-white-milk-2percent-fat-full-cream-taste-bottle-1l-9411773,,,2024-06-17T16:58:52.977252-04:00
"Ind55SColes_ADairy, Eggs & Fridge_SAMilk_IDare Mocha Flavoured Milk | 500mL",Dare Mocha Flavoured Milk | 500mL,Dare,"Dairy, Eggs & Fridge",Milk,Milk flavoured,,$3.30,,$4.15,$6.60 per 1L,3033957,"Forgot you drove to work and caught the train home?

...A Dare Fix'll Fix It!

Made with real Robusta & Arabica coffee, chocolate flavour and fresh milk. A mocha that can't be mocked!
Robusta & Arabica Coffee

Made with Fresh Milk

Australian Made

A Dare Fix'll fix it

Mocha chocolate flavour

A Dare Iced Coffee kick.",,,"Per 100g/ml
Per Serving
%DI
Energy
368kJ
1840kJ
21%
Protein
3.3g
16.5g
33%
Total Fat
3.5g
17.5g
25%
Saturated Fat
2.2g
11.0g
46%
Carbohydrate
10.7g
53.5g
17%
Sugars
10.2g
51.0g
56%
Calcium
113mg
565mg
71% RDI*
Sodium
44mg
220mg
10%
Caffeine
25mg
125mg
* Percentage Daily Intakes are based on an average adult diet of 8700 kJ. Your daily intakes may be higher or lower depending on your energy needs.",,https://www.coles.com.au/product/dare-mocha-flavoured-milk-500ml-3033957,,,2024-06-17T16:59:03.900218-04:00
"Ind55SColes_ADairy, Eggs & Fridge_SAMilk_IColes Skim Milk Bottle | 1L",Coles Skim Milk Bottle | 1L,Coles,"Dairy, Eggs & Fridge",Milk,Skim & low fat milk,,$1.60,,,$1.60 per 1L,9052739,All our fresh milk is 100% Australian milk. This milk is bottled by an Australian Farming Co-op.,,,"Per 100g/ml
Per Serving
%DI
Energy
149.90
374.75
Protein
3.60
9.00
Total Fat
0.10
0.25
Saturated Fat
0.10
0.25
Carbohydrate
5.00
12.50
Sugars
4.50
11.25
Calcium
129
323
Sodium
41.00
102.50
Energy (Cal)
36
90
Dietary Fibre (total)
0.00
0.00
* Percentage Daily Intakes are based on an average adult diet of 8700 kJ. Your daily intakes may be higher or lower depending on your energy needs.",,https://www.coles.com.au/product/coles-skim-milk-bottle-1l-9052739,,,2024-06-17T16:59:15.181161-04:00
"Ind55SColes_ADairy, Eggs & Fridge_SAMilk_IPauls Physical Hi Calcium No Fat Milk | 2L",Pauls Physical Hi Calcium No Fat Milk | 2L,Pauls,"Dairy, Eggs & Fridge",Milk,Skim & low fat milk,,$4.95,,,$2.48 per 1L,4985,"At Pauls, we love Dairy. We're pretty passionate about making great tasting products packed with real dairy goodness. We put that devotion into every Pauls milk, cream, custard and yoghurt we make.
Pauls PhysiCAL Milk has 40% more calcium than regular milk, plus added Vitamin D to aid calcium absorption. Just 2 glasses of PhysiCAL provides 100% of your daily calcium requirements.
#Including Pauls PhysiCAL with Vitamin D as part of a varied and healthy diet aids calcium absorption.
40% more calcium than regular milk

Source of Vitamin D

Made from Australian Milk

Provides 100% of your daily calcium requirements

Good Source of Calcium

Low Fat Milk.",,,"Per 100g/ml
Per Serving
%DI
Energy
212kJ
530kJ
Protein
3.9g
9.8g
Total Fat
1.4g
3.5g
Saturated Fat
0.9g
2.3g
Carbohydrate
5.6g
14.0g
Sugars
5.6g
14.0g
Calcium
191 mg
478 mg
60% RDI*
Iron
0.0
0.0
Vitamin A
0.0
0.0
Coenzyme Q10
0.0
0.0
Vitamin E
0.0
0.0
Vitamin B
0.0
0.0
Vitamin C
0.0
0.0
Dietary Fibre (total)
0.0g
0.0g
Omega - 6
0.0
0.0
Magnesium
0.0
0.0
Selenium
0.0
0.0
Copper
0.0
0.0
Trans
0.0g
0.0g
Iodine
0.0
0.0
Bioflavoids
0.0
Folic Acid
0.0
0.0
Biotin
0.0
0.0
Molybdenum
0.0
0.0
Zinc
0.0
0.0
Sodium
45mg
113mg
Choline
0.0
0.0
Monounsaturated
0.0g
0.0g
Chromium
0.0
0.0
Polyunsaturated
0.0g
0.0g
Potassium
0.0
0.0
Manganese
0.0
0.0
* Percentage Daily Intakes are based on an average adult diet of 8700 kJ. Your daily intakes may be higher or lower depending on your energy needs.","Low fat milk (1.4% fat), milk solids, milk calcium, stabiliser (407), dextrose (maize), vitamin D.",https://www.coles.com.au/product/pauls-physical-hi-calcium-no-fat-milk-2l-4985,,,2024-06-17T16:59:27.319220-04:00
"Ind55SColes_ADairy, Eggs & Fridge_SA_IRokeby Farms Probiotic Filmjolk Natural Yoghurt | 750g",Rokeby Farms Probiotic Filmjolk Natural Yoghurt | 750g,Rokeby Farms,"Dairy, Eggs & Fridge",,,,$4.00,,$5.00,$0.53 per 100g,3186561,"Filmjolk is a traditional cultured yoghurt from Sweden that dates back to the Viking days. Made with fresh milk sourced from local Gippsland farms, our probiotic yoghurt is slow fermented the authentic Swedish way.With 15 live and active cultures and 50+ billion good bacteria per serve, probiotic yoghurt helps maintain healthy gut flora and regulate your digestive system.Natural probiotic yoghurt with 15 cultures and probiotics. 50+ billion good bacteria 15 live cultures & probiotics Fresh yoghurt For digestive health",,,"Per 100g/ml
Per Serving
%DI
Energy
267kJ
669kJ
Protein
3.5g
8.7g
Total Fat
3.9g
9.6g
Saturated Fat
2.6g
6.5g
Carbohydrate
3.9g
9.6g
Sugars
3g
7.5g
Lactose
0.5g
1.2g
Calcium
132mg
330mg
Sodium
39mg
96mg
Galactose
2.5g
6.3g
* Percentage Daily Intakes are based on an average adult diet of 8700 kJ. Your daily intakes may be higher or lower depending on your energy needs.",,https://www.coles.com.au/product/rokeby-farms-probiotic-filmjolk-natural-yoghurt-750g-3186561,,,2024-06-17T16:59:41.034061-04:00
"Ind55SColes_ADairy, Eggs & Fridge_SAMilk_IPauls Physical Hi Calcium No Fat Milk | 2L",Pauls Physical Hi Calcium No Fat Milk | 2L,Pauls,"Dairy, Eggs & Fridge",Milk,Skim & low fat milk,,$4.95,,,$2.48 per 1L,6095484,"At Pauls, we love Dairy. We're pretty passionate about making great tasting products packed with real dairy goodness. We put that devotion into every Pauls milk, cream, custard and yoghurt we make.
Pauls PhysiCAL Milk has 40% more calcium than regular milk, plus added Vitamin D to aid calcium absorption. Just 2 glasses of PhysiCAL provides 100% of your daily calcium requirements.
#Including Pauls PhysiCAL with Vitamin D as part of a varied and healthy diet aids calcium absorption. 
40% more calcium than regular milk

Source of Vitamin D

Made from Australian Milk

Provides 100% of your daily calcium requirements

Good Source of Calcium

99.9% fat free.",,,"Per 100g/ml
Per Serving
%DI
Energy
178kJ
445kJ
Protein
4.1g
10.3g
Total Fat
0.1g
0.3g
Saturated Fat
0.3g
0.3g
Carbohydrate
6.0g
15.0g
Sugars
6.0g
15.0g
Calcium
191 mg
478 mg
60% RDI*
Iron
0.0
0.0
Vitamin A
0.0
0.0
Coenzyme Q10
0.0
0.0
Vitamin E
0.0
0.0
Vitamin B
0.0
0.0
Vitamin C
0.0
0.0
Dietary Fibre (total)
0.0g
0.0g
Omega - 6
0.0
0.0
Magnesium
0.0
0.0
Selenium
0.0
0.0
Copper
0.0
0.0
Trans
0.0g
0.0g
Iodine
0.0
0.0
Bioflavoids
0.0
Folic Acid
0.0
0.0
Biotin
0.0
0.0
Molybdenum
0.0
0.0
Zinc
0.0
0.0
Sodium
50mg
125mg
Choline
0.0
0.0
Monounsaturated
0.0g
0.0g
Chromium
0.0
0.0
Polyunsaturated
0.0g
0.0g
Potassium
0.0
0.0
Manganese
0.0
0.0
* Percentage Daily Intakes are based on an average adult diet of 8700 kJ. Your daily intakes may be higher or lower depending on your energy needs.","Skim milk milk solids, stabilisers (460, 466, 407), milk calcium, vitamin D.",https://www.coles.com.au/product/pauls-physical-hi-calcium-no-fat-milk-2l-6095484,,,2024-06-17T16:59:52.169798-04:00
"Ind55SColes_ADairy, Eggs & Fridge_SAMilk_IPauls Zymil Gluten free & lactose Free Full Cream Milk | 2L",Pauls Zymil Gluten free & lactose Free Full Cream Milk | 2L,Pauls,"Dairy, Eggs & Fridge",Milk,Specialty milk,,$6.80,,,$3.40 per 1L,1902454,"At Pauls, we love dairy. We're pretty passionate about making great tasting products packed with real dairy goodness. We put that devotion into every Pauls milk, cream, custard and yoghurt we make. Milk is a natural source of protein, vitamins and minerals essential for good health. Rich in calcium, Pauls Zymil is simply milk which is easy to digest (As part of a healthy and varied diet, consuming Zymil instead of regular milk helps ease digestion in those who are sensitive to lactose). Plus Pauls Zymil is lactose free and made from real milk so it has all of the natural goodness of regular milk. Lactose free, easy to digest and rich in calcium.
Full cream milk

Lactose free

Gluten free

Easy to digest",,,"Per 100g/ml
Per Serving
%DI
Energy
270kJ
675kJ
Protein
3.4g
8.5g
Total Fat
3.6g
9.0g
Saturated Fat
2.3g
5.8g
Carbohydrate
4.7g
11.8g
Sugars
4.7g
11.8g
Vitamin B2
0.2mg
0.4mg
25% RDI^
Calcium
125mg
313mg
39% RDI^
Lactose
Nil
Nil
Sodium
40mg
100mg
Energy (Cal)
64Cal
161Cal
Dietary Fibre (total)
0.0g
0.0g
Galactose
2.4g
6.0g
* Percentage Daily Intakes are based on an average adult diet of 8700 kJ. Your daily intakes may be higher or lower depending on your energy needs.",,https://www.coles.com.au/product/pauls-zymil-gluten-free-and-lactose-free-full-cream-milk-2l-1902454,,,2024-06-17T17:00:05.385183-04:00
"Ind55SColes_ADairy, Eggs & Fridge_SAMilk_IPauls Farmhouse Gold Full Cream Milk | 1.5L",Pauls Farmhouse Gold Full Cream Milk | 1.5L,Pauls,"Dairy, Eggs & Fridge",Milk,Full cream milk,,$4.40,,,$2.93 per 1L,2750602,"Farmhouse Gold is perfect for those who love the traditional taste of real milk. Made with fresh wholesome milk from Australian farms, Farmhouse Gold Full Cream has a deliciously rich, extra creamy taste you will savour. Milk, the way it was meant to be. ",,,"Per 100g/ml
Per Serving
%DI
Energy
317 kJ
792 kJ
Protein
3.4g
8.5g
Total Fat
4.7g
11.8g
Saturated Fat
3.1g
7.7g
Carbohydrate
4.8g
12g
Sugars
4.8g
12g
Calcium
123mg
307mg
38%
Sodium
41mg
102mg
Energy (Cal)
76 Cal
189 Cal
* Percentage Daily Intakes are based on an average adult diet of 8700 kJ. Your daily intakes may be higher or lower depending on your energy needs.",,https://www.coles.com.au/product/pauls-farmhouse-gold-full-cream-milk-1.5l-2750602,,,2024-06-17T17:00:18.128839-04:00
"Ind55SColes_ADairy, Eggs & Fridge_SAMilk_IIce Break Iced Coffee Triple Shot | 750mL",Ice Break Iced Coffee Triple Shot | 750mL,Ice Break,"Dairy, Eggs & Fridge",Milk,Milk flavoured,,$3.90,,$4.95,$5.20 per 1L,8224533,Ice Break Triple Shot is a 3 shot real coffee recharge made with Aussie milk.,,,"Per 100g/ml
Per Serving
%DI
Energy
293
1465
Protein
3.3g
16.5g
Total Fat
1.6g
8.0g
Saturated Fat
1.0g
5.0g
Carbohydrate
10.5g
52.5g
Sugars
9.9g
49.5g
Calcium
108mg
540mg
67% RDI*
Sodium
36mg
180mg
Energy (Cal)
70
350
Caffeine
41mg
205mg
* Percentage Daily Intakes are based on an average adult diet of 8700 kJ. Your daily intakes may be higher or lower depending on your energy needs.","REDUCED FAT MILK, SUGAR, COFFEE (1%), MILK SOLIDS.",https://www.coles.com.au/product/ice-break-iced-coffee-triple-shot-750ml-8224533,,,2024-06-17T17:00:31.550400-04:00
"Ind55SColes_ADairy, Eggs & Fridge_SAMilk_IVitasoy Unsweetened Almond Milk | 1L",Vitasoy Unsweetened Almond Milk | 1L,Vitasoy,"Dairy, Eggs & Fridge",Milk,Soy & almond milk,,$4.00,,,$4.00 per 1L,2684381,"Every whole almond that makes this milk great is grown in Australia

Beneath the watchful eyes of Aussie farmers, every sun-kissed whole almond squeezed into our Almond Milk Unsweetened was picked at just the right moment to end up in your hands.
For us, it's a daily obsession that's been growing across the globe since the Vitasoy brand first started in 1940. Bringing you a simple yet delicious almond milk, brimming with the good stuff- and no added sugar.

This is why our glass is always full.

Grown by Aussie Farmers
Our whole almonds are harvested from February to April and delivered to our Wodonga factory.
Only the best almonds make it...

Blended by us
We soak our almonds until they're ready to be ground, and then blend the good bits with filtered water and other ingredients including calcium.
Perfected and packed for your fridge...

Enjoyed by you
Your Vitasoy is ready to be soaked up and savoured with all your favourites.

- Australian grown whole almonds.
- Naturally free from gluten, dairy, lactose, cholesterol and soy.
- Natural source of vitamin E.
- 1/3 of your daily calcium needs in every serving.
- No artificial colours, flavours or preservatives
- Non-genetically modified.
- Suitable For vegans and vegetarians.",,,"Per 100g/ml
Per Serving
%DI
Energy
86kJ
215kJ
2.0%
Protein
0.7g
1.8g
4.0%
Total Fat
1.8g
4.5g
6.0%
Saturated Fat
1.8g
4.5g
6.0%
Carbohydrate
0.3g
0.8g
0.0%
Sugars
0.1g
0.3g
0.0%
Lactose
0g
0g
Sodium
120mg
90mg
38% RDI#
Monounsaturated
1.1g
2.8g
Energy (Cal)
20Cal
50Cal
Dietary Fibre (total)
0.3g
0.8g
3.0%
Polyunsaturated
0.5g
1.3g
Galactose
0g
0g
Gluten
0mg
0mg
Trans
0g
0g
* Percentage Daily Intakes are based on an average adult diet of 8700 kJ. Your daily intakes may be higher or lower depending on your energy needs.",,https://www.coles.com.au/product/vitasoy-unsweetened-almond-milk-1l-2684381,,,2024-06-17T17:00:44.529808-04:00
"Ind55SColes_ADairy, Eggs & Fridge_SAMilk_IA2 Dairy Full Cream Milk | 2L",A2 Dairy Full Cream Milk | 2L,A2,"Dairy, Eggs & Fridge",Milk,Full cream milk,,$6.90,,,$3.45 per 1L,9760091,"a2 Milk is no ordinary milk!

It is real milk that may be easier on digestion for some people*.

As the number 1 producer of A1 protein free milk in Australia, our purpose is to pioneer the future of dairy for good.


For more information on the a2 Milk difference visit www.a2milk.com.au

*a2 Milk comes from cows specially selected to naturally produce milk with only the A2-type beta-casein protein so may be easier on digestion than ordinary milk for some milk intolerant individuals when consumed as part of a healthy, varied diet.
All natural with no additives, this delicious and creamy fresh milk with less than 4g of fat per 100mL

Easier on digestion for some**a2 Milk comes from cows specially selected to naturally produce milk with only the A2-type beta-casein protein so may be easier on digestion than regular milk for some milk intolerant individuals when consumed as part of a healthy, varied diet.

Naturally all A2-type beta-casein protein type, and no A1Some people may be sensitive to a protein called A1 beta-casein commonly found in milk.

The perfect milk for all occasions! Use a2 Milk in tea and coffee, baking, cooking, with cereal, with cookies, or simply enjoy on its own.

a2 Milk has been proudly partnering with Landcare Australia since 2017 to support our farmers with initiatives to protect, enhance and restore the natural environment

Good source of calcium.

Contains Protein.",,,"Per 100g/ml
Per Serving
%DI
Energy
275kJ
688kJ
0
Protein
3.3g
8.3g
0
Total Fat
3.5g
8.8g
0
Saturated Fat
2.4g
6.0g
0
Carbohydrate
5.0g
12.5g
0
Sugars
4.7g
11.8g
0
Calcium
109mg
273mg
34.0%
Sodium
33mg
83mg
0
Monounsaturated
0
0
0
Energy (Cal)
65 Cal
163 Cal
0
Dietary Fibre (total)
0
0
0
Polyunsaturated
0
0
0
Potassium
147mg
368mg
0
Trans
0
0
0
* Percentage Daily Intakes are based on an average adult diet of 8700 kJ. Your daily intakes may be higher or lower depending on your energy needs.",,https://www.coles.com.au/product/a2-dairy-full-cream-milk-2l-9760091,,,2024-06-17T17:00:56.910144-04:00
"Ind55SColes_ADairy, Eggs & Fridge_SAMilk_INorco Farmer Own Double Shot Coffee | 440mL",Norco Farmer Own Double Shot Coffee | 440mL,Norco,"Dairy, Eggs & Fridge",Milk,Milk flavoured,,$2.90,,$3.60,$6.59 per 1L,4483405,,,,,,https://www.coles.com.au/product/norco-farmer-own-double-shot-coffee-440ml-4483405,,,2024-06-17T17:01:06.911562-04:00
"Ind55SColes_ADairy, Eggs & Fridge_SATea_IArkadia Spice Chai Tea Sachets 20 pack | 400g",Arkadia Spice Chai Tea Sachets 20 pack | 400g,Arkadia,"Dairy, Eggs & Fridge",Tea,Chai,,$13.00,,,$0.65 per 1ea,3452610,"Our family has been crafting chai over 25 years, so you might say we know a thing or two about the perfect blend.
Warm up with a mug of Arkadia signature chai spice. Boldly fragrant and deliciously creamy, let our secret family recipe take you on a journey.
98% Fat Free when made according to directions using water or skim milk.
Contains no artificial colours, sweeteners or preservatives.",,,"Per 100g/ml
Per Serving
%DI
Energy
194kJ
372kJ
Protein
0.2g
0.4g
Total Fat
1.3g
2.4g
Saturated Fat
1.2g
2.4g
Carbohydrate
8.4g
16.2g
Sugars
6g
11.5g
Sodium
30mg
58mg
* Percentage Daily Intakes are based on an average adult diet of 8700 kJ. Your daily intakes may be higher or lower depending on your energy needs.",,https://www.coles.com.au/product/arkadia-spice-chai-tea-sachets-20-pack-400g-3452610,,,2024-06-17T17:01:18.043798-04:00
"Ind55SColes_ADairy, Eggs & Fridge_SAMilk_IAnnie's Orchard Unsweetened Oat Milk | 1L",Annie's Orchard Unsweetened Oat Milk | 1L,Annies Orchard,"Dairy, Eggs & Fridge",Milk,Soy & almond milk,,$3.30,,,$3.30 per 1L,6450214,"Annie's Orchard Unsweetened Oat Milk is made from 100% Aussie oats, sourced from local farmers and growers.",,,"Per 100g/ml
Per Serving
%DI
Energy
224kJ
560kJ
6%
Protein
1g
2.5g
5%
Total Fat
1.9g
4.8g
7%
Saturated Fat
0.3g
0.8g
3%
Carbohydrate
8.1g
20.3g
7%
Sugars
1.4g
3.5g
4%
Calcium
80mg
200mg
25%
Sodium
39mg
98mg
4%
Dietary Fibre (total)
3.5g
8.8g
29%
* Percentage Daily Intakes are based on an average adult diet of 8700 kJ. Your daily intakes may be higher or lower depending on your energy needs.",,https://www.coles.com.au/product/annie's-orchard-unsweetened-oat-milk-1l-6450214,,,2024-06-17T17:01:37.280885-04:00
"Ind55SColes_ADairy, Eggs & Fridge_SADairy, chilled & frozen_IPauls Smarter White Milk 2% Fat Full Cream Taste | 2L",Pauls Smarter White Milk 2% Fat Full Cream Taste | 2L,Pauls,"Dairy, Eggs & Fridge","Dairy, chilled & frozen",Milk & eggs,,$4.35,,,"$2.18 per 1L
Was $4.85 on Apr 2024",9411784,"At Pauls, we love dairy. We're pretty passionate about making great tasting products packed with real dairy goodness. We put that devotion into every Pauls milk, cream, custard and yoghurt we make.
Pauls Smarter White Milk has all the goodness and taste of full cream milk with only 2% fat.
Full cream taste

Only 2% fat

Good Source Calcium

Goodness and taste of full cream milk

Australian Milk",,,"Per 100g/ml
Per Serving
%DI
Energy
228kJ
570kJ
Protein
3.8g
9.5g
Total Fat
2.0g
5.0g
Saturated Fat
1.3g
3.3g
Carbohydrate
5.3g
13.3g
Sugars
5.3g
13.3g
Calcium
132 mg
330 mg
41% RDI*
Iron
0
0
Vitamin A
0
0
Coenzyme Q10
0
0
Vitamin E
0
0
Vitamin B
0
0
Vitamin C
0
0
Dietary Fibre (total)
0
0
Omega - 6
0
0
Magnesium
0
0
Selenium
0
0
Copper
0
0
Trans
0
0
Iodine
0
0
Bioflavoids
0
Folic Acid
0
0
Biotin
0
0
Molybdenum
0
0
Zinc
0
0
Sodium
42mg
105mg
Choline
0
0
Monounsaturated
0
0
Chromium
0
0
Polyunsaturated
0
0
Potassium
0
0
Manganese
0
0
* Percentage Daily Intakes are based on an average adult diet of 8700 kJ. Your daily intakes may be higher or lower depending on your energy needs.","Reduced fat milk, milk solids.",https://www.coles.com.au/product/pauls-smarter-white-milk-2percent-fat-full-cream-taste-2l-9411784,,,2024-06-17T17:01:49.430988-04:00
"Ind55SColes_ADairy, Eggs & Fridge_SAMilk_IDare Double Espresso Flavoured Milk | 750mL",Dare Double Espresso Flavoured Milk | 750mL,Dare,"Dairy, Eggs & Fridge",Milk,Milk flavoured,,$5.25,,,$7.00 per 1L,3034020,"KEEP SAYING PACIFIC INSTEAD OF SPECIFIC?
...A DARE FIX'LL FIX IT.

Made with real Robusta & Arabica coffee and fresh milk. A big coffee kick without the big cafe queue!
Made with Fresh Australian Milk

Aussie Owned, Made & Loved

Real Rainforest Alliance Certified Arabica & Robusta Coffee

Working with the Rainforest Alliance to support coffee farmers and their communities",,,"Per 100g/ml
Per Serving
%DI
Energy
341kJ (Ave. Qty. per 100mL)
853kJ
10%
Protein
3.4g (Ave. Qty. per 100mL)
8.5g
17%
Total Fat
3.5g (Ave. Qty. per 100mL)
8.8g
13%
Saturated Fat
2.2g (Ave. Qty. per 100mL)
5.5g
23%
Carbohydrate
9.0g (Ave. Qty. per 100mL)
22.5g
7%
Sugars
8.7g (Ave. Qty. per 100mL)
21.8g
24%
Calcium
123mg (Ave. Qty. per 100mL)
308mg
39% RDI*
Sodium
43mg (Ave. Qty. per 100mL)
108mg
5%
Dietary Fibre (total)
0.0g (Ave. Qty. per 100mL)
0.0g
Caffeine
16mg (Ave. Qty. per 100mL)
40mg
* Percentage Daily Intakes are based on an average adult diet of 8700 kJ. Your daily intakes may be higher or lower depending on your energy needs.",,https://www.coles.com.au/product/dare-double-espresso-flavoured-milk-750ml-3034020,,,2024-06-17T17:02:02.161089-04:00
"Ind55SColes_ADairy, Eggs & Fridge_SAMilk_IDare No Added Sugar Espresso Flavoured Milk | 500mL",Dare No Added Sugar Espresso Flavoured Milk | 500mL,Dare,"Dairy, Eggs & Fridge",Milk,Milk flavoured,,$3.30,,$4.15,$6.60 per 1L,4477016,"WHEN YOU WANT ALL THE GOOD, WITHOUT THE ADDED SUGAR....A DARE FIX'LL FIX IT!

Dare Iced Coffee No Sugar Added Espresso is made with real Robusta & Arabica coffee and fresh milk. A big coffee kick without any sugar added.

 No Sugar Added

Made with Fresh Australian Milk

Aussie Owned, Made & Loved

Real Rainforest Alliance Certified Arabica & Robusta Coffee",,,"Per 100g/ml
Per Serving
%DI
Energy
267kJ
1340kJ
15%
Protein
3.4g
17.0g
34%
Total Fat
3.4g
17.0g
24%
Saturated Fat
2.2g
11.0g
46%
Carbohydrate
4.9g
24.5g
8%
Sugars
4.9g
24.5g
27%
Calcium
118mg
590mg
74% RDI*
Sodium
41mg
205mg
9%
Dietary Fibre (total)
0.0g
0.0g
Caffeine
16mg
80mg
* Percentage Daily Intakes are based on an average adult diet of 8700 kJ. Your daily intakes may be higher or lower depending on your energy needs.",,https://www.coles.com.au/product/dare-no-added-sugar-espresso-flavoured-milk-500ml-4477016,,,2024-06-17T17:02:13.708605-04:00
"Ind55SColes_ADairy, Eggs & Fridge_SAMilk_IIce Break Iced Coffee Strong Espresso + Protein | 500mL",Ice Break Iced Coffee Strong Espresso + Protein | 500mL,Ice Break,"Dairy, Eggs & Fridge",Milk,Milk flavoured,,$3.95,,,$7.90 per 1L,7839725,"Stronger for longer. Ice Break Strong Espresso combines 3 shots of roasted robusta coffee with Aussie milk, and contains 25 g protein per serve.
Iced Coffee

High protein

3 shots

Real coffee

Made from Aussie milk",,,"Per 100g/ml
Per Serving
%DI
Energy
317 kJ
1680 kJ
Protein
5.0 g
25.0 g
Total Fat
1.7 g
8.5 g
Saturated Fat
1.1 g
5.5 g
Carbohydrate
9.9 g
49.5 g
Sugars
9.2 g
46.0 g
Calcium
171 mg
855 mg
107%
Sodium
53 mg
265 mg
Caffeine
42 mg
210 mg
* Percentage Daily Intakes are based on an average adult diet of 8700 kJ. Your daily intakes may be higher or lower depending on your energy needs.",,https://www.coles.com.au/product/ice-break-iced-coffee-strong-espresso-+-protein-500ml-7839725,,,2024-06-17T17:02:26.125857-04:00
"Ind55SColes_ADairy, Eggs & Fridge_SAMilk_IVitasoy Calci-Plus Soymilk Chilled | 1L",Vitasoy Calci-Plus Soymilk Chilled | 1L,Vitasoy,"Dairy, Eggs & Fridge",Milk,Soy & almond milk,,$3.35,,,$3.35 per 1L,9067496,"Made with 100% Australian Grown soy beans and with 50% of your daily calcium needs in every serving, Vitasoy Calci-Plus is a natural source of protein. With no artificial colours, flavours or preservatives, it is suitable for vegans and vegetarians.

Enjoy with your bowl of cereal, in a smoothie or simply on its own!
50% of your daily calcium",,,"Per 100g/ml
Per Serving
%DI
Energy
269
673
Protein
3.2
8
Total Fat
3g
7.5g
11
Saturated Fat
0.4g
1g
4
Carbohydrate
5.8g
14.5g
5
Sugars
3.2g
8g
9
Vitamin B2
0.3mg
0.75mg
44
Calcium
160mg
400mg
50
Vitamin B12
0.4ug
1.0ug
50
Vitamin A
54ug
135ug
18
Vitamin D
2.0ug
5.0ug
50
Sodium
60mg
150mg
7
Monounsaturated
1.2g
3g
Energy (Cal)
160
Dietary Fibre (total)
0.6g
1.5g
5
Magnesium
20mg
50mg
16
Polyunsaturated
1.2g
3g
Trans
0
0
* Percentage Daily Intakes are based on an average adult diet of 8700 kJ. Your daily intakes may be higher or lower depending on your energy needs.",,https://www.coles.com.au/product/vitasoy-calci-plus-soymilk-chilled-1l-9067496,,,2024-06-17T17:02:38.275637-04:00
"Ind55SColes_ADairy, Eggs & Fridge_SAMilk_IColes Unsweetened Coconut Milk | 1L",Coles Unsweetened Coconut Milk | 1L,Coles,"Dairy, Eggs & Fridge",Milk,Specialty milk,,$2.00,,,$2.00 per 1L,6338826,A delicious vegan alternative to dairy milk Lactose Free.Made in Australia Low sodium No Added Sugar,,,"Per 100g/ml
Per Serving
%DI
Energy
79.93
199.83
Protein
0.19
0.48
Total Fat
1.8
4.5
6
Saturated Fat
1.6
4.0
17
Carbohydrate
0.50
1.25
Sugars
0.20
0.50
Saturated
1.60
4.00
lactose
NOT DETECTED
NOT DETECTED
Cholesterol
1.00
2.50
Lactose
0.00
0.00
Sodium
44.00
110.00
Monounsaturated
0.09
0.23
Energy (Cal)
19.12
47.81
Fat
1.80
4.50
Dietary Fibre (total)
0.20
0.50
Polyunsaturated
0.01
0.03
Galactose
0.00
0.00
Gluten
0.00
0.00
Potassium
31.00
77.50
Trans
0.09
0.23
* Percentage Daily Intakes are based on an average adult diet of 8700 kJ. Your daily intakes may be higher or lower depending on your energy needs.",,https://www.coles.com.au/product/coles-unsweetened-coconut-milk-1l-6338826,,,2024-06-17T17:02:50.998417-04:00
"Ind55SColes_ADairy, Eggs & Fridge_SAMilk_IVitasoy Almond Iced Coffee Double Espresso | 330mL",Vitasoy Almond Iced Coffee Double Espresso | 330mL,Vitasoy,"Dairy, Eggs & Fridge",Milk,Milk flavoured,,$3.50,,,$10.61 per 1L,3624705,"Made with premium, whole Australian almonds, then blended with robusta and arabica powder to create a smooth and irresistible drink to go. Vitasoy Whole Almond Double Espresso is a natural source of vitamin E and provides the added benefit and goodness of calcium. It's naturally free from dairy, lactose, gluten and cholesterol. Plus you won't find any artificial colours or preservatives added in here. Put simply, it's like music to your mouth!
Made with Australian grown whole almonds

Naturally free from dairy, lactose, cholesterol and soy

Natural source of vitamin E

Benefit of 49% of your daily calcium needs

Suitable for vegans and vegetarians

No artificial colours or preservatives.",,,"Per 100g/ml
Per Serving
%DI
Energy
173
571
7
Protein
1.0
3.3
7
Total Fat
1.8
5.9
8
Saturated Fat
0.2
0.7
3
Carbohydrate
5.0
16.5
5
Sugars
4.2
13.9
15
Calcium
120
396
49
Sodium
45
149
6
Vitamin E
0.94
3.1
31
Monounsaturated
1.1
3.6
0
Energy (Cal)
41
135
7
Dietary Fibre (total)
0.5
1.7
6
Polyunsaturated
0.5
1.7
0
Trans
0
0
0
Caffeine
57
188
* Percentage Daily Intakes are based on an average adult diet of 8700 kJ. Your daily intakes may be higher or lower depending on your energy needs.",,https://www.coles.com.au/product/vitasoy-almond-iced-coffee-double-espresso-330ml-3624705,,,2024-06-17T17:03:02.111844-04:00
"Ind55SColes_ADairy, Eggs & Fridge_SAMilk_IYakult Gluten Free Fermented Milk Drink 10 pack | 65mL",Yakult Gluten Free Fermented Milk Drink 10 pack | 65mL,Yakult,"Dairy, Eggs & Fridge",Milk,Probiotic milk,,$7.70,,,$11.85 per 1L,8133824,"Yakult is a refreshing fermented milk drink containing 6.5 billion of its unique probiotic, the Lactobacillus casei Shirota strain, proven to survive strong stomach acids to reach your intestines alive.
- no artificial colours
- low fat
- no preservatives
- gluten free
- Made fresh in Australia daily
- low lactose
For everybody, every day.",,,"Per 100g/ml
Per Serving
%DI
Energy
323kJ
210kJ
Protein
1.3g
0.8g
Total Fat
<0.1g
<0.1g
Saturated Fat
<0.1g
<0.1g
Carbohydrate
17.7g
11.5g
Sugars
17.2g
11.2g
Sodium
15.5mg
10.1mg
* Percentage Daily Intakes are based on an average adult diet of 8700 kJ. Your daily intakes may be higher or lower depending on your energy needs.",,https://www.coles.com.au/product/yakult-gluten-free-fermented-milk-drink-10-pack-65ml-8133824,,,2024-06-17T17:03:13.999607-04:00
"Ind55SColes_ADairy, Eggs & Fridge_SAMilk_IBoss Caramel Coffee | 237mL",Boss Caramel Coffee | 237mL,Boss,"Dairy, Eggs & Fridge",Milk,Milk flavoured,,$3.50,,$4.00,$14.77 per 1L,5648045,"Suntory Boss Coffee Iced Caramel Latte is a flash brew that can be brewed hot and chilled fast. No. 1 canned coffee in Japan (No. 1 canned coffee brand in Japan 2020, intage).",,,"Per 100g/ml
Per Serving
%DI
Energy
163kJ
387kJ
4%
Protein
1.2g
2.8g
6%
Total Fat
1.1g
2.6g
4%
Saturated Fat
Less than 1g
1.4g
6%
Carbohydrate
6.0g
14.2g
5%
Sugars
5.0g
11.8g
13%
Sodium
54mg
130mg
6%
Energy (Cal)
39.0Cal
92.4Cal
* Percentage Daily Intakes are based on an average adult diet of 8700 kJ. Your daily intakes may be higher or lower depending on your energy needs.",,https://www.coles.com.au/product/boss-caramel-coffee-237ml-5648045,,,2024-06-17T17:03:26.249519-04:00
"Ind55SColes_ADairy, Eggs & Fridge_SAMilk_INorco Perfect Organic Milk | 2L",Norco Perfect Organic Milk | 2L,Norco,"Dairy, Eggs & Fridge",Milk,Specialty milk,,$5.50,,,$2.75 per 1L,1911615,"When it comes to pure, unadulterated, perfect milk, nothing goes past our Organic Full Cream Milk. Family friendly and environmentally friendly too. The lucky cows living on our lush certified organic farms spend their days grazing in rich green pastures, free from synthetic pesticides, fertilizers, and herbicides. Not only is this good news for you and your family, it's also good news for our delicate environment.
100% Australian Farmer Owned

Permeate Free

Australian Certified Organic

38% Daily Calcium",,,"Per 100g/ml
Per Serving
%DI
Energy
261kJ
653kJ
8.0%
Protein
3.6g
9.0g
18.0%
Total Fat
3.3g
8.3g
12.0%
Saturated Fat
2.4g
6.0g
25.0%
Carbohydrate
4.5g
11.3g
13.0%
Sugars
4.5g
11.3g
13.0%
Calcium
123mg
308mg
38.0%
Sodium
43mg
108mg
5.0%
Monounsaturated
0
0
0
Energy (Cal)
63Cal
157Cal
0
Dietary Fibre (total)
0
0
0
Polyunsaturated
0
0
0
Trans
0
0
0
* Percentage Daily Intakes are based on an average adult diet of 8700 kJ. Your daily intakes may be higher or lower depending on your energy needs.",,https://www.coles.com.au/product/norco-perfect-organic-milk-2l-1911615,,,2024-06-17T17:03:37.376409-04:00
"Ind55SColes_ADairy, Eggs & Fridge_SAMilk_IImpressed Oat Shake Chocolate | 500mL",Impressed Oat Shake Chocolate | 500mL,Impressed,"Dairy, Eggs & Fridge",Milk,Milk flavoured,,$3.00,,$4.15,,6433248,"These deliciously dairy-free oat shakes are made with 100% Aussie oats, are rich and creamy, minimally processed, and high in calcium. Making them the perfect plant-powered pick-me-up.",,,"Per 100g/ml
Per Serving
%DI
Energy
240kJ
1200kJ
14%
Protein
0.8g
4g
8%
Total Fat
3g
15g
21%
Saturated Fat
0.4g
2g
8%
Carbohydrate
8.4g
42g
14%
Sugars
5.7g
28.5g
32%
Calcium
120mg
600mg
75%
Sodium
58mg
290mg
13%
Dietary Fibre (total)
1g
5g
24%
* Percentage Daily Intakes are based on an average adult diet of 8700 kJ. Your daily intakes may be higher or lower depending on your energy needs.",,https://www.coles.com.au/product/impressed-oat-shake-chocolate-500ml-6433248,,,2024-06-17T17:03:48.949642-04:00
"Ind55SColes_ADairy, Eggs & Fridge_SAMilk_INorco Australian Farmers Portuguese Tart Milk | 440mL",Norco Australian Farmers Portuguese Tart Milk | 440mL,Norco,"Dairy, Eggs & Fridge",Milk,Milk flavoured,,$2.90,,$3.60,$6.59 per 1L,5605406,"At Norco, some of our best memories are of classic Aussie road trips up and down the coast.

Early morning starts to hit the road before traffic builds, playing luggage Tetris to load up the car and of course hitting up the local bakery for delicious treats. With these memories in mind, we have created this delicious limited edition flavour inspired by small bakehouses up and down the Australian coast. Enjoy!
100% Australian Farmer Owned

Available for a limited time only

64% Daily Calcium Intake

29% Daily Protein Intake",,,"Per 100g/ml
Per Serving
%DI
Energy
349kJ
1536kJ
18
Protein
3.3g
14.5g
29%
Total Fat
3.4g
15.0g
21%
Saturated Fat
2.3g
10.1g
42%
Carbohydrate
9.8g
43.1g
14%
Sugars
9.6g
42.2g
47%
Calcium
117mg
515mg
64%
Sodium
37mg
163mg
7%
Energy (Cal)
84Cal
369Cal
* Percentage Daily Intakes are based on an average adult diet of 8700 kJ. Your daily intakes may be higher or lower depending on your energy needs.","Milk, Sugar, Natural Flavours, Colours (Caramelised Sugar, Carotene)",https://www.coles.com.au/product/norco-australian-farmers-portuguese-tart-milk-440ml-5605406,,,2024-06-17T17:04:01.202408-04:00
"Ind55SColes_ADairy, Eggs & Fridge_SAMilk_IBreaka Iced Coffee Flavoured Milk | 500mL",Breaka Iced Coffee Flavoured Milk | 500mL,Breaka,"Dairy, Eggs & Fridge",Milk,Milk flavoured,,$2.95,,$3.80,$5.90 per 1L,7889439,"Breaka Iced Coffee Flavoured Milk is a iced coffee flavoured milk, which is made in QLD. It contains at least 40% less fat than full cream milk. Breaka Flavoured Milk - The Flavour of Fun!
Contains at least 40% less fat than full cream milk.

Breaka Flavoured Milk - The Flavour of Fun!

Made in QLD

Iced Coffee Flavoured Milk

Flavoured milk",,,"Per 100g/ml
Per Serving
%DI
Energy
287 kJ
718 kJ
Protein
3.2 g
8.0 g
Total Fat
1.8 g
4.5 g
Saturated Fat
1.2 g
3.0 g
Carbohydrate
9.8 g
24.5 g
Sugars
9.5 g
23.8 g
Calcium
108 mg
270 mg
34 % RDI *
Sodium
37 mg
93 mg
Energy (Cal)
69 Cal
172 Cal
* Percentage Daily Intakes are based on an average adult diet of 8700 kJ. Your daily intakes may be higher or lower depending on your energy needs.","Reduced fat milk, sugar, milk solids, coffee (0.5%).",https://www.coles.com.au/product/breaka-iced-coffee-flavoured-milk-500ml-7889439,,,2024-06-17T17:04:13.332627-04:00
"Ind55SColes_ADairy, Eggs & Fridge_SAMilk_IColes Lactose Free Full Cream Milk | 1L",Coles Lactose Free Full Cream Milk | 1L,Coles,"Dairy, Eggs & Fridge",Milk,Specialty milk,,$3.10,,,$3.10 per 1L,2635444,This Lactose Free Full Cream Milk has all the goodness of fresh cow's milk but without the Lactose,,,"Per 100g/ml
Per Serving
%DI
Energy
260
650
7
Protein
3.3
8.3
17
Total Fat
3.3
8.3
12
Saturated Fat
2.20
5.50
Carbohydrate
4.8
12.0
4
Sugars
4.80
12.00
Calcium
106
265
lactose
NOT DETECTED
NOT DETECTED
Lactose
NOT DETECTED
NOT DETECTED
Sodium
33
83
4
Energy (Cal)
62
155
Dietary Fibre (total)
0.00
0.00
Galactose
2.3
5.8
* Percentage Daily Intakes are based on an average adult diet of 8700 kJ. Your daily intakes may be higher or lower depending on your energy needs.",,https://www.coles.com.au/product/coles-lactose-free-full-cream-milk-1l-2635444,,,2024-06-17T17:04:25.453826-04:00
"Ind55SColes_ADairy, Eggs & Fridge_SAMilk_IBreaka Strawberry Flavoured Milk | 500mL",Breaka Strawberry Flavoured Milk | 500mL,Breaka,"Dairy, Eggs & Fridge",Milk,Milk flavoured,,$2.95,,$3.80,$5.90 per 1L,7889417,"Breaka Strawberry Flavoured Milk is a Strawberry flavoured milk, which is made in QLD. It contains at least 40% less fat than full cream milk. Breaka Flavoured Milk - The Flavour of Fun!
Strawberry Flavoured milk

Contains at least 40% less fat than full cream milk

Made in QLD

Flavour of Fun!

Flavoured Milk",,,"Per 100g/ml
Per Serving
%DI
Energy
274 kJ
682 kJ
Protein
3.2 g
8.0 g
Total Fat
1.8 g
4.5 g
Saturated Fat
1.2 g
3.0 g
Carbohydrate
9.0 g
22.5 g
Sugars
9.0 g
22.5 g
Calcium
112 mg
280 mg
35 % RDI *
Sodium
37 mg
93 mg
Energy (Cal)
66 Cal
164 Cal
* Percentage Daily Intakes are based on an average adult diet of 8700 kJ. Your daily intakes may be higher or lower depending on your energy needs.",,https://www.coles.com.au/product/breaka-strawberry-flavoured-milk-500ml-7889417,,,2024-06-17T17:04:36.512829-04:00
"Ind55SColes_ADairy, Eggs & Fridge_SA_INorco Low Fat Milk | 2L",Norco Low Fat Milk | 2L,Norco,"Dairy, Eggs & Fridge",,,,$4.50,,,$2.25 per 1L,5979268,"We are passionate about making the best tasting milk possible. That means that our Norco Low Fat milk with 60% less fat is no exception. Our Norco Low Fat milk takes the very best that our milk has to offer with 60% less fat. With a smooth, rich, creamy taste, Norco Low Fat milk is the healthier alternative to full cream milk without compromising on taste!",,,"Per 100g/ml
Per Serving
%DI
Energy
191kJ
478kJ
5%
Protein
3.4g
8.5g
17%
Total Fat
1.3g
3.3g
5%
Saturated Fat
0.9g
2.3g
9%
Carbohydrate
4.9g
12.3g
4%
Sugars
4.9g
12.3g
14%
Calcium
126mg
315mg
39%
Sodium
43mg
108mg
5%
* Percentage Daily Intakes are based on an average adult diet of 8700 kJ. Your daily intakes may be higher or lower depending on your energy needs.",,https://www.coles.com.au/product/norco-low-fat-milk-2l-5979268,,,2024-06-17T17:04:48.106610-04:00
"Ind55SColes_ADairy, Eggs & Fridge_SA_IIce Break Iced Coffee Regular Strength | 750mL",Ice Break Iced Coffee Regular Strength | 750mL,Ice Break,"Dairy, Eggs & Fridge",,,,$3.90,,$4.95,$5.20 per 1L,9695364,"Nothing quite satisfies like an ice cold Ice Break Regular Strength.
Made with real coffee, real milk and no added flavours to deliver a real caffeine kick.",,,"Per 100g/ml
Per Serving
%DI
Energy
289kJ
1445kJ
Protein
3.3g
16.5g
Total Fat
1.6g
5.0g
Saturated Fat
1.0g
5.0g
Carbohydrate
10.3g
51.5g
Sugars
9.8g
49.0g
Calcium
109mg
545mg
68% RDI*
Sodium
37mg
185mg
Energy (Cal)
69
345
Caffeine
29mg
145mg
* Percentage Daily Intakes are based on an average adult diet of 8700 kJ. Your daily intakes may be higher or lower depending on your energy needs.",,https://www.coles.com.au/product/ice-break-iced-coffee-regular-strength-750ml-9695364,,,2024-06-17T17:05:00.038902-04:00
"Ind55SColes_ADairy, Eggs & Fridge_SAMilk_IDairy Farmers Classic Chocolate Flavoured Milk | 300mL",Dairy Farmers Classic Chocolate Flavoured Milk | 300mL,Dairy Farmers,"Dairy, Eggs & Fridge",Milk,Milk flavoured,,$1.90,,$2.50,$6.33 per 1L,3034155,,,,,,https://www.coles.com.au/product/dairy-farmers-classic-chocolate-flavoured-milk-300ml-3034155,,,2024-06-17T17:05:10.654660-04:00
"Ind55SColes_ADairy, Eggs & Fridge_SAMilk_INorco Full Cream Milk | 500mL",Norco Full Cream Milk | 500mL,Norco,"Dairy, Eggs & Fridge",Milk,Full cream milk,,$1.70,,,$3.40 per 1L,5525420,"We started making our rich, delicious full cream milk over 100 years ago. Since then, not much has changed. It's just as delicious and wholesome as ever! Our full cream milk is still brought to you by a co-operative of passionate Norco dairy farmers in Northern New South Wales and South East Queensland and always will be. It's permeate free, and chock-full of protein, calcium, and other goodness.",,,"Per 100g/ml
Per Serving
%DI
Energy
271kJ
1355kJ
16%
Protein
3.3g
16.5g
33%
Total Fat
3.6g
18g
26%
Saturated Fat
2.4g
12g
5%
Carbohydrate
4.8g
24g
8%
Sugars
4.8g
24g
27%
Calcium
123mg
615mg
77%
Sodium
43mg
215mg
9%
* Percentage Daily Intakes are based on an average adult diet of 8700 kJ. Your daily intakes may be higher or lower depending on your energy needs.",,https://www.coles.com.au/product/norco-full-cream-milk-500ml-5525420,,,2024-06-17T17:05:23.621894-04:00
"Ind55SColes_ADairy, Eggs & Fridge_SA_IColes Lite Reduced Fat Milk | 3L",Coles Lite Reduced Fat Milk | 3L,Coles,"Dairy, Eggs & Fridge",,,,$4.50,,,$1.50 per 1L,9107728,COLES IS COMMITTED TO BRINGING YOU HIGH QUALITY FRESH MILK FROM DAIRY FARMS ACROSS AUSTRALIA,,,"Per 100g/ml
Per Serving
%DI
Energy
185.80
464.50
Protein
3.40
8.50
Total Fat
1.3
3.3
5
Saturated Fat
0.90
2.25
Carbohydrate
4.60
11.50
Sugars
4.50
11.25
Sodium
37.00
92.50
Energy (Cal)
44.45
111.12
Dietary Fibre (total)
0.00
0.00
* Percentage Daily Intakes are based on an average adult diet of 8700 kJ. Your daily intakes may be higher or lower depending on your energy needs.",,https://www.coles.com.au/product/coles-lite-reduced-fat-milk-3l-9107728,,,2024-06-17T17:05:35.268279-04:00
"Ind55SColes_ADairy, Eggs & Fridge_SAMilk_IVitasoy Soy Milky Lite Chilled | 1L",Vitasoy Soy Milky Lite Chilled | 1L,Vitasoy,"Dairy, Eggs & Fridge",Milk,Soy & almond milk,,$2.85,,,$2.85 per 1L,4514510,"Every whole soybean that makes this milk great is grown in Australia
Beneath the watchful eyes of Aussie farmers, every whole soybean squeezed into our Soy Milky was planted and picked at just the right moment. It's why our great milky taste is hard to beat.

For us, it's a daily obsession that's been growing across the globe since the Vitasoy brand first started in 1940. Bringing you a simple yet delicious soy milk, brimming with the good stuff-and less than 2% Fat.

This is why our glass is always full.

Grown by Aussie Farmers
Our whole soybeans are harvested from February to April and delivered to our Wodonga factory.
Only the best beans make it...

Blended by us
We dehull and grind our beans, then blend the good bits with filtered water and other ingredients including calcium.
Perfected and packed for your fridge...

Enjoyed by you
Your Vitasoy is ready to be soaked up and savoured with all your favourites.

- Australian grown whole soybeans.
- 1/3 of your daily calcium needs in every serving.
- Naturally free from gluten, dairy, lactose and cholesterol.
- Natural source of protein.
- No artificial colours, flavours or preservatives.
- Non-genetically modified.
- Suitable For vegans and vegetarians.

The protein in this product is derived from Australian grown whole soybeans. It may appear as white sediment so make sure you shake the product well before consuming it.",,,"Per 100g/ml
Per Serving
%DI
Energy
162kJ
405kJ
5.00%
Protein
3.0g
7.5g
15.00%
Total Fat
1.8g
4.5g
6.00%
Saturated Fat
0.3g
0.8g
3.00%
Carbohydrate
2.5g
6.2g
2.00%
Sugars
1.6g
4.0g
4.00%
Calcium
120mg
300mg
38% RDI#
Cholesterol
0mg
0mg
Lactose
0g
0g
Sodium
80mg
200mg
9.00%
Monounsaturated
0.4g
1.0g
Energy (Cal)
39Cal
98Cal
Dietary Fibre (total)
0.2g
0.5g
2.00%
Polyunsaturated
1.1g
2.8g
Galactose
0g
0g
Gluten
0mg
0mg
Trans
0g
0g
* Percentage Daily Intakes are based on an average adult diet of 8700 kJ. Your daily intakes may be higher or lower depending on your energy needs.",,https://www.coles.com.au/product/vitasoy-soy-milky-lite-chilled-1l-4514510,,,2024-06-17T17:05:47.888330-04:00
"Ind55SColes_ADairy, Eggs & Fridge_SA_IHunt And Brew Ethiopia Black Coffee | 400mL",Hunt And Brew Ethiopia Black Coffee | 400mL,Hunt And Brew,"Dairy, Eggs & Fridge",,,,$3.95,,$4.95,$9.88 per 1L,7085431,,,,,,https://www.coles.com.au/product/hunt-and-brew-ethiopia-black-coffee-400ml-7085431,,,2024-06-17T17:05:59.126705-04:00
"Ind55SColes_ADairy, Eggs & Fridge_SAMilk_IColes Full Cream Milk | 2L",Coles Full Cream Milk | 2L,Coles,"Dairy, Eggs & Fridge",Milk,Full cream milk,,$3.10,,,$1.55 per 1L,8203067,COLES IS COMMITTED TO BRINGING YOU HIGH QUALITY FRESH MILK FROM DAIRY FARMS ACROSS AUSTRALIA,,,"Per 100g/ml
Per Serving
%DI
Energy
274.30
685.75
Protein
3.5
8.8
18
Total Fat
3.6
9.0
13
Saturated Fat
2.4
6.0
25
Carbohydrate
4.8
12.0
4
Sugars
4.30
10.75
Calcium
126.00
315.00
Sodium
40
100
4
Energy (Cal)
66
164
Dietary Fibre (total)
0.00
0.00
* Percentage Daily Intakes are based on an average adult diet of 8700 kJ. Your daily intakes may be higher or lower depending on your energy needs.",,https://www.coles.com.au/product/coles-full-cream-milk-2l-8203067,,,2024-06-17T17:06:10.470232-04:00
"Ind55SColes_ADairy, Eggs & Fridge_SA_IColes Milk Full Cream | 500mL",Coles Milk Full Cream | 500mL,Coles,"Dairy, Eggs & Fridge",,,,$1.15,,,$2.30 per 1L,1993245,"The hard work and dedicated spirit of dairy farmers is embedded in the fabric of our country. Coles is committed to bringing you nutritious and high quality fresh milk from dairy farms across Australia. The fresh, creamy goodness of milk is a source of protein and is rich in calcium for healthy teeth and bones. Enjoy the nourishment of Coles milk every day.",,,"Per 100g/ml
Per Serving
%DI
Energy
274.30
685.75
Protein
3.5
8.8
18
Total Fat
3.60
9.00
Saturated Fat
2.4
6.0
25
Carbohydrate
4.80
12.00
Sugars
4.30
10.75
Calcium
126
315
Sodium
40.00
100.00
Energy (Cal)
66
164
Dietary Fibre (total)
0.00
0.00
* Percentage Daily Intakes are based on an average adult diet of 8700 kJ. Your daily intakes may be higher or lower depending on your energy needs.",,https://www.coles.com.au/product/coles-milk-full-cream-500ml-1993245,,,2024-06-17T17:06:22.201894-04:00
"Ind55SColes_ADairy, Eggs & Fridge_SAMilk_ICafe Peak Mega Hit Iced Coffee Latte | 240mL",Cafe Peak Mega Hit Iced Coffee Latte | 240mL,Cafe Peak,"Dairy, Eggs & Fridge",Milk,Milk flavoured,,$3.50,,,$14.58 per 1L,5443520,,,,,,https://www.coles.com.au/product/cafe-peak-mega-hit-iced-coffee-latte-240ml-5443520,,,2024-06-17T17:06:32.538635-04:00
"Ind55SColes_ADairy, Eggs & Fridge_SA_IDairy Farmers Classic Chocolate Flavoured Milk | 500mL",Dairy Farmers Classic Chocolate Flavoured Milk | 500mL,Dairy Farmers,"Dairy, Eggs & Fridge",,,,$3.20,,$3.60,$6.40 per 1L,3034188,"From Aussie farms for your family to enjoy - the Dairy Farmers brand has a rich heritage dating back to 1900. We're proud to honour the generous spirit of our farming communities by continuing to bring high quality and nutritious dairy products across milk, flavoured yoghurt, flavoured milk and culinary products .
Proudly Aussie made and owned
Made with fresh Australian milk
Milk is a natural source of protein
No artificial additives or preservatives
Enjoy as part of a healthy and balanced diet
Made in Australia from at least 98% Australian ingredients.
Rich in calcium.",,,"Per 100g/ml
Per Serving
%DI
Energy
302kJ
1510kJ
17.00%
Protein
3.2g
16.0g
32.00%
Total Fat
2.5g
12.5g
18.00%
Saturated Fat
1.6g
8.0g
33.00%
Carbohydrate
9.1g
45.5g
15.00%
Sugars
8.9g
44.5g
49.00%
Calcium
115mg
575mg
72% RDI*
Sodium
42mg
210mg
9.00%
Energy (Cal)
72Cal
360Cal
* Percentage Daily Intakes are based on an average adult diet of 8700 kJ. Your daily intakes may be higher or lower depending on your energy needs.","Fresh Reduced Fat Milk, Sugar, Cocoa Powder (1%), Natural Flavours, Vegetable Gum (Carrageenan).",https://www.coles.com.au/product/dairy-farmers-classic-chocolate-flavoured-milk-500ml-3034188,,,2024-06-17T17:06:43.937267-04:00
"Ind55SColes_ADairy, Eggs & Fridge_SAMilk_IDare Espresso Flavoured Milk | 2L",Dare Espresso Flavoured Milk | 2L,Dare,"Dairy, Eggs & Fridge",Milk,Milk flavoured,,$7.00,,,$3.50 per 1L,5206830,"Walked into a stationary object and said 'sorry'?

A Dare Fix'll Fix It!

Dare Iced Coffee Espresso is a unique blend of Arabica and Robusta coffee and fresh milk that delivers a smooth coffee flavour with a real coffee kick. Dare Iced Coffee is Australian made and is made with fresh milk.
Robusta & Arabica Coffee
Made with Fresh Milk
Australian Made
A Dare Fix'll fix it
A Dare Iced Coffee kick
Dare Espresso.
Made with 100% Rain Forest Alliance Certified Coffee Beans.
Working with the Rainforest Alliance to support coffee farmers and their communities.",,,"Per 100g/ml
Per Serving
%DI
Energy
341kJ
853kJ
10.00%
Protein
3.4g
8.5g
17.00%
Total Fat
3.5g
8.8g
13.00%
Saturated Fat
2.2g
5.5g
23.00%
Carbohydrate
9.0g
22.5g
7.00%
Sugars
8.7g
21.8g
24.00%
Vitamin B2
0.24mg
0.60mg
35% RDI*
Calcium
123mg
308mg
39% RDI*
Vitamin B12
0.42ug
1.05ug
53% RDI*
Sodium
43mg
108mg
5.00%
Energy (Cal)
81Cal
203Cal
Potassium
158mg
365mg
Vitamin B5
0.24mg
0.60mg
12% RDI*
Caffeine
16mg
40mg
Iodine
27ug
68ug
45% RDI*
* Percentage Daily Intakes are based on an average adult diet of 8700 kJ. Your daily intakes may be higher or lower depending on your energy needs.",,https://www.coles.com.au/product/dare-espresso-flavoured-milk-2l-5206830,,,2024-06-17T17:06:56.923969-04:00
"Ind55SColes_ADairy, Eggs & Fridge_SAMilk_IDare Espresso Flavoured Milk | 500mL",Dare Espresso Flavoured Milk | 500mL,Dare,"Dairy, Eggs & Fridge",Milk,Milk flavoured,,$3.30,,$4.15,$6.60 per 1L,3033935,"TOOK YOUR CAT TO THE DOG PARK?
A DARE FIX'LL FIX IT.

Dare Iced Coffee Espresso is made with real Robusta & Arabica coffee and fresh milk. A big coffee kick without the big cafe queue!

Aussie Owned, Made & Loved

Made with Fresh Australian Milk

Real Rainforest Alliance Certified Arabica & Robusta Coffee

Working with the Rainforest Alliance to support coffee farmers and their communities",,,"Per 100g/ml
Per Serving
%DI
Energy
341kJ
1705kJ
20.0%
Protein
3.4g
17.0g
34.0%
Total Fat
3.5g
17.5g
25.0%
Saturated Fat
2.2g
11.0g
46.0%
Carbohydrate
9.0g
45.0g
15.0%
Sugars
8.7g
43.5g
48.0%
Calcium
123mg
615mg
77% RDI*
Sodium
43mg
215mg
9.0%
Caffeine
16mg
80mg
* Percentage Daily Intakes are based on an average adult diet of 8700 kJ. Your daily intakes may be higher or lower depending on your energy needs.",,https://www.coles.com.au/product/dare-espresso-flavoured-milk-500ml-3033935,,,2024-06-17T17:07:08.089231-04:00
"Ind55SColes_ADairy, Eggs & Fridge_SAMilk_IPureharvest Gluten Free Organic Coco Quench Unsweetened Coconut Milk | 1L",Pureharvest Gluten Free Organic Coco Quench Unsweetened Coconut Milk | 1L,Pureharvest,"Dairy, Eggs & Fridge",Milk,Specialty milk,,$2.65,,$3.80,$2.65 per 1L,1262363,"A creamy, well balanced beverage in which the healthy fat and minerals in coconut milk are matched with the sweetness and complex carbohydrates of rice milk to create a delicious, balanced drink. Coconut milk contains many nutrients including lauric acid which is known to have many health benefits. All our products are carrageenan free.
Organic

Gluten Free

Vegan

GMO Free

No Cane Sugar

No Artificial Colours or Flavours.",,,"Per 100g/ml
Per Serving
%DI
Energy
242
605
Protein
0.5g
1.3g
Total Fat
2.7g
6.8g
Saturated Fat
2.4g
6.0g
Carbohydrate
7.8g
19.5g
Sugars
3.8g
9.5g
Sodium
61mg
153mg
* Percentage Daily Intakes are based on an average adult diet of 8700 kJ. Your daily intakes may be higher or lower depending on your energy needs.",,https://www.coles.com.au/product/pureharvest-gluten-free-organic-coco-quench-unsweetened-coconut-milk-1l-1262363,,,2024-06-17T17:07:19.286559-04:00
"Ind55SColes_ADairy, Eggs & Fridge_SA_IBreaka Strawberry Flavoured Milk | 2L",Breaka Strawberry Flavoured Milk | 2L,Breaka,"Dairy, Eggs & Fridge",,,,$6.00,,,$3.00 per 1L,485588,"Breaka Strawberry Flavoured Milk is a Strawberry flavoured milk, which is made in QLD. It contains at least 40% less fat than full cream milk. Breaka Flavoured Milk - The Flavour of Fun!
Strawberry flavoured milk

Breaka Flavoured milk - The Flavour of Fun!

Made in QLD.

Contains at least 40% less fat than full cream milk

Flavoured Milk",,,"Per 100g/ml
Per Serving
%DI
Energy
274 kJ
685 kJ
Protein
3.2 g
8.0 g
Total Fat
1.8 g
4.5 g
Saturated Fat
1.2 g
3.0 g
Carbohydrate
9.0 g
22.5 g
Sugars
9.0 g
22.5 g
Calcium
112 mg
280 mg
35% RDI*
Sodium
37 mg
93 mg
Energy (Cal)
66 Cal
164 Cal
* Percentage Daily Intakes are based on an average adult diet of 8700 kJ. Your daily intakes may be higher or lower depending on your energy needs.","Reduced fat milk, sugar, milk solids, flavour, colour (120), stabiliser (407).",https://www.coles.com.au/product/breaka-strawberry-flavoured-milk-2l-485588,,,2024-06-17T17:07:30.423914-04:00
"Ind55SColes_ADairy, Eggs & Fridge_SA_IDairy Farmers Lactose Free Chocolate Flav Milk | 500mL",Dairy Farmers Lactose Free Chocolate Flav Milk | 500mL,Dairy Farmers,"Dairy, Eggs & Fridge",,,,$3.20,,$3.60,$6.40 per 1L,6268968,"A true classic always delivers, a delicously smooth chocolate flavour, and lactose free. The flavoured milk you know and love, without the lactose.",,,"Per 100g/ml
Per Serving
%DI
Energy
289kJ
1440kJ
17.0%
Protein
3.2g
16.0g
32.0%
Total Fat
2.5g
18.0%
Saturated Fat
1.6g
8.0g
33.0%
Carbohydrate
8.4g
42.0g
14.0%
Sugars
7.9g
39.5g
44.0%
Calcium
114mg
570mg
Lactose
Not Detected
Not Detected
>1
Sodium
42mg
210mg
9.0%
Monounsaturated
>1
>1
>1
Energy (Cal)
69Cal
345Cal
>1
Dietary Fibre (total)
0.0g
0.0g
0.0%
Polyunsaturated
>1
>1
>1
Galactose
2.2g
11.0g
>1
Trans
>1
>1
>1
* Percentage Daily Intakes are based on an average adult diet of 8700 kJ. Your daily intakes may be higher or lower depending on your energy needs.",,https://www.coles.com.au/product/dairy-farmers-lactose-free-chocolate-flav-milk-500ml-6268968,,,2024-06-17T17:07:42.225665-04:00
"Ind55SColes_ADairy, Eggs & Fridge_SA_IDairy Farmers Buttermilk | 600mL",Dairy Farmers Buttermilk | 600mL,Dairy Farmers,"Dairy, Eggs & Fridge",,,,$2.95,,,$4.92 per 1L,252739,"Take your cooking to the next level with Dairy Farmers Buttermilk. When buttermilk is combined with either self-raising flour or baking soda it creates aeration resulting in great tasting, light and fluffy baking!

Proudly Australian owned, made and loved.

Each serve of Dairy Farmers buttermilk is a good source of calcium.

With 4.5 health stars, Dairy Farmers Buttermilk is ideal for cooking. Consume as part of a balanced diet. ",,,"Per 100g/ml
Per Serving
%DI
Energy
215kJ
538kJ
6.0%
Protein
3.6g
9.0g
18.0%
Total Fat
1.8g
4.5g
6.0%
Saturated Fat
1.2g
3.0g
13.0%
Carbohydrate
5.1g
12.8g
4.0%
Sugars
5.1g
12.8g
14.000000000000002%
Calcium
128mg
320mg
Sodium
46mg
115mg
5.0%
Energy (Cal)
96Cal
128Cal
* Percentage Daily Intakes are based on an average adult diet of 8700 kJ. Your daily intakes may be higher or lower depending on your energy needs.",,https://www.coles.com.au/product/dairy-farmers-buttermilk-600ml-252739,,,2024-06-17T17:07:54.371408-04:00
"Ind55SColes_ADairy, Eggs & Fridge_SAMilk_INorco Lactose Free Full Cream Milk | 2L",Norco Lactose Free Full Cream Milk | 2L,Norco,"Dairy, Eggs & Fridge",Milk,Specialty milk,,$6.05,,,$3.03 per 1L,2918347,"If the naturally occurring sugars in dairy can be uncomfortable for you to digest, Norco Lactose Free Full Cream Milk has the delicious creamy taste of milk without the lactose. We have carefully crafted this milk with an enzyme that removes the lactose for a gentle on the stomach, great tasting milk!
100% Australian Farmer Owned

Easy To Digest

Permeate Free

38% Daily Calcium",,,"Per 100g/ml
Per Serving
%DI
Energy
271kJ
678kJ
8.00%
Protein
3.3g
8.3g
17.00%
Total Fat
3.6g
9g
13.00%
Saturated Fat
2.5g
6.3g
26.00%
Carbohydrate
4.8g
12g
4.00%
Sugars
4.8g
12g
13.00%
Calcium
123mg
308mg
38.00%
Lactose
0g
0g
0
Sodium
38mg
95mg
4.00%
Monounsaturated
0
0
0
Energy (Cal)
65Cal
163Cal
0
Dietary Fibre (total)
0
0
0
Polyunsaturated
0
0
0
Galactose
2.3g
5.6g
0
Trans
0
0
0
* Percentage Daily Intakes are based on an average adult diet of 8700 kJ. Your daily intakes may be higher or lower depending on your energy needs.","Full Cream Milk, Enzyme (Lactase)",https://www.coles.com.au/product/norco-lactose-free-full-cream-milk-2l-2918347,,,2024-06-17T17:08:06.429985-04:00
"Ind55SColes_ADairy, Eggs & Fridge_SAMilk_IA2 Light Milk | 2L",A2 Light Milk | 2L,A2,"Dairy, Eggs & Fridge",Milk,Specialty milk,,$6.90,,,$3.45 per 1L,9759944,"a2 Milk is no ordinary milk!

It is real milk that may be easier on digestion for some people*.

As the number 1 producer of A1 protein free milk in Australia, our purpose is to pioneer the future of dairy for good.


For more information on the a2 Milk difference visit www.a2milk.com.au

*a2 Milk comes from cows specially selected to naturally produce milk with only the A2-type beta-casein protein so may be easier on digestion than ordinary milk for some milk intolerant individuals when consumed as part of a healthy, varied diet.
All natural with no additives, this delicious and creamy lite fresh milk contains just 1.3g of fat per 100ml

Easier on digestion for some**a2 Milk comes from cows specially selected to naturally produce milk with only the A2-type beta-casein protein so may be easier on digestion than regular milk for some milk intolerant individuals when consumed as part of a healthy, varied diet.

Naturally all A2-type beta-casein protein type, and no A1Some people may be sensitive to a protein called A1 beta-casein commonly found in milk.

The perfect milk for all occasions! Use a2 Milk in tea and coffee, baking, cooking, with cereal, with cookies, or simply enjoy on its own.

a2 Milk has been proudly partnering with Landcare Australia since 2017 to support our farmers with initiatives to protect, enhance and restore the natural environment

Good source of calcium.

Contains Protein.",,,"Per 100g/ml
Per Serving
%DI
Energy
189kJ
473kJ
0
Protein
3.3g
8.3g
0
Total Fat
1.3g
3.3g
0
Saturated Fat
0.9g
2.3g
0
Carbohydrate
5.2g
13.0g
0
Sugars
5.2g
13.0g
0
Calcium
117mg
293mg
36.0%
Sodium
48mg
120mg
0
Monounsaturated
0
0
0
Energy (Cal)
45 Cal
113 Cal
0
Dietary Fibre (total)
0
0
0
Polyunsaturated
0
0
0
Potassium
150mg
375mg
0
Trans
0
0
0
* Percentage Daily Intakes are based on an average adult diet of 8700 kJ. Your daily intakes may be higher or lower depending on your energy needs.",,https://www.coles.com.au/product/a2-light-milk-2l-9759944,,,2024-06-17T17:08:17.943390-04:00
"Ind55SColes_ADairy, Eggs & Fridge_SA_IColes Organic Lite Milk | 1L",Coles Organic Lite Milk | 1L,Coles,"Dairy, Eggs & Fridge",,,,$2.60,,,$2.60 per 1L,3227160,"Coles certified organic products are grown and pasturised without the use of synthetic chemicals, fertilisers, pesticides, or herbicides. Organic farming uses production practices for a sustainable future",,,"Per 100g/ml
Per Serving
%DI
Energy
186.97
467.43
Protein
3.78
9.45
Carbohydrate
4.65
11.63
Sugars
4.45
11.13
Calcium
128.00
320.00
Sodium
41.00
102.50
Saturated
0.85
2.13
Energy (Cal)
44.73
111.82
Fat
1.18
2.95
Dietary Fibre (total)
0.00
0.00
* Percentage Daily Intakes are based on an average adult diet of 8700 kJ. Your daily intakes may be higher or lower depending on your energy needs.",,https://www.coles.com.au/product/coles-organic-lite-milk-1l-3227160,,,2024-06-17T17:08:29.680249-04:00
"Ind55SColes_ADairy, Eggs & Fridge_SAMilk_IDairy Farmers Heart Active Milk | 1L",Dairy Farmers Heart Active Milk | 1L,Dairy Farmers,"Dairy, Eggs & Fridge",Milk,Specialty milk,,$3.90,,,$3.90 per 1L,7258880,"Proudly Australian owned, made & loved.

HeartActive milk tastes delicious, making it the simple and easy way to help manage your cholesterol. Good news for your body, great news for your tastebuds.

Enjoy HeartActive milk on your cereal, in tea and coffee, in a delicious fruit smoothie or in cooking. 

5 health star rating. 

Proud supporters of our Australian dairy farming communities for over 120 years, choose high quality, nutritious and delicious milk from Dairy Farmers.

Studies show that consuming milk with plant sterols every day, like HeartActive, can reduce LDL cholesterol after a minimum of three weeks. The highest study reported an average reduction of greater than 10%, and the overall reduction across these studies was 8.53%. Results may vary depending on personal circumstances. For best results, enjoy 2g of plant sterols (2-3 serves of HeartActive milk), as part of a healthy diet, low in saturated fat. More than 3 serves a day provides no additional health benefits. For children under the age of five, pregnant or lactating women and people taking cholesterol-lowering medication, doctor's advice should be sought before using HeartActive, due to their special dietary needs.
Australian milk

Fresh milk

From Australian farmers

Healthy Milk, Rich in calcium, Low fat

Natural source of protein

High quality, nutritious and delicious milk.

Plant sterols.

Reduces cholesterol.",,,"Per 100g/ml
Per Serving
%DI
Energy
174kJ
435kJ
5.0%
Protein
3.3g
8.3g
17.0%
Total Fat
1.0g
2.5g
4.0%
Saturated Fat
0.5g
1.2g
5.0%
Carbohydrate
4.8g
12.0g
4.0%
Sugars
4.8g
12.0g
13.0%
Calcium
123mg
308mg
Sodium
45mg
113mg
5.0%
Monounsaturated
0.2g
0.5g
Energy (Cal)
42Cal
104Cal
Polyunsaturated
0.2g
0.5g
Trans
<0.1g
<0.1g
* Percentage Daily Intakes are based on an average adult diet of 8700 kJ. Your daily intakes may be higher or lower depending on your energy needs.",,https://www.coles.com.au/product/dairy-farmers-heart-active-milk-1l-7258880,,,2024-06-17T17:08:41.050478-04:00
"Ind55SColes_ADairy, Eggs & Fridge_SAMilk_IDairy Farmers Classic Strawberry Flavoured Milk | 500mL",Dairy Farmers Classic Strawberry Flavoured Milk | 500mL,Dairy Farmers,"Dairy, Eggs & Fridge",Milk,Milk flavoured,,$3.20,,$3.60,$6.40 per 1L,3034199,"From Aussie farms for your family to enjoy - the Dairy Farmers brand has a rich heritage dating back to 1900. We're proud to honour the generous spirit of our farming communities by continuing to bring high quality and nutritious dairy products across milk, flavoured yoghurt, flavoured milk and culinary products .
Proudly Aussie made and owned

Made with fresh Australian milk

Milk is a natural source of protein

No artificial additives or preservatives

Enjoy as part of a healthy and balanced diet

Made in Australia from at least 98% Australian ingredients.

Rich in calcium.",,,"Per 100g/ml
Per Serving
%DI
Energy
293kJ
1465kJ
17.0%
Protein
3.2g
16.0g
32.0%
Total Fat
2.5g
12.5g
18.0%
Saturated Fat
1.6g
8.0g
33.0%
Carbohydrate
8.6g
43.0g
14.000000000000002%
Sugars
8.6g
43.0g
48.0%
Calcium
117mg
585mg
Sodium
43mg
215mg
9.0%
Energy (Cal)
70Cal
350Cal
* Percentage Daily Intakes are based on an average adult diet of 8700 kJ. Your daily intakes may be higher or lower depending on your energy needs.",,https://www.coles.com.au/product/dairy-farmers-classic-strawberry-flavoured-milk-500ml-3034199,,,2024-06-17T17:08:52.202201-04:00
"Ind55SColes_ADairy, Eggs & Fridge_SAMilk_IColes Dairy Full Cream Milk | 1L",Coles Dairy Full Cream Milk | 1L,Coles,"Dairy, Eggs & Fridge",Milk,Full cream milk,,$1.60,,,$1.60 per 1L,8793980,All our fresh milk is 100% Australian milk. This milk is bottled by an Australian Farming Co-op.,,,"Per 100g/ml
Per Serving
%DI
Energy
258.40
646.00
Protein
3.40
8.50
Total Fat
3.40
8.50
Carbohydrate
4.40
11.00
Sugars
4.40
11.00
Calcium
118.00
295.00
Sodium
44.00
110.00
Saturated
2.30
5.75
Energy (Cal)
61.82
154.55
Dietary Fibre (total)
0.00
0.00
* Percentage Daily Intakes are based on an average adult diet of 8700 kJ. Your daily intakes may be higher or lower depending on your energy needs.",INGREDIENTS Homogenised and Pasteurised Full Cream Milk.,https://www.coles.com.au/product/coles-dairy-full-cream-milk-1l-8793980,,,2024-06-17T17:09:03.513347-04:00
"Ind55SColes_ADairy, Eggs & Fridge_SAMilk_IPauls Full Cream Milk | 1L",Pauls Full Cream Milk | 1L,Pauls,"Dairy, Eggs & Fridge",Milk,Full cream milk,,$2.95,,,$2.95 per 1L,8226812,"At Pauls, we love dairy. We're pretty passionate about making great tasting products packed with real dairy goodness. We put that devotion into every Pauls milk, cream, custard and yoghurt we make. 

Pauls Full Cream Milk delivers on the promise of creaminess and goodness you can really taste. It's the best quality and the creamiest taste for you and your family.",,,"Per 100g/ml
Per Serving
%DI
Energy
270kJ
675kJ
0
Protein
3.4g
8.5g
0
Total Fat
3.4g
8.5g
0
Saturated Fat
2.2g
5.5g
0
Carbohydrate
4.9g
12.3g
0
Sugars
4.9g
12.3g
0
Vitamin B2
0.2mg
0.5mg
28%
Vitamin B3
0
0
0
Calcium
123mg
308mg
38%
Iron
0
0
0
Vitamin A
36ug
90ug
12%
Vitamin B
0
0
0
Vitamin C
0
0
0
Energy (Cal)
65Cal
161Cal
0
Dietary Fibre (total)
0
0
0
Magnesium
0
0
0
Selenium
0
0
0
Copper
0
0
0
Trans
0
0
0
Caffeine
0
0
0
Iodine
0
0
0
Folic Acid
0
0
0
Inositol
0
0
0
Biotin
0
0
0
Molybdenum
0
00
0
Zinc
0
0
0
Sodium
0
0
0
Choline
0
0
0
Chromium
0
0
0
Polyunsaturated
0
0
0
Potassium
0
0
0
Manganese
0
00
0
* Percentage Daily Intakes are based on an average adult diet of 8700 kJ. Your daily intakes may be higher or lower depending on your energy needs.",,https://www.coles.com.au/product/pauls-full-cream-milk-1l-8226812,,,2024-06-17T17:09:14.888262-04:00
"Ind55SColes_ADairy, Eggs & Fridge_SAMilk_IHunt & Brew Extra Creamy Milk | 1L",Hunt & Brew Extra Creamy Milk | 1L,Hunt&Brew,"Dairy, Eggs & Fridge",Milk,Specialty milk,,$3.15,,$3.95,$3.15 per 1L,4163903,"Hunt and Brew is here to do dairy better.
We know that nothing beats the taste of fresh milk.
We have hunted the globe and found premium quality, fresh milk from Margaret River and the surrounding South West region of Western Australia.
Enjoy our Extra Creamy milk with 4.2% fat! Richer, creamier and fuller-tasting milk that's perfect for your at-home coffee or dairy occasion.
Our bottles are made from 100% recycled Australian plastic. Close the loop & Recycle me again.",,,"Per 100g/ml
Per Serving
%DI
Energy
301kJ
753kJ
9%
Protein
3.6g
9g
18%
Total Fat
4.2g
10.5g
15%
Saturated Fat
2.6g
6.5g
27%
Carbohydrate
4.9g
12.3g
4%
Sugars
4.4g
11g
12%
Calcium
130mg
325mg
41%
Sodium
39mg
98mg
4%
* Percentage Daily Intakes are based on an average adult diet of 8700 kJ. Your daily intakes may be higher or lower depending on your energy needs.",Homogenised and Pasteurised Full Cream Cow's Milk.,https://www.coles.com.au/product/hunt-and-brew-extra-creamy-milk-1l-4163903,,,2024-06-17T17:09:26.245662-04:00
"Ind55SColes_ADairy, Eggs & Fridge_SAMilk_IDare Lactose Free Double Expresso Flav Milk | 500mL",Dare Lactose Free Double Expresso Flav Milk | 500mL,Dare,"Dairy, Eggs & Fridge",Milk,Milk flavoured,,$3.30,,$4.15,$6.60 per 1L,6264843,"Made with real Arabica & Robusta coffee and fresh lactose free milk, Dare Iced Coffee Double Espresso  offers an easy to digest coffee kick without the cafe queue!
Proudly Australian owned, made and loved, it's Australia's market leading Iced Coffee.

Dare Iced Coffee proudly works with Rainforest Alliance to only use coffee beans that have been grown and harvested in a sustainable way from certified farms and forests.

When you choose dare, you can be confident that you are helping to improve farmers' livelihoods and protect our natural resources.",,,"Per 100g/ml
Per Serving
%DI
Energy
335kJ
1680kJ
19.00%
Protein
3.4g
17.0g
34.00%
Total Fat
3.5g
17.5g
25.00%
Saturated Fat
2.2g
11.0g
46.00%
Carbohydrate
8.7g
43.5g
14.00%
Sugars
7.9g
39.5g
44.00%
Calcium
117mg
585mg
Lactose
Not Detected
Not Detected
>1
Sodium
41mg
205mg
9.00%
Monounsaturated
>1
>1
>1
Energy (Cal)
80Cal
400Cal
>1
Dietary Fibre (total)
0.0g
0.0g
0.00%
Polyunsaturated
>1
>1
>1
Galactose
2.3g
11.5g
>1
Trans
>1
>1
>1
Caffeine
32mg
160mg
>1
* Percentage Daily Intakes are based on an average adult diet of 8700 kJ. Your daily intakes may be higher or lower depending on your energy needs.",,https://www.coles.com.au/product/dare-lactose-free-double-expresso-flav-milk-500ml-6264843,,,2024-06-17T17:09:37.378148-04:00
"Ind55SColes_ADairy, Eggs & Fridge_SAMilk_IYakult Fermented Light Probiotic Milk 5 Pack | 65mL",Yakult Fermented Light Probiotic Milk 5 Pack | 65mL,Yakult,"Dairy, Eggs & Fridge",Milk,Probiotic milk,,$4.00,,,$12.31 per 1L,5543105,"Yakult Light- 75% less sugar and 40% less calories* with the same great taste. It is a refreshing fermented milk drink containing 6.5 billion of the unique probiotic, the Lactobacillus casei Shirota strain, proven to survive strong stomach acids to reach your intestines alive.
- no artificial colours
- low fat
- no preservatives
- gluten free
- Made fresh in Australia daily
- low lactose
For everybody, every day.
*compared to Yakult Original",,,"Per 100g/ml
Per Serving
%DI
Energy
192kJ
125kJ
Protein
1.3g
0.8g
Total Fat
<0.1g
<0.1g
Saturated Fat
<0.1g
<0.1g
Carbohydrate
4.9g
3.2g
Sugars
4.3g
2.8g
Sodium
16mg
10.4mg
Dietary Fibre (total)
<3.6g
2.3g
* Percentage Daily Intakes are based on an average adult diet of 8700 kJ. Your daily intakes may be higher or lower depending on your energy needs.","Water, Skim Milk Powder (Reconstituted), Maltitol, Polydextrose, Sugar, Dextrose, Flavouring, Sweetener (Steviol Glycoside), Live Shirota Strain.",https://www.coles.com.au/product/yakult-fermented-light-probiotic-milk-5-pack-65ml-5543105,,,2024-06-17T17:09:48.239046-04:00
"Ind55SColes_ADairy, Eggs & Fridge_SAMilk_IPauls Full Cream Milk | 3L",Pauls Full Cream Milk | 3L,Pauls,"Dairy, Eggs & Fridge",Milk,Full cream milk,,$6.50,,,$2.17 per 1L,7916101,"At Pauls, we love dairy. We're pretty passionate about making great tasting products packed with real dairy goodness. We put that devotion into every Pauls milk, cream, custard and yoghurt we make. Pauls Full Cream Milk delivers on the promise of creaminess and goodness you can really taste. It's the best quality and the creamiest taste for you and your family.",,,"Per 100g/ml
Per Serving
%DI
Energy
280kJ
700kJ
Protein
3.4g
8.5g
Total Fat
3.8g
9.5g
Saturated Fat
2.5g
6.3g
Carbohydrate
4.8g
12.0g
Sugars
4.8g
12.0g
Vitamin A
41ug
Vitamin B2
0.2mg
Calcium
115mg
Sodium
40mg
100mg
* Percentage Daily Intakes are based on an average adult diet of 8700 kJ. Your daily intakes may be higher or lower depending on your energy needs.",Full Cream Milk.,https://www.coles.com.au/product/pauls-full-cream-milk-3l-7916101,,,2024-06-17T17:09:59.464203-04:00
"Ind55SColes_ADairy, Eggs & Fridge_SAMilk_IOak Plus No Added Sugar Vanilla Flavoured Milk + Protein | 500mL",Oak Plus No Added Sugar Vanilla Flavoured Milk + Protein | 500mL,Oak,"Dairy, Eggs & Fridge",Milk,Milk flavoured,,$3.90,,,$7.80 per 1L,3900733,"You're sweating hungrythirsty from the eyeballs. Time for an OAK Plus. It's a full strength full on protein punch to the jugular of hungrythirsty that'll wake your spaghetti legs from their siesta. No sugar added? It's proof that even with one fist tied behind its back, OAK still kills hungrythirsty dead.
30g dairy protein

No sugar added

Muscle recovery",,,"Per 100g/ml
Per Serving
%DI
Energy
244kJ
1220kJ
Protein
6.0g
30.0g
Total Fat
1.4g
7.0g
Saturated Fat
0.9g
4.5g
Carbohydrate
5.3g
26.5g
Sugars
5.3g
26.5g
Calcium
194mg
970mg
121% RDI*
Sodium
52mg
260mg
Dietary Fibre (total)
0.2g
1.0g
* Percentage Daily Intakes are based on an average adult diet of 8700 kJ. Your daily intakes may be higher or lower depending on your energy needs.",,https://www.coles.com.au/product/oak-plus-no-added-sugar-vanilla-flavoured-milk-+-protein-500ml-3900733,,,2024-06-17T17:10:10.540515-04:00
"Ind55SColes_ADairy, Eggs & Fridge_SA_IDare Espresso Favoured Milk | 750mL",Dare Espresso Favoured Milk | 750mL,Dare,"Dairy, Eggs & Fridge",,,,$5.25,,,$7.00 per 1L,3034010,"WALKED INTO A STATIONARY OBJECT AND SAID 'SORRY'?
...A DARE FIX'LL FIX IT!

Made with real Robusta & Arabica coffee and fresh milk. A big coffee kick without the big cafe queue!
Made with Fresh Australian Milk

Aussie Owned, Made & Loved

Real Rainforest Alliance Certified Arabica & Robusta Coffee

Working with the Rainforest Alliance to support coffee farmers and their communities",,,"Per 100g/ml
Per Serving
%DI
Energy
341kJ (Ave. Qty. per 100mL)
853kJ
10%
Protein
3.4g (Ave. Qty. per 100mL)
8.5g
17%
Total Fat
3.5g(Ave. Qty. per 100mL)
8.8g
13%
Saturated Fat
2.2g (Ave. Qty. per 100mL)
5.5g
23%
Carbohydrate
9.0g (Ave. Qty. per 100mL)
22.5g
7%
Sugars
8.7g (Ave. Qty. per 100mL)
21.8g
24%
Calcium
123mg (Ave. Qty. per 100mL)
308mg
39% RDI*
Sodium
43mg (Ave. Qty. per 100mL)
108mg
5%
Dietary Fibre (total)
0.0g(Ave. Qty. per 100mL)
0.0g
Caffeine
16mg (Ave. Qty. per 100mL)
40mg
* Percentage Daily Intakes are based on an average adult diet of 8700 kJ. Your daily intakes may be higher or lower depending on your energy needs.",,https://www.coles.com.au/product/dare-espresso-favoured-milk-750ml-3034010,,,2024-06-17T17:10:22.112445-04:00
"Ind55SColes_ADairy, Eggs & Fridge_SAMilk_INorco Lactose Free Lite Milk | 1L",Norco Lactose Free Lite Milk | 1L,Norco,"Dairy, Eggs & Fridge",Milk,Specialty milk,,$3.10,,,$3.10 per 1L,2465151,"Norco Lactose Free Lite Milk has the delicious creamy taste of milk without the lactose and 60% less fat. Meaning its gentle on the stomach as well as the waistline! A natural, healthy choice for the whole family.
100% Australian Farmer Owned

Easy To Digest

Low Fat

41% Daily Calcium",,,"Per 100g/ml
Per Serving
%DI
Energy
184kJ
460kJ
5.00%
Protein
3.6g
9g
18.00%
Total Fat
1.3g
3.3g
5.00%
Saturated Fat
0.9g
2.3g
9.00%
Carbohydrate
4.6g
11.5g
4.00%
Sugars
4.6g
11.5g
13.00%
Calcium
132mg
330mg
41.00%
Lactose
0g
0g
0
Sodium
41mg
103mg
4.00%
Monounsaturated
0
0
0
Energy (Cal)
44Cal
110Cal
0
Dietary Fibre (total)
0
0
0
Polyunsaturated
0
0
0
Galactose
2.3g
5.8g
0
Trans
0
0
0
* Percentage Daily Intakes are based on an average adult diet of 8700 kJ. Your daily intakes may be higher or lower depending on your energy needs.",,https://www.coles.com.au/product/norco-lactose-free-lite-milk-1l-2465151,,,2024-06-17T17:10:35.538686-04:00
"Ind55SColes_ADairy, Eggs & Fridge_SAMilk_IVitasoy Almond Milky Low Sugar | 1L",Vitasoy Almond Milky Low Sugar | 1L,Vitasoy,"Dairy, Eggs & Fridge",Milk,Soy & almond milk,,$3.10,,,$3.10 per 1L,5638700,,,,,,https://www.coles.com.au/product/vitasoy-almond-milky-low-sugar-1l-5638700,,,2024-06-17T17:10:44.426797-04:00
"Ind55SColes_ADairy, Eggs & Fridge_SAMilk_IBoss Double Espresso Coffee | 237mL",Boss Double Espresso Coffee | 237mL,Boss,"Dairy, Eggs & Fridge",Milk,Milk flavoured,,$3.50,,$4.00,$14.77 per 1L,4476727,"Suntory BOSS Coffee Iced Double Espresso with a dash of milk. A Brazilian blend coffee. Brewed hot or chilled fast. No. 1 canned coffee in Japan (intage, 2020).",,,"Per 100g/ml
Per Serving
%DI
Energy
155kJ
367kJ
4%
Protein
<1g
1.9g
4%
Total Fat
<1g
1.4g
2%
Saturated Fat
<1g
<1g
3%
Carbohydrate
7.1g
16.8g
5%
Sugars
6.2g
14.6g
16%
Sodium
50mg
120mg
5%
Energy (Cal)
37.0kcal
87.7kcal
* Percentage Daily Intakes are based on an average adult diet of 8700 kJ. Your daily intakes may be higher or lower depending on your energy needs.",,https://www.coles.com.au/product/boss-double-espresso-coffee-237ml-4476727,,,2024-06-17T17:10:55.514892-04:00
"Ind55SColes_ADairy, Eggs & Fridge_SAMilk_I180 Nutrition Good Sport Chocolate | 350mL",180 Nutrition Good Sport Chocolate | 350mL,180 Nutrition,"Dairy, Eggs & Fridge",Milk,Milk flavoured,,$3.00,,,$8.57 per 1L,5101683,"Good Sport is scientifically backed for exercise recovery ^

Electrolytes to Hydrate ^
Protein to Repair ^
Energy to refuel ^

^Contains potassium and magnesium for water and electrolyte balance, protein for muscle repair, and energy for metabolism, all scientifically backed for exercise recovery. Enjoy as part of a healthy diet and active lifestyle.
Electrolytes to Hydrate

Protein to Repair

Energy to refuel

Enjoy as part of a healthy diet and active lifestyle.",,,"Per 100g/ml
Per Serving
%DI
Energy
284kJ
994kJ
11%
Protein
4.1g
14.4g
29%
Total Fat
1.8g
6.3g
9%
Saturated Fat
1.2g
4.2g
18%
Carbohydrate
8.7g
30.5g
10%
Sugars
8.6g
30.1g
33%
Vitamin B2
0.19mg
0.67mg
39%*
Sucrose
4.5g
15.8g
Calcium
133mg (3.3mmol)
466mg (11.6mmol)
58%*
Vitamin B12
0.12ug
0.42ug
21%*
Lactose
4.1g
14.4g
Sodium
30mg (1.3mmol)
105mg (4.6mmol)
5%
Energy (Cal)
68Cal
238Cal
Dietary Fibre (total)
0g
0g
0%
Magnesium
12mg (0.5mmol)
42mg (1.7mmol)
13%*
Potassium
153mg (3.9mmol)
536mg (13.7mmol)
Vitamin B5
0.40mg
1.40mg
28%*
Iodine
17ug
60ug
40%*
* Percentage Daily Intakes are based on an average adult diet of 8700 kJ. Your daily intakes may be higher or lower depending on your energy needs.",,https://www.coles.com.au/product/180-nutrition-good-sport-chocolate-350ml-5101683,,,2024-06-17T17:11:06.866378-04:00
"Ind55SColes_ADairy, Eggs & Fridge_SAMilk_IOak Vanilla Malt Flavoured Milk | 600ml",Oak Vanilla Malt Flavoured Milk | 600ml,Oak,"Dairy, Eggs & Fridge",Milk,Milk flavoured,,$3.90,Pick any 2 for $5,,$6.50 per 1L,9274050,"What's hungrythirsty? Reading a carton, that's what. It's a state of weak indecision when you're neither hungry nor thirsty but a bit of both. So the only thing you're sure of is being not sure. Kill two birds with one steel meteorite of milk - it's full strength, full flavour, full on - in a range of flavours. OAK deals with hungrythirsty like a combine harvester deals with soft toys. Don't ask how we know this.",,,"Per 100g/ml
Per Serving
%DI
Energy
385 kJ
1155 kJ
Protein
3.6 g
10.8 g
Total Fat
3.6 g
10.8 g
Saturated Fat
2.4 g
7.2 g
Carbohydrate
11.2 g
33.6 g
Sugars
10.5 g
31.5 g
Calcium
117 mg
351 mg
44%
Sodium
40 mg
120 mg
* Percentage Daily Intakes are based on an average adult diet of 8700 kJ. Your daily intakes may be higher or lower depending on your energy needs.",,https://www.coles.com.au/product/oak-vanilla-malt-flavoured-milk-600ml-9274050,,,2024-06-17T17:11:18.736313-04:00
"Ind55SColes_ADairy, Eggs & Fridge_SABaking_IAngas Park Australian Pitted Prunes | 500g",Angas Park Australian Pitted Prunes | 500g,Angas Park,"Dairy, Eggs & Fridge",Baking,Dried fruits & fillings,,$8.50,,,$17.00 per 1kg,7050324,"Angas Park Australian Pitted Prunes, 500g. Deliciously sweet, juicy and make a nutritious snack that is a source of dietary fibre. Proudly 100% Australian grown, they are picked at their peak then meticulously dried-hallmarks of the finest dried fruit. Bite into one and rest assured you've discovered the very best.",,,,,https://www.coles.com.au/product/angas-park-australian-pitted-prunes-500g-7050324,,,2024-06-17T17:11:27.738714-04:00
"Ind55SColes_ADairy, Eggs & Fridge_SAMilk_IAnnie's Orchard Unsweetened Almond Milk | 1L",Annie's Orchard Unsweetened Almond Milk | 1L,Annies Orchard,"Dairy, Eggs & Fridge",Milk,Soy & almond milk,,$3.30,,,$3.30 per 1L,6450203,Annie's Orchard Unsweetened Almond Milk is made from whole almonds sourced from 100% local Aussie farms.,,,"Per 100g/ml
Per Serving
%DI
Energy
128kJ
320kJ
4%
Protein
1g
2.5g
5%
Total Fat
2.6g
6.5g
9%
Saturated Fat
0.2g
0.5g
2%
Carbohydrate
0.9g
2.3g
1%
Sugars
0.4g
1g
1%
Calcium
80mg
200mg
25%
Sodium
34mg
85mg
4%
Dietary Fibre (total)
1.9g
4.8g
16%
* Percentage Daily Intakes are based on an average adult diet of 8700 kJ. Your daily intakes may be higher or lower depending on your energy needs.",,https://www.coles.com.au/product/annie's-orchard-unsweetened-almond-milk-1l-6450203,,,2024-06-17T17:11:39.752290-04:00
"Ind55SColes_ADairy, Eggs & Fridge_SAMilk_IColes Lite Milk Bottle | 1L",Coles Lite Milk Bottle | 1L,Coles,"Dairy, Eggs & Fridge",Milk,Full cream milk,,$1.60,,,$1.60 per 1L,1994634,All our fresh milk is 100% Australian milk. This milk is bottled by an Australian Farming Co-op.,,,"Per 100g/ml
Per Serving
%DI
Energy
189
473
5
Total Fat
1.3
3.3
5
Saturated Fat
0.90
2.25
Sugars
4.90
12.25
Energy (Cal)
45
113
Dietary Fibre (total)
0.00
0.00
* Percentage Daily Intakes are based on an average adult diet of 8700 kJ. Your daily intakes may be higher or lower depending on your energy needs.",,https://www.coles.com.au/product/coles-lite-milk-bottle-1l-1994634,,,2024-06-17T17:11:53.582364-04:00
"Ind55SColes_ADairy, Eggs & Fridge_SAMilk_IFarmers Union Iced Coffee | 2L",Farmers Union Iced Coffee | 2L,Farmers Union,"Dairy, Eggs & Fridge",Milk,Milk flavoured,,$6.50,,,$3.25 per 1L,3223679,"Farmers Union Iced Coffee is made with real coffee. Pasteurised iced coffee flavoured reduced fat (contains 50% less fat vs regular fat flavoured milk with 3.4% fat) milk with 8 nutrients.
Delicious iconic coffee flavour

Provides the wholesome goodness of milk with 8 essential nutrients

Reduced fat milk

Perfect as a morning or afternoon pick me up

Farmers Union Iced Coffee is South Australia's iconic much loved beverage for over 40 years

FUIC is available in 300ml, 500mL, 600ml, 750ml & 2 litre packs.",,,"Per 100g/ml
Per Serving
%DI
Energy
276kJ
690kJ
8%
Protein
3.2g
8.0g
16%
Total Fat
1.7g
4.3g
6%
Saturated Fat
1.1g
2.8g
11%
Carbohydrate
9.3g
23.3g
8%
Sugars
9.1g
22.8g
25%
Vitamin B2
0.2mg
0.50mg
29% RDI*
Calcium
120mg
300mg
38% RDI*
Vitamin B12
0.32ug
0.80ug
40% RDI*
Sodium
45mg
113mg
5%
Energy (Cal)
66Cal
165Cal
Potassium
146mg
365mg
Vitamin B5
0.25mg
0.63mg
13% RDI*
Iodine
25ug
63ug
42% RDI*
* Percentage Daily Intakes are based on an average adult diet of 8700 kJ. Your daily intakes may be higher or lower depending on your energy needs.","Reduced Fat Milk, Sugar, Milk Solids, Coffee Powder (0.4%), Flavours, Vegetable Gum (407).",https://www.coles.com.au/product/farmers-union-iced-coffee-2l-3223679,,,2024-06-17T17:12:06.779153-04:00
"Ind55SColes_ADairy, Eggs & Fridge_SAMilk_IDare No Added Sugar Iced Coffee Flavoured Milk | 2L",Dare No Added Sugar Iced Coffee Flavoured Milk | 2L,Dare,"Dairy, Eggs & Fridge",Milk,Milk flavoured,,$7.00,,,$3.50 per 1L,6266816,"Made with real Arabica & Robusta coffee and fresh milk, Dare Iced Coffee No Added Sugar Double Espresso  offers a big coffee kick without the cafe queue!
Proudly Australian owned, made and loved, it's Australia's market leading Iced Coffee.

4 Health Star Rating across the No Added Sugar range only.

Dare Iced Coffee proudly works with Rainforest Alliance to only use coffee beans that have been grown and harvested in a sustainable way from certified farms and forests.

When you choose dare, you can be confident that you are helping to improve farmers' livelihoods and protect our natural resources.",,,"Per 100g/ml
Per Serving
%DI
Energy
271kJ
678kJ
8
Protein
3.4g
8.5g
17
Total Fat
3.5g
8.8g
13
Saturated Fat
2.4
6.0g
25
Carbohydrate
4.9g
12.3g
4
Sugars
4.9g
12.3g
14
Vitamin B2
0.24mg
0.60mg
35
Calcium
118mg
295mg
37
Iron
27
Vitamin B12
0.42
1.05
53
Sodium
41mg
103mg
4
Potassium
158mg
395mg
Vitamin B5
0.24mg
0.60mg
12
Caffeine
32mg
80mg
Iodine
45
68
68
* Percentage Daily Intakes are based on an average adult diet of 8700 kJ. Your daily intakes may be higher or lower depending on your energy needs.",,https://www.coles.com.au/product/dare-no-added-sugar-iced-coffee-flavoured-milk-2l-6266816,,,2024-06-17T17:12:17.832907-04:00
"Ind55SColes_ADairy, Eggs & Fridge_SAMilk_INorco Lactose Free Lite Milk | 2L",Norco Lactose Free Lite Milk | 2L,Norco,"Dairy, Eggs & Fridge",Milk,Specialty milk,,$6.05,,,$3.03 per 1L,5621640,"Norco Lactose Free Lite Milk has the delicious creamy taste of milk without the lactose and 60% less fat. Meaning its gentle on the stomach as well as the waistline! A natural, healthy choice for the whole family.
100% Australian Farmer Owned

Easy To Digest

Low Fat

41% Daily Calcium",,,"Per 100g/ml
Per Serving
%DI
Energy
184kJ
460kJ
5.00%
Protein
3.6g
9g
18.00%
Total Fat
1.3g
3.3g
5.00%
Saturated Fat
0.9g
2.3g
9.00%
Carbohydrate
4.6g
11.5g
4.00%
Sugars
4.6g
11.5g
13.00%
Calcium
132mg
330mg
41.00%
Lactose
0g
0g
0
Sodium
41mg
103mg
4.00%
Monounsaturated
0
0
0
Energy (Cal)
44Cal
110Cal
0
Dietary Fibre (total)
0
0
0
Polyunsaturated
0
0
0
Galactose
2.3g
5.8g
0
Trans
0
0
0
* Percentage Daily Intakes are based on an average adult diet of 8700 kJ. Your daily intakes may be higher or lower depending on your energy needs.",,https://www.coles.com.au/product/norco-lactose-free-lite-milk-2l-5621640,,,2024-06-17T17:12:28.927957-04:00
"Ind55SColes_ADairy, Eggs & Fridge_SAMilk_IDare Caramel Latte Flavoured Milk | 750mL",Dare Caramel Latte Flavoured Milk | 750mL,Dare,"Dairy, Eggs & Fridge",Milk,Milk flavoured,,$5.25,,,$7.00 per 1L,5601653,"Made with real Arabica & Robusta coffee and fresh milk, Dare Iced Coffee Caramel Latte offers a big coffee kick without the cafe queue!
Proudly Australian owned, made and loved, it's Australia's market leading Iced Coffee.

Dare Iced Coffee proudly works with Rainforest Alliance to only use coffee beans that have been grown and harvested in a sustainable way from certified farms and forests.

When you choose dare, you can be confident that you are helping to improve farmers' livelihoods and protect our natural resources.",,,"Per 100g/ml
Per Serving
%DI
Energy
342kJ (Ave. Qty. per 100mL)
855kJ
10%
Protein
3.4g (Ave. Qty. per 100mL)
8.5g
17%
Total Fat
3.5g (Ave. Qty. per 100mL)
8.8g
13%
Saturated Fat
2.2g (Ave. Qty. per 100mL)
5.5g
23%
Carbohydrate
9.1g (Ave. Qty. per 100mL)
22.8g
7%
Sugars
8.7g (Ave. Qty. per 100mL)
21.8g
24%
Calcium
115mg (Ave. Qty. per 100mL)
288mg
36% RDI*
Sodium
43mg (Ave. Qty. per 100mL)
108mg
5%
Dietary Fibre (total)
0.0g (Ave. Qty. per 100mL)
0.0g
Caffeine
23mg (Ave. Qty. per 100mL)
58mg
* Percentage Daily Intakes are based on an average adult diet of 8700 kJ. Your daily intakes may be higher or lower depending on your energy needs.",,https://www.coles.com.au/product/dare-caramel-latte-flavoured-milk-750ml-5601653,,,2024-06-17T17:12:39.821192-04:00
"Ind55SColes_ADairy, Eggs & Fridge_SAMilk_IPauls Farmhouse Gold Cream On Top Milk | 1.5L",Pauls Farmhouse Gold Cream On Top Milk | 1.5L,Pauls,"Dairy, Eggs & Fridge",Milk,Specialty milk,,$4.40,,,$2.93 per 1L,2917967,"Farmhouse Gold is traditional wholesome milk with a layer of cream on top. It's Perfect for those who love the rich, creamy taste of real milk. Made with fresh, premium milk from Australian farms, Farmhouse Gold has a delicious, velvety taste you will savour. Milk, the way it was meant to be be.
Extra Creamy Milk",,,"Per 100g/ml
Per Serving
%DI
Energy
317 kJ
792 kJ
Protein
3.4g
8.5g
Total Fat
4.7g
11.8g
Saturated Fat
3.1g
7.8g
Carbohydrate
4.8g
12g
Sugars
4.8
12g
Sodium
123 mg
102 mg
Energy (Cal)
76 Cal
189 Cal
* Percentage Daily Intakes are based on an average adult diet of 8700 kJ. Your daily intakes may be higher or lower depending on your energy needs.",,https://www.coles.com.au/product/pauls-farmhouse-gold-cream-on-top-milk-1.5l-2917967,,,2024-06-17T17:12:50.810986-04:00
"Ind55SColes_ADairy, Eggs & Fridge_SAMilk_IOak Violet Crumble Flavoured Milk | 600mL",Oak Violet Crumble Flavoured Milk | 600mL,Oak,"Dairy, Eggs & Fridge",Milk,Milk flavoured,,$3.90,Pick any 2 for $5,,$6.50 per 1L,7840597,"Hungrythirsty thinks it won't crumble under pressure. Dream on. Enter OAK Violet Crumble with its full-on honeycomb flavour explosion, teamed with delicious milk chocolate to land the final blow. Feeling shattered? That's all that matters.",,,"Per 100g/ml
Per Serving
%DI
Energy
362 kJ
1090 kJ
Protein
3.4 g
10.2 g
Total Fat
3.4 g
10.2 g
Saturated Fat
2.2 g
6.6 g
Carbohydrate
10.5 g
31.5 g
Sugars
10.1 g
30.3 g
Calcium
115 mg
345 mg
43%
Sodium
62 mg
186 mg
* Percentage Daily Intakes are based on an average adult diet of 8700 kJ. Your daily intakes may be higher or lower depending on your energy needs.",,https://www.coles.com.au/product/oak-violet-crumble-flavoured-milk-600ml-7840597,,,2024-06-17T17:13:02.996498-04:00
"Ind55SColes_ADairy, Eggs & Fridge_SAMilk_INorco Non Homogenised Finest Milk | 1.5L",Norco Non Homogenised Finest Milk | 1.5L,Norco,"Dairy, Eggs & Fridge",Milk,Specialty milk,,$3.95,,$4.40,$2.63 per 1L,3387905,"You know what they say - nostalgia isn't what it used to be. Of course, there are exceptions. Especially when it comes to the kind of delicious, cream-on-top milk your grandparents used to talk about. When selecting Our Finest Non-Homogenised you are choosing protein-rich, beautiful milk lovingly sourced from the fine cows of Northern NSW and South East Queensland. And, as always, Norco milk is still 100% Australian dairy farmer owned, just as it was in 1895.
100% Australian Farmer Owned

Permeate Free

Bottle made from Recycled Plastic

High Cream",,,"Per 100g/ml
Per Serving
%DI
Energy
326kJ
815kJ
9.00%
Protein
3.9g
9.8g
20.00%
Total Fat
4.7g
11.8g
17.00%
Saturated Fat
3.3g
8.3g
34.00%
Carbohydrate
5g
12.5g
4.00%
Sugars
5g
12.5g
14.00%
Calcium
149mg
373mg
47.00%
Sodium
48mg
120mg
5.00%
Monounsaturated
0
0
0
Energy (Cal)
78Cal
196Cal
0
Dietary Fibre (total)
0
0
0
Polyunsaturated
0
0
0
Trans
0
0
0
* Percentage Daily Intakes are based on an average adult diet of 8700 kJ. Your daily intakes may be higher or lower depending on your energy needs.",,https://www.coles.com.au/product/norco-non-homogenised-finest-milk-1.5l-3387905,,,2024-06-17T17:13:15.097554-04:00
"Ind55SColes_ADairy, Eggs & Fridge_SAMilk_IPauls Zymil Low Fat Milk | 1L",Pauls Zymil Low Fat Milk | 1L,Pauls,"Dairy, Eggs & Fridge",Milk,Specialty milk,,$3.90,,,$3.90 per 1L,5169596,"At Pauls, we love dairy. We're pretty passionate about making great tasting products packed with real dairy goodness. We put that devotion into every Pauls milk, cream, custard and yoghurt we make. Milk is a natural source of protein, vitamins and minerals essential for good health. Rich in calcium, Pauls Zymil is simply milk which is easy to digest (As part of a healthy and varied diet, consuming Zymil instead of regular milk helps ease digestion in those who are sensitive to lactose). Plus Pauls Zymil is lactose free and made from real milk so it has all of the natural goodness of regular milk. Lactose free, easy to digest and rich in calcium.
Low fat milk

Lactose free",,,"Per 100g/ml
Per Serving
%DI
Energy
189kJ
473kJ
Protein
3.4g
8.5g
Total Fat
1.3g
3.3g
Saturated Fat
0.8g
2.0g
Carbohydrate
4.9g
12.3g
Sugars
4.9g
12.3g
Vitamin B2
0.2mg
0.4mg
25% RDI*
Calcium
122mg
305mg
38%RDI*
Lactose
Nil
Nil
Sodium
40mg
100mg
Energy (Cal)
45Cal
113Cal
Dietary Fibre (total)
0.0g
0.0g
Galactose
2.4g
6.0g
* Percentage Daily Intakes are based on an average adult diet of 8700 kJ. Your daily intakes may be higher or lower depending on your energy needs.",,https://www.coles.com.au/product/pauls-zymil-low-fat-milk-1l-5169596,,,2024-06-17T17:13:26.777830-04:00
"Ind55SColes_ADairy, Eggs & Fridge_SAMilk_INorco Real Ultimate Chocolate Flavoured Milk | 500mL",Norco Real Ultimate Chocolate Flavoured Milk | 500mL,Norco,"Dairy, Eggs & Fridge",Milk,Milk flavoured,,$3.00,,$3.70,$6.00 per 1L,1603861,"Australia's Best Tasting Flavoured Milk. Again! Fact. Norco REAL Iced Chocolate Ultimate is the best tasting flavoured milk in Australia. We know this because we have won the Champion Flavoured Dairy Drink award for the second year running, beating all other flavoured milk in the market today. This now officially confirms what we have always known. So...drink up and enjoy the best. You're welcome.
100% Australian Farmer Owned

Contains REAL Cocoa

88% Daily Calcium

42% Daily Protein",,,"Per 100g/ml
Per Serving
%DI
Energy
398kJ
1990kJ
23.00%
Protein
3.9g
19.5g
39.00%
Total Fat
3.7g
18.5g
26.00%
Saturated Fat
2.6g
13.0g
54.00%
Carbohydrate
11.5g
57.5g
19.00%
Sugars
10.8g
54.0g
60.00%
Calcium
140mg
700mg
88.00%
Sodium
50mg
250mg
11.00%
Monounsaturated
0
0
0
Energy (Cal)
96Cal
478Cal
0
Dietary Fibre (total)
0
0
0
Polyunsaturated
0
0
0
Trans
0
0
0
* Percentage Daily Intakes are based on an average adult diet of 8700 kJ. Your daily intakes may be higher or lower depending on your energy needs.",,https://www.coles.com.au/product/norco-real-ultimate-chocolate-flavoured-milk-500ml-1603861,,,2024-06-17T17:13:38.226738-04:00
"Ind55SColes_ADairy, Eggs & Fridge_SA_IDare Oat Milk Dairy Free Double Espresso | 400mL",Dare Oat Milk Dairy Free Double Espresso | 400mL,Dare,"Dairy, Eggs & Fridge",,,,$3.30,,$4.15,$8.25 per 1L,7841658,Dare Oat Milk Double Espresso is a UHT coffee flavoured oat milk. Contains robusta & arabica coffee.,,,"Per 100g/ml
Per Serving
%DI
Energy
248kJ
992kJ
11%
Protein
0.5g
2.0g
4%
Total Fat
1.6g
6.4g
9%
Saturated Fat
0.2g
0.8g
3%
Carbohydrate
10.1g
40.4g
13%
Sugars
6.9g
27.6g
31%
Calcium
57mg
228mg
Sodium
28mg
112mg
5%
Monounsaturated
0
0
0
Energy (Cal)
59Cal
236Cal
0
Dietary Fibre (total)
<1.0g
<1.0g
<1%
Polyunsaturated
0
0
0
Trans
0
0
0
Caffeine
57mg
140mg
0
* Percentage Daily Intakes are based on an average adult diet of 8700 kJ. Your daily intakes may be higher or lower depending on your energy needs.",,https://www.coles.com.au/product/dare-oat-milk-dairy-free-double-espresso-400ml-7841658,,,2024-06-17T17:13:49.932450-04:00
"Ind55SColes_ADairy, Eggs & Fridge_SAMilk_IDairy Farmers Classic Strawberry Flavoured Milk | 300mL",Dairy Farmers Classic Strawberry Flavoured Milk | 300mL,Dairy Farmers,"Dairy, Eggs & Fridge",Milk,Milk flavoured,,$1.90,,$2.50,$6.33 per 1L,3034166,"From Aussie farms for your family to enjoy - the Dairy Farmers brand has a rich heritage dating back to 1900. We're proud to honour the generous spirit of our farming communities by continuing to bring high quality and nutritious dairy products across milk, flavoured yoghurt, flavoured milk and culinary products .
Proudly Aussie made and owned
Made with fresh Australian milk
Milk is a natural source of protein
No artificial additives or preservatives
Enjoy as part of a healthy and balanced diet
Made in Australia from at least 98% Australian ingredients.
Rich in calcium.",,,"Per 100g/ml
Per Serving
%DI
Energy
293kJ
879kJ
10.00%
Protein
3.2g
9.6g
19.00%
Total Fat
2.5g
7.5g
11.00%
Saturated Fat
1.6g
4.8g
20.00%
Carbohydrate
8.6g
25.8g
8.00%
Sugars
8.6g
25.8g
29.00%
Calcium
117mg
351mg
44% RDI*
Sodium
43mg
129mg
6.00%
Energy (Cal)
70Cal
210Cal
* Percentage Daily Intakes are based on an average adult diet of 8700 kJ. Your daily intakes may be higher or lower depending on your energy needs.","Fresh Reduced Fat Milk, Sugar, Natural Flavours, Natural Colour (Carmine)",https://www.coles.com.au/product/dairy-farmers-classic-strawberry-flavoured-milk-300ml-3034166,,,2024-06-17T17:14:00.995541-04:00
"Ind55SColes_ADairy, Eggs & Fridge_SAMilk_IA2 Full Cream Milk | 1L",A2 Full Cream Milk | 1L,A2,"Dairy, Eggs & Fridge",Milk,Full cream milk,,$3.90,,,$3.90 per 1L,9760070,"a2 Milk is no ordinary milk!

It is real milk that may be easier on digestion for some people*.

As the number 1 producer of of A1 protein free milk in Australia, our purpose is to pioneer the future of dairy for good.

For more information on the a2 Milk difference visit www.a2milk.com.au

*a2 Milk comes from cows specially selected to naturally produce milk with only the A2-type beta-casein protein so may be easier on digestion than ordinary milk for some milk intolerant individuals when consumed as part of a healthy, varied diet.

All natural with no additives, this delicious and creamy fresh milk with less than 4g of fat per 100mL

Easier on digestion for some**a2 Milk comes from cows specially selected to naturally produce milk with only the A2-type beta-casein protein so may be easier on digestion than regular milk for some milk intolerant individuals when consumed as part of a healthy, varied diet.

Naturally all A2-type beta-casein protein type, and no A1Some people may be sensitive to a protein called A1 beta-casein commonly found in milk.

The perfect milk for all occasions! Use a2 Milk in tea and coffee, smoothies, baking, cooking, with cereal, with cookies, or simply enjoy on its own.

a2 Milk has been proudly partnering with Landcare Australia since 2017 to support our farmers with initiatives to protect, enhance and restore the natural environment

Good source of calcium.

Contains Protein.",,,"Per 100g/ml
Per Serving
%DI
Energy
275kJ
688kJ
0
Protein
3.3g
8.3g
0
Total Fat
3.5g
8.8g
0
Saturated Fat
2.4g
6.0g
0
Carbohydrate
5.0g
12.5g
0
Sugars
4.7g
11.8g
0
Calcium
109mg
273mg
34.0%
Sodium
33mg
83mg
0
Monounsaturated
0
0
0
Energy (Cal)
65 Cal
163 Cal
0
Dietary Fibre (total)
0
0
0
Polyunsaturated
0
0
0
Potassium
147mg
368mg
0
Trans
0
0
0
* Percentage Daily Intakes are based on an average adult diet of 8700 kJ. Your daily intakes may be higher or lower depending on your energy needs.",Milk,https://www.coles.com.au/product/a2-full-cream-milk-1l-9760070,,,2024-06-17T17:14:12.098415-04:00
"Ind55SColes_ADairy, Eggs & Fridge_SAMilk_IRokeby Farms Protein Smoothie Double Espresso | 425mL",Rokeby Farms Protein Smoothie Double Espresso | 425mL,Rokeby Farms,"Dairy, Eggs & Fridge",Milk,Milk flavoured,,$4.65,,,$10.94 per 1L,6258498,,,,,,https://www.coles.com.au/product/rokeby-farms-protein-smoothie-double-espresso-425ml-6258498,,,2024-06-17T17:14:21.032258-04:00
"Ind55SColes_ADairy, Eggs & Fridge_SAMilk_IVitasoy Soy Milky Regular Chilled | 1L",Vitasoy Soy Milky Regular Chilled | 1L,Vitasoy,"Dairy, Eggs & Fridge",Milk,Soy & almond milk,,$2.85,,,$2.85 per 1L,5111880,"Every whole soybean that makes this milk great is grown in Australia
Beneath the watchful eyes of Aussie farmers, every whole soybean squeezed into our Soy Milky was planted and picked at just the right moment. It's why our great milky taste is hard to beat.

For us, it's a daily obsession that's been growing across the globe since the Vitasoy brand first started in 1940. Bringing you a simple yet delicious soy milk, brimming with the good stuff- like 1/3 of your daily calcium.

This is why our glass is always full.

Grown by Aussie Farmers
Our whole soybeans are harvested from February to April and delivered to our Wodonga factory.
Only the best beans make it...

Blended by us
We dehull and grind our beans, then blend the good bits with filtered water and other ingredients including calcium.
Perfected and packed for your fridge...

Enjoyed by you
Your Vitasoy is ready to be soaked up and savoured with all your favourites.

- Australian grown whole soybeans.
- 1/3 of your daily calcium needs in every serving.
- Naturally free from gluten, dairy, lactose and cholesterol.
- Natural source of protein.
- No artificial colours, flavours or preservatives.
- Non-genetically modified.
- Suitable For vegans and vegetarians.

The protein in this product is derived from Australian grown whole soybeans. It may appear as white sediment so make sure you shake the product well before consuming it.",,,"Per 100g/ml
Per Serving
%DI
Energy
221kJ
553kJ
6.00%
Protein
3.0g
7.5g
15.00%
Total Fat
3.0g
7.5g
11.00%
Saturated Fat
0.4g
1.0g
4.00%
Carbohydrate
3.4g
8.5g
3.00%
Sugars
2.5g
6.3g
7.00%
Calcium
120mg
300mg
38% RDI#
Cholesterol
0mg
0mg
Lactose
0g
0g
Sodium
80mg
200mg
9.00%
Monounsaturated
1.3g
3.3g
Energy (Cal)
53Cal
133Cal
Dietary Fibre (total)
0.2g
0.5g
2.00%
Polyunsaturated
1.3g
3.3g
Galactose
0g
0g
Gluten
0mg
0mg
Trans
0g
0g
* Percentage Daily Intakes are based on an average adult diet of 8700 kJ. Your daily intakes may be higher or lower depending on your energy needs.","Filtered water, whole soybeans (min.14%), raw sugar, sunflower oil, mineral (calcium phosphate), natural flavour, sea salt.",https://www.coles.com.au/product/vitasoy-soy-milky-regular-chilled-1l-5111880,,,2024-06-17T17:14:32.065264-04:00
"Ind55SColes_ADairy, Eggs & Fridge_SAMilk_IIce Break Iced Coffee Triple Shot | 2L",Ice Break Iced Coffee Triple Shot | 2L,Ice Break,"Dairy, Eggs & Fridge",Milk,Milk flavoured,,$6.80,,,$3.40 per 1L,5073883,Ice Break Triple Shot is a 3 shot real coffee recharge made with Aussie milk.,,,"Per 100g/ml
Per Serving
%DI
Energy
293
1465
Protein
3.3 g
16.5 g
Total Fat
1.6 g
8.0 g
Saturated Fat
1.0 g
5.0 g
Carbohydrate
10.5 g
52.5 g
Sugars
9.9 g
49.5 g
Calcium
108 mg
540 mg
67% RDI*
Sodium
36 mg
180 mg
Energy (Cal)
70
Caffeine
41mg
205mg
* Percentage Daily Intakes are based on an average adult diet of 8700 kJ. Your daily intakes may be higher or lower depending on your energy needs.",,https://www.coles.com.au/product/ice-break-iced-coffee-triple-shot-2l-5073883,,,2024-06-17T17:14:43.265173-04:00
"Ind55SColes_ADairy, Eggs & Fridge_SAMilk_IBoss Iced Latte Coffee | 237mL",Boss Iced Latte Coffee | 237mL,Boss,"Dairy, Eggs & Fridge",Milk,Milk flavoured,,$3.50,,$4.00,$14.77 per 1L,3762673,"We have finally brought Suntory BOSS Coffee to Australia and New Zealand, and with it, our uniquely Japanese brewing process, ""Flash Brew"". These products may be somewhat new to Australia and New Zealand, but originate from a storied 25-year-long-long legacy of masterful expertise.",,,"Per 100g/ml
Per Serving
%DI
Energy
92kJ
218kJ
3%
Protein
<1g
1.4g
3%
Total Fat
<1g
1.2g
2%
Saturated Fat
<1g
<1g
2%
Carbohydrate
3.8g
9.0g
3%
Sugars
2.7g
6.3g
7%
Sodium
49mg
115mg
5%
Energy (Cal)
22kcal
52kcal
* Percentage Daily Intakes are based on an average adult diet of 8700 kJ. Your daily intakes may be higher or lower depending on your energy needs.",,https://www.coles.com.au/product/boss-iced-latte-coffee-237ml-3762673,,,2024-06-17T17:14:54.821329-04:00
"Ind55SColes_ADairy, Eggs & Fridge_SAMilk_IDairy Farmers No Added Sugar Chocolate Flavoured Milk | 500mL",Dairy Farmers No Added Sugar Chocolate Flavoured Milk | 500mL,Dairy Farmers,"Dairy, Eggs & Fridge",Milk,Milk flavoured,,$3.20,,$3.60,$6.40 per 1L,3762720,"From Aussie farms for your family to enjoy - the Dairy Farmers brand has a rich heritage dating back to 1900. We're proud to honour the generous spirit of our farming communities by continuing to bring high quality and nutritious dairy products across milk, flavoured yoghurt, flavoured milk and culinary products .
No Sugar Added
Proudly Aussie made and owned
Made with fresh Australian milk
Milk is a natural source of protein
Rich in calcium
Enjoy as part of a healthy and balanced diet.
Made in Australia from at least 98% Australian ingredients.",,,"Per 100g/ml
Per Serving
%DI
Energy
230kJ
1150kJ
13.00%
Protein
3.2g
16.0g
32.00%
Total Fat
2.5g
12.5g
18.00%
Saturated Fat
1.6g
8.0g
33.00%
Carbohydrate
4.9g
24.5g
8.00%
Sugars
4.4g
22.0g
25.00%
Calcium
115mg
575mg
72% RDI*
Sodium
44mg
220mg
10.00%
Energy (Cal)
55Cal
275Cal
Dietary Fibre (total)
0g
0g
* Percentage Daily Intakes are based on an average adult diet of 8700 kJ. Your daily intakes may be higher or lower depending on your energy needs.",,https://www.coles.com.au/product/dairy-farmers-no-added-sugar-chocolate-flavoured-milk-500ml-3762720,,,2024-06-17T17:15:07.017759-04:00
"Ind55SColes_ADairy, Eggs & Fridge_SAMilk_IPauls Bluey Strawberry Flavoured Milk | 250mL",Pauls Bluey Strawberry Flavoured Milk | 250mL,Pauls,"Dairy, Eggs & Fridge",Milk,Milk flavoured,,$2.30,,,$9.20 per 1L,4165501,"BLUEY TM and BLUEY character logos TM &  Ludo Studio Pty Ltd 2018.
30% Less Sugar

No Artificial Flavours or Sweeteners

Bluey

Strawberry Flavoured Milk

Australian Milk",,,"Per 100g/ml
Per Serving
%DI
Energy
235 kJ
587 kJ
Protein
3.7 g
9.2 g
Total Fat
1.3 g
3.2 g
Saturated Fat
0.8 g
2.0 g
Carbohydrate
7.4 g
18.5 g
Sugars
7.1 g
17.7 g
Calcium
131 mg
327 mg
40% RDI*
Sodium
49 mg
122 mg
Energy (Cal)
56 Cal
140 Cal
Dietary Fibre (total)
0.0 g
0.0 g
* Percentage Daily Intakes are based on an average adult diet of 8700 kJ. Your daily intakes may be higher or lower depending on your energy needs.",,https://www.coles.com.au/product/pauls-bluey-strawberry-flavoured-milk-250ml-4165501,,,2024-06-17T17:53:36.425280-04:00
"Ind55SColes_ADairy, Eggs & Fridge_SAMilk_IDare No Added Sugar Iced Coffee Flavoured Milk | 2L",Dare No Added Sugar Iced Coffee Flavoured Milk | 2L,Dare,"Dairy, Eggs & Fridge",Milk,Milk flavoured,,$7.00,,,$3.50 per 1L,6266816,"Made with real Arabica & Robusta coffee and fresh milk, Dare Iced Coffee No Added Sugar Double Espresso  offers a big coffee kick without the cafe queue!
Proudly Australian owned, made and loved, it's Australia's market leading Iced Coffee.

4 Health Star Rating across the No Added Sugar range only.

Dare Iced Coffee proudly works with Rainforest Alliance to only use coffee beans that have been grown and harvested in a sustainable way from certified farms and forests.

When you choose dare, you can be confident that you are helping to improve farmers' livelihoods and protect our natural resources.",,,"Per 100g/ml
Per Serving
%DI
Energy
271kJ
678kJ
8
Protein
3.4g
8.5g
17
Total Fat
3.5g
8.8g
13
Saturated Fat
2.4
6.0g
25
Carbohydrate
4.9g
12.3g
4
Sugars
4.9g
12.3g
14
Vitamin B2
0.24mg
0.60mg
35
Calcium
118mg
295mg
37
Iron
27
Vitamin B12
0.42
1.05
53
Sodium
41mg
103mg
4
Potassium
158mg
395mg
Vitamin B5
0.24mg
0.60mg
12
Caffeine
32mg
80mg
Iodine
45
68
68
* Percentage Daily Intakes are based on an average adult diet of 8700 kJ. Your daily intakes may be higher or lower depending on your energy needs.",,https://www.coles.com.au/product/dare-no-added-sugar-iced-coffee-flavoured-milk-2l-6266816,,,2024-06-17T17:53:47.554306-04:00
"Ind55SColes_ADairy, Eggs & Fridge_SAMilk_IOak Chocolate Flavoured Milk | 750mL",Oak Chocolate Flavoured Milk | 750mL,Oak,"Dairy, Eggs & Fridge",Milk,Milk flavoured,,$3.50,,$4.60,$4.67 per 1L,1017767,"An Australian favourite for more than 40 years with its wide range of rich, creamy and authentic flavours - OAK is always the answer.",,,"Per 100g/ml
Per Serving
%DI
Energy
376 kJ
940 kJ
Protein
3.5 g
8.8 g
Total Fat
3.4 g
8.5 g
Saturated Fat
2.2 g
5.5 g
Carbohydrate
11.0 g
27.5 g
Sugars
10.6 g
26.5 g
Calcium
115 mg
288 mg
36%
Sodium
50 mg
125 mg
* Percentage Daily Intakes are based on an average adult diet of 8700 kJ. Your daily intakes may be higher or lower depending on your energy needs.",,https://www.coles.com.au/product/oak-chocolate-flavoured-milk-750ml-1017767,,,2024-06-17T17:53:58.809682-04:00
"Ind55SColes_ADairy, Eggs & Fridge_SAMilk_IIce Break Regular Strength Iced Coffee Flavoured Milk | 2L",Ice Break Regular Strength Iced Coffee Flavoured Milk | 2L,Ice Break,"Dairy, Eggs & Fridge",Milk,Milk flavoured,,$6.80,,,$3.40 per 1L,4569839,Ice Break Regular Strength is a 2 shot real coffee recharge made with Aussie milk.,,,"Per 100g/ml
Per Serving
%DI
Energy
289 kJ
1445 kJ
Protein
3.3 g
16.5 g
Total Fat
1.6 g
8.0 g
Saturated Fat
1.0 g
5.0 g
Carbohydrate
10.3 g
51.5 g
Sugars
9.8 g
49.0 g
Calcium
109 mg
545 mg
68% RDI
Sodium
37 mg
185 mg
Energy (Cal)
69
345
Caffeine
29 mg
145 mg
* Percentage Daily Intakes are based on an average adult diet of 8700 kJ. Your daily intakes may be higher or lower depending on your energy needs.",,https://www.coles.com.au/product/ice-break-regular-strength-iced-coffee-flavoured-milk-2l-4569839,,,2024-06-17T17:54:11.044862-04:00
"Ind55SColes_ADairy, Eggs & Fridge_SAMilk_IColes Full Cream Milk | 2L",Coles Full Cream Milk | 2L,Coles,"Dairy, Eggs & Fridge",Milk,Full cream milk,,$3.10,,,$1.55 per 1L,8203067,COLES IS COMMITTED TO BRINGING YOU HIGH QUALITY FRESH MILK FROM DAIRY FARMS ACROSS AUSTRALIA,,,"Per 100g/ml
Per Serving
%DI
Energy
274.30
685.75
Protein
3.5
8.8
18
Total Fat
3.6
9.0
13
Saturated Fat
2.4
6.0
25
Carbohydrate
4.8
12.0
4
Sugars
4.30
10.75
Calcium
126.00
315.00
Sodium
40
100
4
Energy (Cal)
66
164
Dietary Fibre (total)
0.00
0.00
* Percentage Daily Intakes are based on an average adult diet of 8700 kJ. Your daily intakes may be higher or lower depending on your energy needs.",,https://www.coles.com.au/product/coles-full-cream-milk-2l-8203067,,,2024-06-17T17:54:21.866920-04:00
"Ind55SColes_ADairy, Eggs & Fridge_SADairy, chilled & frozen_IChobani Oat Milk Chocolate | 1L",Chobani Oat Milk Chocolate | 1L,Chobani,"Dairy, Eggs & Fridge","Dairy, chilled & frozen",Milk & eggs,,$4.00,,,"$4.00 per 1L
Was $5.00 on Apr 2024",5638610,"Delicious chocolately taste made from real cocoa. 
Mix in a blender for an instant milkshake.
Heat up for your very own dairy free hot chocolate.
Good source of calcium.",,,"Per 100g/ml
Per Serving
%DI
Energy
264kJ
661kJ
Protein
0.8g
2.0g
Total Fat
2.5g
6.3g
Saturated Fat
0.3g
0.8g
Carbohydrate
9.3g
23.3g
Sugars
7.0g
17.5g
Calcium
120mg
300mg (38% RDI*)
Sodium
52mg
130mg
Energy (Cal)
63Cal
158Cal
Dietary Fibre (total)
<0.5g
<0.5g
* Percentage Daily Intakes are based on an average adult diet of 8700 kJ. Your daily intakes may be higher or lower depending on your energy needs.",,https://www.coles.com.au/product/chobani-oat-milk-chocolate-1l-5638610,,,2024-06-17T17:54:34.069415-04:00
"Ind55SColes_ADairy, Eggs & Fridge_SAMilk_IBreaka Cookies & Cream Flavoured Milk | 500mL",Breaka Cookies & Cream Flavoured Milk | 500mL,Breaka,"Dairy, Eggs & Fridge",Milk,Milk flavoured,,$2.95,,$3.80,$5.90 per 1L,7066845,"Breaka Cookies & Cream Flavoured Milk is a cookies & cream flavoured milk, which is made in QLD. It contains 40% less fat than full cream milk. Breaka Flavoured Milk - The Flavour of Fun!
Flavoured Milk

Contains 40% less fat than full cream milk.

Cookies & Cream

Made in QLD

Flavour of Fun",,,"Per 100g/ml
Per Serving
%DI
Energy
275 kJ
688 kJ
Protein
3.2 g
8.0 g
Total Fat
1.8 g
4.5 g
Saturated Fat
1.2 g
3.0 g
Carbohydrate
9.1 g
22.8 g
Sugars
9.0 g
22.5 g
Calcium
110 mg
275 mg
34% RDI*
Sodium
39 mg
98 mg
Energy (Cal)
66 Cal
164 Cal
* Percentage Daily Intakes are based on an average adult diet of 8700 kJ. Your daily intakes may be higher or lower depending on your energy needs.",,https://www.coles.com.au/product/breaka-cookies-and-cream-flavoured-milk-500ml-7066845,,,2024-06-17T17:54:46.387971-04:00
"Ind55SColes_ADairy, Eggs & Fridge_SAMilk_ICafe Peak Mega Hit Iced Coffee Latte | 240mL",Cafe Peak Mega Hit Iced Coffee Latte | 240mL,Cafe Peak,"Dairy, Eggs & Fridge",Milk,Milk flavoured,,$3.50,,,$14.58 per 1L,5443520,,,,,,https://www.coles.com.au/product/cafe-peak-mega-hit-iced-coffee-latte-240ml-5443520,,,2024-06-17T17:54:55.612434-04:00
"Ind55SColes_ADairy, Eggs & Fridge_SAMilk_IBreaka Strawberry Flavoured Milk | 500mL",Breaka Strawberry Flavoured Milk | 500mL,Breaka,"Dairy, Eggs & Fridge",Milk,Milk flavoured,,$2.95,,$3.80,$5.90 per 1L,7889417,"Breaka Strawberry Flavoured Milk is a Strawberry flavoured milk, which is made in QLD. It contains at least 40% less fat than full cream milk. Breaka Flavoured Milk - The Flavour of Fun!
Strawberry Flavoured milk

Contains at least 40% less fat than full cream milk

Made in QLD

Flavour of Fun!

Flavoured Milk",,,"Per 100g/ml
Per Serving
%DI
Energy
274 kJ
682 kJ
Protein
3.2 g
8.0 g
Total Fat
1.8 g
4.5 g
Saturated Fat
1.2 g
3.0 g
Carbohydrate
9.0 g
22.5 g
Sugars
9.0 g
22.5 g
Calcium
112 mg
280 mg
35 % RDI *
Sodium
37 mg
93 mg
Energy (Cal)
66 Cal
164 Cal
* Percentage Daily Intakes are based on an average adult diet of 8700 kJ. Your daily intakes may be higher or lower depending on your energy needs.",,https://www.coles.com.au/product/breaka-strawberry-flavoured-milk-500ml-7889417,,,2024-06-17T17:55:07.760142-04:00
"Ind55SColes_ADairy, Eggs & Fridge_SAMilk_IVitasoy Soy Milky Regular Chilled | 1L",Vitasoy Soy Milky Regular Chilled | 1L,Vitasoy,"Dairy, Eggs & Fridge",Milk,Soy & almond milk,,$2.85,,,$2.85 per 1L,5111880,"Every whole soybean that makes this milk great is grown in Australia
Beneath the watchful eyes of Aussie farmers, every whole soybean squeezed into our Soy Milky was planted and picked at just the right moment. It's why our great milky taste is hard to beat.

For us, it's a daily obsession that's been growing across the globe since the Vitasoy brand first started in 1940. Bringing you a simple yet delicious soy milk, brimming with the good stuff- like 1/3 of your daily calcium.

This is why our glass is always full.

Grown by Aussie Farmers
Our whole soybeans are harvested from February to April and delivered to our Wodonga factory.
Only the best beans make it...

Blended by us
We dehull and grind our beans, then blend the good bits with filtered water and other ingredients including calcium.
Perfected and packed for your fridge...

Enjoyed by you
Your Vitasoy is ready to be soaked up and savoured with all your favourites.

- Australian grown whole soybeans.
- 1/3 of your daily calcium needs in every serving.
- Naturally free from gluten, dairy, lactose and cholesterol.
- Natural source of protein.
- No artificial colours, flavours or preservatives.
- Non-genetically modified.
- Suitable For vegans and vegetarians.

The protein in this product is derived from Australian grown whole soybeans. It may appear as white sediment so make sure you shake the product well before consuming it.",,,"Per 100g/ml
Per Serving
%DI
Energy
221kJ
553kJ
6.00%
Protein
3.0g
7.5g
15.00%
Total Fat
3.0g
7.5g
11.00%
Saturated Fat
0.4g
1.0g
4.00%
Carbohydrate
3.4g
8.5g
3.00%
Sugars
2.5g
6.3g
7.00%
Calcium
120mg
300mg
38% RDI#
Cholesterol
0mg
0mg
Lactose
0g
0g
Sodium
80mg
200mg
9.00%
Monounsaturated
1.3g
3.3g
Energy (Cal)
53Cal
133Cal
Dietary Fibre (total)
0.2g
0.5g
2.00%
Polyunsaturated
1.3g
3.3g
Galactose
0g
0g
Gluten
0mg
0mg
Trans
0g
0g
* Percentage Daily Intakes are based on an average adult diet of 8700 kJ. Your daily intakes may be higher or lower depending on your energy needs.",,https://www.coles.com.au/product/vitasoy-soy-milky-regular-chilled-1l-5111880,,,2024-06-17T17:55:19.882054-04:00
"Ind55SColes_ADairy, Eggs & Fridge_SAMilk_IPureharvest Gluten Free Organic Coco Quench Unsweetened Coconut Milk | 1L",Pureharvest Gluten Free Organic Coco Quench Unsweetened Coconut Milk | 1L,Pureharvest,"Dairy, Eggs & Fridge",Milk,Specialty milk,,$2.65,,$3.80,$2.65 per 1L,1262363,"A creamy, well balanced beverage in which the healthy fat and minerals in coconut milk are matched with the sweetness and complex carbohydrates of rice milk to create a delicious, balanced drink. Coconut milk contains many nutrients including lauric acid which is known to have many health benefits. All our products are carrageenan free.
Organic

Gluten Free

Vegan

GMO Free

No Cane Sugar

No Artificial Colours or Flavours.",,,"Per 100g/ml
Per Serving
%DI
Energy
242
605
Protein
0.5g
1.3g
Total Fat
2.7g
6.8g
Saturated Fat
2.4g
6.0g
Carbohydrate
7.8g
19.5g
Sugars
3.8g
9.5g
Sodium
61mg
153mg
* Percentage Daily Intakes are based on an average adult diet of 8700 kJ. Your daily intakes may be higher or lower depending on your energy needs.",,https://www.coles.com.au/product/pureharvest-gluten-free-organic-coco-quench-unsweetened-coconut-milk-1l-1262363,,,2024-06-17T17:55:30.637640-04:00
"Ind55SColes_ADairy, Eggs & Fridge_SAMilk_IColes Organic Full Cream Milk | 1L",Coles Organic Full Cream Milk | 1L,Coles,"Dairy, Eggs & Fridge",Milk,Specialty milk,,$2.60,,,$2.60 per 1L,3227159,"Coles certified organic products are grown and pasturised without the use of synthetic chemicals, fertilisers, pesticides, or herbicides. Organic farming uses production practices for a sustainable future",,,"Per 100g/ml
Per Serving
%DI
Energy
282.00
705.00
Protein
3.60
9.00
Total Fat
3.9
9.8
14
Carbohydrate
4.50
11.25
Sugars
4.20
10.50
Calcium
128.00
320.00
Sodium
40.00
100.00
Saturated
2.80
7.00
Energy (Cal)
67.46
168.66
Fat
3.90
9.75
Dietary Fibre (total)
0.00
0.00
* Percentage Daily Intakes are based on an average adult diet of 8700 kJ. Your daily intakes may be higher or lower depending on your energy needs.",,https://www.coles.com.au/product/coles-organic-full-cream-milk-1l-3227159,,,2024-06-17T22:27:49.464403-04:00
"Ind55SColes_ADairy, Eggs & Fridge_SAMilk_IDairy Farmers Classic Chocolate Flavoured Milk | 300mL",Dairy Farmers Classic Chocolate Flavoured Milk | 300mL,Dairy Farmers,"Dairy, Eggs & Fridge",Milk,Milk flavoured,,$1.90,,$2.50,$6.33 per 1L,3034155,,,,,,https://www.coles.com.au/product/dairy-farmers-classic-chocolate-flavoured-milk-300ml-3034155,,,2024-06-17T22:27:58.943380-04:00
"Ind55SColes_ADairy, Eggs & Fridge_SAMilk_IReal Coffee Triple Shot Milk | 500mL",Real Coffee Triple Shot Milk | 500mL,Real,"Dairy, Eggs & Fridge",Milk,Milk flavoured,,$3.00,,$3.70,$6.00 per 1L,1955483,"Warning: Seriously Strong! Seriously Awesome. At Norco, we think fizzy energy drinks are a bit soft. REAL people wanting a REAL mind-altering energy experience, drink Norco REAL Iced Coffee Triple Shot. Made with REAL coffee, it's a REAL hunger buster of a caffeine hit.
100% Australian Farmer Owned

Contains REAL Robusta and Arabica Coffee

73% Daily Calcium

37% Daily Protein",,,"Per 100g/ml
Per Serving
%DI
Energy
362kJ
1810kJ
21.0%
Protein
3.7g
18.5g
37.0%
Total Fat
3.5g
17.5g
25.0%
Saturated Fat
2.3g
11.5g
48.0%
Carbohydrate
10.0g
50.0g
16.0%
Sugars
9.0g
45.0g
50.0%
Calcium
129mg
645mg
81.0%
Sodium
40mg
200mg
9.0%
Monounsaturated
0
0
0
Energy (Cal)
87Cal
434Cal
0
Dietary Fibre (total)
0
0
0
Polyunsaturated
0
0
0
Trans
0
0
0
Caffeine
48mg
240mg
0
* Percentage Daily Intakes are based on an average adult diet of 8700 kJ. Your daily intakes may be higher or lower depending on your energy needs.","Milk, Milk Solids Non Fat, Sugar, Coffee Powder (1.2%), Caramelised Sugar, Flavour.",https://www.coles.com.au/product/real-coffee-triple-shot-milk-500ml-1955483,,,2024-06-17T22:28:10.694474-04:00
"Ind55SColes_ADairy, Eggs & Fridge_SAMilk_IDairy Farmers Caramel Flavoured Milk | 500mL",Dairy Farmers Caramel Flavoured Milk | 500mL,Dairy Farmers,"Dairy, Eggs & Fridge",Milk,Milk flavoured,,$3.20,,$3.60,$6.40 per 1L,3897898,"From Aussie farms for your family to enjoy - the Dairy Farmers brand has a rich heritage dating back to 1900. We're proud to honour the generous spirit of our farming communities by continuing to bring high quality and nutritious dairy products across milk, flavoured yoghurt, flavoured milk and culinary products .
Proudly Aussie made and owned
Made with fresh Australian milk
Milk is a natural source of protein
No artificial additives or preservatives
Enjoy as part of a healthy and balanced diet
Made in Australia from at least 98% Australian ingredients.
Rich in calcium.",,,"Per 100g/ml
Per Serving
%DI
Energy
298kJ
1490kJ
17.00%
Protein
3.2g
16.0g
32.00%
Total Fat
2.5g
12.5g
18.00%
Saturated Fat
1.6g
8.0g
33.00%
Carbohydrate
8.9g
44.5g
14.00%
Sugars
8.5g
42.5g
47.00%
Calcium
117mg
585mg
73% RDI*
Sodium
65mg
325mg
14.00%
Energy (Cal)
71Cal
355Cal
Dietary Fibre (total)
0.0g
0.0g
0.00%
* Percentage Daily Intakes are based on an average adult diet of 8700 kJ. Your daily intakes may be higher or lower depending on your energy needs.",,https://www.coles.com.au/product/dairy-farmers-caramel-flavoured-milk-500ml-3897898,,,2024-06-17T22:28:22.830648-04:00
"Ind55SColes_ADairy, Eggs & Fridge_SAMilk_IPauls Smarter White Milk 2% Fat Full Cream Taste Bottle | 1L",Pauls Smarter White Milk 2% Fat Full Cream Taste Bottle | 1L,Pauls,"Dairy, Eggs & Fridge",Milk,Skim & low fat milk,,$3.20,,,$3.20 per 1L,9411773,"At Pauls, we love dairy. We're pretty passionate about making great tasting products packed with real dairy goodness. We put that devotion into every Pauls milk, cream, custard and yoghurt we make.
Pauls Smarter White Milk has all the goodness and taste of full cream milk with only 2% fat.
Full cream taste

Only 2% Fat.

Fresh Australian Milk

Good Source Calcium

Goodness and taste of full cream milk",,,"Per 100g/ml
Per Serving
%DI
Energy
236 kJ
570 kJ
Protein
3.8 g
9.5 g
Total Fat
2.0 g
5.0 g
Saturated Fat
1.3 g
3.3 g
Carbohydrate
5.3 g
13.3 g
Sugars
5.3 g
13.3 g
Calcium
132 mg
330 mg
41% RDI*
Iron
0.0
0.0
Vitamin A
0.0
0.0
Coenzyme Q10
0.0
0.0
Vitamin E
0.0
0.0
Vitamin B
0.0
0.0
Vitamin C
0.0
0.0
Dietary Fibre (total)
0.0
0.0
Omega - 6
0.0
0.0
Magnesium
0.0
0.0
Selenium
0.0
0.0
Copper
0.0
0.0
Trans
0.0
0.0
Iodine
0.0
0.0
Bioflavoids
0.0
Folic Acid
0.0
0.0
Biotin
0.0
0.0
Molybdenum
0.0
0.0
Zinc
0.0
0.0
Sodium
42 mg
105 mg
Choline
0.0
0.0
Monounsaturated
0.0
0.0
Chromium
0.0
0.0
Polyunsaturated
0.0
0.0
Potassium
0.0
0.0
Manganese
0.0
0.0
* Percentage Daily Intakes are based on an average adult diet of 8700 kJ. Your daily intakes may be higher or lower depending on your energy needs.",,https://www.coles.com.au/product/pauls-smarter-white-milk-2percent-fat-full-cream-taste-bottle-1l-9411773,,,2024-06-17T22:28:35.571578-04:00
"Ind55SColes_ADairy, Eggs & Fridge_SAMilk_IDairy Farmers Classic Strawberry Flavoured Milk | 300mL",Dairy Farmers Classic Strawberry Flavoured Milk | 300mL,Dairy Farmers,"Dairy, Eggs & Fridge",Milk,Milk flavoured,,$1.90,,$2.50,$6.33 per 1L,3034166,"From Aussie farms for your family to enjoy - the Dairy Farmers brand has a rich heritage dating back to 1900. We're proud to honour the generous spirit of our farming communities by continuing to bring high quality and nutritious dairy products across milk, flavoured yoghurt, flavoured milk and culinary products .
Proudly Aussie made and owned
Made with fresh Australian milk
Milk is a natural source of protein
No artificial additives or preservatives
Enjoy as part of a healthy and balanced diet
Made in Australia from at least 98% Australian ingredients.
Rich in calcium.",,,"Per 100g/ml
Per Serving
%DI
Energy
293kJ
879kJ
10.00%
Protein
3.2g
9.6g
19.00%
Total Fat
2.5g
7.5g
11.00%
Saturated Fat
1.6g
4.8g
20.00%
Carbohydrate
8.6g
25.8g
8.00%
Sugars
8.6g
25.8g
29.00%
Calcium
117mg
351mg
44% RDI*
Sodium
43mg
129mg
6.00%
Energy (Cal)
70Cal
210Cal
* Percentage Daily Intakes are based on an average adult diet of 8700 kJ. Your daily intakes may be higher or lower depending on your energy needs.",,https://www.coles.com.au/product/dairy-farmers-classic-strawberry-flavoured-milk-300ml-3034166,,,2024-06-17T22:28:49.033492-04:00
"Ind55SColes_ADairy, Eggs & Fridge_SAMilk_IColes Milk Full Cream | 500mL",Coles Milk Full Cream | 500mL,Coles,"Dairy, Eggs & Fridge",Milk,Full cream milk,,$1.15,,,$2.30 per 1L,1993245,"The hard work and dedicated spirit of dairy farmers is embedded in the fabric of our country. Coles is committed to bringing you nutritious and high quality fresh milk from dairy farms across Australia. The fresh, creamy goodness of milk is a source of protein and is rich in calcium for healthy teeth and bones. Enjoy the nourishment of Coles milk every day.",,,"Per 100g/ml
Per Serving
%DI
Energy
274.30
685.75
Protein
3.5
8.8
18
Total Fat
3.60
9.00
Saturated Fat
2.4
6.0
25
Carbohydrate
4.80
12.00
Sugars
4.30
10.75
Calcium
126
315
Sodium
40.00
100.00
Energy (Cal)
66
164
Dietary Fibre (total)
0.00
0.00
* Percentage Daily Intakes are based on an average adult diet of 8700 kJ. Your daily intakes may be higher or lower depending on your energy needs.",,https://www.coles.com.au/product/coles-milk-full-cream-500ml-1993245,,,2024-06-17T22:29:00.350438-04:00
"Ind55SColes_ADairy, Eggs & Fridge_SAMilk_IColes Lite Milk Bottle | 1L",Coles Lite Milk Bottle | 1L,Coles,"Dairy, Eggs & Fridge",Milk,Full cream milk,,$1.60,,,$1.60 per 1L,1994634,All our fresh milk is 100% Australian milk. This milk is bottled by an Australian Farming Co-op.,,,"Per 100g/ml
Per Serving
%DI
Energy
189
473
5
Total Fat
1.3
3.3
5
Saturated Fat
0.90
2.25
Sugars
4.90
12.25
Energy (Cal)
45
113
Dietary Fibre (total)
0.00
0.00
* Percentage Daily Intakes are based on an average adult diet of 8700 kJ. Your daily intakes may be higher or lower depending on your energy needs.",,https://www.coles.com.au/product/coles-lite-milk-bottle-1l-1994634,,,2024-06-17T22:29:12.083720-04:00
"Ind55SColes_ADairy, Eggs & Fridge_SAMilk_IDairy Farmers Classic Chocolate Flavoured Milk | 500mL",Dairy Farmers Classic Chocolate Flavoured Milk | 500mL,Dairy Farmers,"Dairy, Eggs & Fridge",Milk,Milk flavoured,,$3.20,,$3.60,$6.40 per 1L,3034188,"From Aussie farms for your family to enjoy - the Dairy Farmers brand has a rich heritage dating back to 1900. We're proud to honour the generous spirit of our farming communities by continuing to bring high quality and nutritious dairy products across milk, flavoured yoghurt, flavoured milk and culinary products .
Proudly Aussie made and owned
Made with fresh Australian milk
Milk is a natural source of protein
No artificial additives or preservatives
Enjoy as part of a healthy and balanced diet
Made in Australia from at least 98% Australian ingredients.
Rich in calcium.",,,"Per 100g/ml
Per Serving
%DI
Energy
302kJ
1510kJ
17.00%
Protein
3.2g
16.0g
32.00%
Total Fat
2.5g
12.5g
18.00%
Saturated Fat
1.6g
8.0g
33.00%
Carbohydrate
9.1g
45.5g
15.00%
Sugars
8.9g
44.5g
49.00%
Calcium
115mg
575mg
72% RDI*
Sodium
42mg
210mg
9.00%
Energy (Cal)
72Cal
360Cal
* Percentage Daily Intakes are based on an average adult diet of 8700 kJ. Your daily intakes may be higher or lower depending on your energy needs.",,https://www.coles.com.au/product/dairy-farmers-classic-chocolate-flavoured-milk-500ml-3034188,,,2024-06-17T22:29:24.965785-04:00
"Ind55SColes_ADairy, Eggs & Fridge_SAMilk_INorco Perfect Organic Milk | 2L",Norco Perfect Organic Milk | 2L,Norco,"Dairy, Eggs & Fridge",Milk,Specialty milk,,$5.50,,,$2.75 per 1L,1911615,"When it comes to pure, unadulterated, perfect milk, nothing goes past our Organic Full Cream Milk. Family friendly and environmentally friendly too. The lucky cows living on our lush certified organic farms spend their days grazing in rich green pastures, free from synthetic pesticides, fertilizers, and herbicides. Not only is this good news for you and your family, it's also good news for our delicate environment.
100% Australian Farmer Owned

Permeate Free

Australian Certified Organic

38% Daily Calcium",,,"Per 100g/ml
Per Serving
%DI
Energy
261kJ
653kJ
8.0%
Protein
3.6g
9.0g
18.0%
Total Fat
3.3g
8.3g
12.0%
Saturated Fat
2.4g
6.0g
25.0%
Carbohydrate
4.5g
11.3g
13.0%
Sugars
4.5g
11.3g
13.0%
Calcium
123mg
308mg
38.0%
Sodium
43mg
108mg
5.0%
Monounsaturated
0
0
0
Energy (Cal)
63Cal
157Cal
0
Dietary Fibre (total)
0
0
0
Polyunsaturated
0
0
0
Trans
0
0
0
* Percentage Daily Intakes are based on an average adult diet of 8700 kJ. Your daily intakes may be higher or lower depending on your energy needs.",,https://www.coles.com.au/product/norco-perfect-organic-milk-2l-1911615,,,2024-06-17T22:29:37.039092-04:00
"Ind55SColes_ADairy, Eggs & Fridge_SAMilk_IBreaka Chocolate Flavoured Milk | 500mL",Breaka Chocolate Flavoured Milk | 500mL,Breaka,"Dairy, Eggs & Fridge",Milk,Milk flavoured,,$2.95,,$3.80,$5.90 per 1L,7889428,"Breaka Chocolate Flavoured Milk is a chocolate flavoured milk, which is made in QLD. It contains at least 40% less fat than full cream milk. Breaka Flavoured Milk - The Flavour of Fun!
Breaka Flavoured Milk - The Flavour of Fun!

Contains at least 40% less fat than full cream milk.

Made in QLD

Chocolate Flavoured Milk

Flavoured milk",,,"Per 100g/ml
Per Serving
%DI
Energy
298 kJ
745 kJ
Protein
3.2 g
8.0 g
Total Fat
1.8 g
4.5 g
Saturated Fat
1.2 g
3.0 g
Carbohydrate
10.3 g
25.8 g
Sugars
10.1 g
25.3 g
Calcium
109 mg
273 mg
34% RDI*
Sodium
37 mg
93 mg
Energy (Cal)
71 Cal
178 Cal
* Percentage Daily Intakes are based on an average adult diet of 8700 kJ. Your daily intakes may be higher or lower depending on your energy needs.",,https://www.coles.com.au/product/breaka-chocolate-flavoured-milk-500ml-7889428,,,2024-06-17T22:57:28.211601-04:00
"Ind55SColes_ADairy, Eggs & Fridge_SAMilk_IYakult Fermented Probiotic Milk 5 pack | 65mL",Yakult Fermented Probiotic Milk 5 pack | 65mL,Yakult,"Dairy, Eggs & Fridge",Milk,Probiotic milk,,$4.00,,,$12.31 per 1L,5484243,"Yakult is a refreshing fermented milk drink containing 6.5 billion of its unique probiotic, the Live Shirota strain, proven to survive strong stomach acids to reach your intestines alive, for digestive balance and intestinal health.
- no artificial colours
- low fat
- no preservatives
- gluten free
- Made fresh in Australia daily
- low lactose
For everybody, every day.",,,"Per 100g/ml
Per Serving
%DI
Energy
323kJ
210kJ
Protein
1.3g
0.8g
Total Fat
<0.1g
<0.1g
Saturated Fat
<0.1g
<0.1g
Carbohydrate
17.7g
11.5g
Sugars
17.2g
11.2g
Sodium
15.5mg
10.1mg
* Percentage Daily Intakes are based on an average adult diet of 8700 kJ. Your daily intakes may be higher or lower depending on your energy needs.",,https://www.coles.com.au/product/yakult-fermented-probiotic-milk-5-pack-65ml-5484243,,,2024-06-17T22:57:40.833503-04:00
"Ind55SColes_ADairy, Eggs & Fridge_SAMilk_IRokeby Farms Probiotic Filmjolk Natural Yoghurt | 750g",Rokeby Farms Probiotic Filmjolk Natural Yoghurt | 750g,Rokeby Farms,"Dairy, Eggs & Fridge",Milk,Probiotic milk,,$4.00,,$5.00,$0.53 per 100g,3186561,"Filmjolk is a traditional cultured yoghurt from Sweden that dates back to the Viking days. Made with fresh milk sourced from local Gippsland farms, our probiotic yoghurt is slow fermented the authentic Swedish way.With 15 live and active cultures and 50+ billion good bacteria per serve, probiotic yoghurt helps maintain healthy gut flora and regulate your digestive system.Natural probiotic yoghurt with 15 cultures and probiotics. 50+ billion good bacteria 15 live cultures & probiotics Fresh yoghurt For digestive health",,,"Per 100g/ml
Per Serving
%DI
Energy
267kJ
669kJ
Protein
3.5g
8.7g
Total Fat
3.9g
9.6g
Saturated Fat
2.6g
6.5g
Carbohydrate
3.9g
9.6g
Sugars
3g
7.5g
Lactose
0.5g
1.2g
Calcium
132mg
330mg
Sodium
39mg
96mg
Galactose
2.5g
6.3g
* Percentage Daily Intakes are based on an average adult diet of 8700 kJ. Your daily intakes may be higher or lower depending on your energy needs.",,https://www.coles.com.au/product/rokeby-farms-probiotic-filmjolk-natural-yoghurt-750g-3186561,,,2024-06-17T22:57:51.537519-04:00
"Ind55SColes_ADairy, Eggs & Fridge_SAMilk_IDairy Farmers Classic Strawberry Flavoured Milk | 300mL",Dairy Farmers Classic Strawberry Flavoured Milk | 300mL,Dairy Farmers,"Dairy, Eggs & Fridge",Milk,Milk flavoured,,$1.90,,$2.50,$6.33 per 1L,3034166,"From Aussie farms for your family to enjoy - the Dairy Farmers brand has a rich heritage dating back to 1900. We're proud to honour the generous spirit of our farming communities by continuing to bring high quality and nutritious dairy products across milk, flavoured yoghurt, flavoured milk and culinary products .
Proudly Aussie made and owned
Made with fresh Australian milk
Milk is a natural source of protein
No artificial additives or preservatives
Enjoy as part of a healthy and balanced diet
Made in Australia from at least 98% Australian ingredients.
Rich in calcium.",,,"Per 100g/ml
Per Serving
%DI
Energy
293kJ
879kJ
10.00%
Protein
3.2g
9.6g
19.00%
Total Fat
2.5g
7.5g
11.00%
Saturated Fat
1.6g
4.8g
20.00%
Carbohydrate
8.6g
25.8g
8.00%
Sugars
8.6g
25.8g
29.00%
Calcium
117mg
351mg
44% RDI*
Sodium
43mg
129mg
6.00%
Energy (Cal)
70Cal
210Cal
* Percentage Daily Intakes are based on an average adult diet of 8700 kJ. Your daily intakes may be higher or lower depending on your energy needs.",,https://www.coles.com.au/product/dairy-farmers-classic-strawberry-flavoured-milk-300ml-3034166,,,2024-06-17T22:58:02.484188-04:00
"Ind55SColes_ADairy, Eggs & Fridge_SAMilk_IBreaka Strawberry Flavoured Milk | 2L",Breaka Strawberry Flavoured Milk | 2L,Breaka,"Dairy, Eggs & Fridge",Milk,Milk flavoured,,$6.00,,,$3.00 per 1L,485588,"Breaka Strawberry Flavoured Milk is a Strawberry flavoured milk, which is made in QLD. It contains at least 40% less fat than full cream milk. Breaka Flavoured Milk - The Flavour of Fun!
Strawberry flavoured milk

Breaka Flavoured milk - The Flavour of Fun!

Made in QLD.

Contains at least 40% less fat than full cream milk

Flavoured Milk",,,"Per 100g/ml
Per Serving
%DI
Energy
274 kJ
685 kJ
Protein
3.2 g
8.0 g
Total Fat
1.8 g
4.5 g
Saturated Fat
1.2 g
3.0 g
Carbohydrate
9.0 g
22.5 g
Sugars
9.0 g
22.5 g
Calcium
112 mg
280 mg
35% RDI*
Sodium
37 mg
93 mg
Energy (Cal)
66 Cal
164 Cal
* Percentage Daily Intakes are based on an average adult diet of 8700 kJ. Your daily intakes may be higher or lower depending on your energy needs.",,https://www.coles.com.au/product/breaka-strawberry-flavoured-milk-2l-485588,,,2024-06-17T22:58:13.490261-04:00
"Ind55SColes_ADairy, Eggs & Fridge_SAMilk_INorco Super Skim Milk | 2L",Norco Super Skim Milk | 2L,Norco,"Dairy, Eggs & Fridge",Milk,Skim & low fat milk,,$4.50,,,$2.25 per 1L,5979304,"Our 99% fat free Skim Milk is perfect for the healthy at heart. It's also a rich source of essential nutrients such as protein and Calcium.
100% Australian Farmer Owned

Permeate Free

99% Fat Free

41% Daily Calcium",,,"Per 100g/ml
Per Serving
%DI
Energy
154kJ
385kJ
4.00%
Protein
3.8g
9.5g
19.00%
Total Fat
0.1g
0.3g
0.00%
Saturated Fat
0.1g
0.3g
1.00%
Carbohydrate
5.2g
13.0g
4.00%
Sugars
5.2g
13.0g
14.00%
Calcium
132mg
330mg
41.00%
Sodium
44mg
110mg
5.00%
Monounsaturated
0
0
0
Energy (Cal)
37Cal
92Cal
0
Dietary Fibre (total)
0
0
0
Polyunsaturated
0
0
0
Trans
0
0
0
* Percentage Daily Intakes are based on an average adult diet of 8700 kJ. Your daily intakes may be higher or lower depending on your energy needs.",,https://www.coles.com.au/product/norco-super-skim-milk-2l-5979304,,,2024-06-17T22:58:24.537964-04:00
"Ind55SColes_ADairy, Eggs & Fridge_SAMilk_IOak Strawberry Flavoured Milk | 600mL",Oak Strawberry Flavoured Milk | 600mL,Oak,"Dairy, Eggs & Fridge",Milk,Milk flavoured,,$3.90,Pick any 2 for $5,,$6.50 per 1L,13080,"An Australian favourite for more than 40 years with its wide range of rich, creamy and authentic flavours - OAK is always the answer.",,,"Per 100g/ml
Per Serving
%DI
Energy
380
1140
Protein
3.4
10.2
Total Fat
3.5
10.5
Saturated Fat
2.3
6.9
Carbohydrate
11.4
34.2
Sugars
11.4
34.2
Calcium
117
351
Sodium
39
117
* Percentage Daily Intakes are based on an average adult diet of 8700 kJ. Your daily intakes may be higher or lower depending on your energy needs.",,https://www.coles.com.au/product/oak-strawberry-flavoured-milk-600ml-13080,,,2024-06-17T22:58:36.505475-04:00
"Ind55SColes_ADairy, Eggs & Fridge_SAMilk_IRokeby Farms Nas Banana Honey Cinnamon Smoothie | 425mL",Rokeby Farms Nas Banana Honey Cinnamon Smoothie | 425mL,Rokeby Farms,"Dairy, Eggs & Fridge",Milk,Milk flavoured,,$4.65,,,$10.94 per 1L,3905307,"A 'whole protein' provides all nine essential amino acids which your body needs but can't produce on its own, so it must be supplied daily from food.
Protein is essential for the building and recovery of muscle tissue and organs. Research has also shown that eating a protein-rich breakfast can help stimulate and sustain a feeling of fullness and set the tone for your day.
A classic banana smoothie with a warming drop of honey and sprinkle of cinnamon.
High protein
High calcium
Fresh milk
Low fat
Low lactose
No powders or soy
For our full range of products & more, visit our website www.rokebyfarms.com.au and follow us @rokebyfarms",,,"Per 100g/ml
Per Serving
%DI
Energy
249kJ
1058kJ
Protein
7.1g
30g
Total Fat
1.5g
6.4g
Saturated Fat
1.1g
4.7g
Carbohydrate
4.4g
18.7g
Sugars
3.9g
16.6g
Lactose
0.5g
2.1g
Calcium
196mg
833mg
Sodium
26mg
111mg
Galactose
0.8g
3.4g
* Percentage Daily Intakes are based on an average adult diet of 8700 kJ. Your daily intakes may be higher or lower depending on your energy needs.",,https://www.coles.com.au/product/rokeby-farms-nas-banana-honey-cinnamon-smoothie-425ml-3905307,,,2024-06-17T22:58:47.796813-04:00
"Ind55SColes_ADairy, Eggs & Fridge_SAMilk_IOak Plus No Added Sugar Vanilla Flavoured Milk + Protein | 500mL",Oak Plus No Added Sugar Vanilla Flavoured Milk + Protein | 500mL,Oak,"Dairy, Eggs & Fridge",Milk,Milk flavoured,,$3.90,,,$7.80 per 1L,3900733,"You're sweating hungrythirsty from the eyeballs. Time for an OAK Plus. It's a full strength full on protein punch to the jugular of hungrythirsty that'll wake your spaghetti legs from their siesta. No sugar added? It's proof that even with one fist tied behind its back, OAK still kills hungrythirsty dead.
30g dairy protein

No sugar added

Muscle recovery",,,"Per 100g/ml
Per Serving
%DI
Energy
244kJ
1220kJ
Protein
6.0g
30.0g
Total Fat
1.4g
7.0g
Saturated Fat
0.9g
4.5g
Carbohydrate
5.3g
26.5g
Sugars
5.3g
26.5g
Calcium
194mg
970mg
121% RDI*
Sodium
52mg
260mg
Dietary Fibre (total)
0.2g
1.0g
* Percentage Daily Intakes are based on an average adult diet of 8700 kJ. Your daily intakes may be higher or lower depending on your energy needs.",,https://www.coles.com.au/product/oak-plus-no-added-sugar-vanilla-flavoured-milk-+-protein-500ml-3900733,,,2024-06-17T22:59:00.038709-04:00
"Ind55SColes_ADairy, Eggs & Fridge_SAMilk_IVitasoy Almond Milky Low Sugar | 1L",Vitasoy Almond Milky Low Sugar | 1L,Vitasoy,"Dairy, Eggs & Fridge",Milk,Soy & almond milk,,$3.10,,,$3.10 per 1L,5638700,,,,,,https://www.coles.com.au/product/vitasoy-almond-milky-low-sugar-1l-5638700,,,2024-06-17T22:59:08.999124-04:00
"Ind55SColes_ADairy, Eggs & Fridge_SAMilk_IBreaka Strawberry Flavoured Milk | 500mL",Breaka Strawberry Flavoured Milk | 500mL,Breaka,"Dairy, Eggs & Fridge",Milk,Milk flavoured,,$2.95,,$3.80,$5.90 per 1L,7889417,"Breaka Strawberry Flavoured Milk is a Strawberry flavoured milk, which is made in QLD. It contains at least 40% less fat than full cream milk. Breaka Flavoured Milk - The Flavour of Fun!
Strawberry Flavoured milk

Contains at least 40% less fat than full cream milk

Made in QLD

Flavour of Fun!

Flavoured Milk",,,"Per 100g/ml
Per Serving
%DI
Energy
274 kJ
682 kJ
Protein
3.2 g
8.0 g
Total Fat
1.8 g
4.5 g
Saturated Fat
1.2 g
3.0 g
Carbohydrate
9.0 g
22.5 g
Sugars
9.0 g
22.5 g
Calcium
112 mg
280 mg
35 % RDI *
Sodium
37 mg
93 mg
Energy (Cal)
66 Cal
164 Cal
* Percentage Daily Intakes are based on an average adult diet of 8700 kJ. Your daily intakes may be higher or lower depending on your energy needs.",,https://www.coles.com.au/product/breaka-strawberry-flavoured-milk-500ml-7889417,,,2024-06-17T22:59:20.087141-04:00
"Ind55SColes_ADairy, Eggs & Fridge_SAMilk_IColes Lite Milk | 2L",Coles Lite Milk | 2L,Coles,"Dairy, Eggs & Fridge",Milk,Full cream milk,,$3.10,,,$1.55 per 1L,8203090,COLES IS COMMITTED TO BRINGING YOU HIGH QUALITY FRESH MILK FROM DAIRY FARMS ACROSS AUSTRALIA,,,"Per 100g/ml
Per Serving
%DI
Energy
198
495
6
Protein
3.4
8.5
17
Total Fat
1.3
3.3
5
Saturated Fat
0.90
2.25
Sugars
4.90
12.25
Dietary Fibre (total)
0.00
0.00
* Percentage Daily Intakes are based on an average adult diet of 8700 kJ. Your daily intakes may be higher or lower depending on your energy needs.",,https://www.coles.com.au/product/coles-lite-milk-2l-8203090,,,2024-06-17T22:59:31.278628-04:00
"Ind55SColes_ADairy, Eggs & Fridge_SAMilk_IPauls Bluey Chocolate Flavoured Milk | 250mL",Pauls Bluey Chocolate Flavoured Milk | 250mL,Pauls,"Dairy, Eggs & Fridge",Milk,Milk flavoured,,$2.30,,,$9.20 per 1L,4165498,"BLUEY TM and BLUEY character logos TM &  Ludo Studio Pty Ltd 2018.
30% Less Sugar
No Artificial Flavours or Sweeteners
Good source of Calcium
Chocolate flavoured milk
Australian Milk",,,"Per 100g/ml
Per Serving
%DI
Energy
235 kJ
587 kJ
Protein
3.8 g
9.5 g
Total Fat
1.3 g
3.2 g
Saturated Fat
0.8 g
2.0 g
Carbohydrate
7.1 g
17.7 g
Sugars
7.1 g
17.7 g
Calcium
131 mg
327 mg
40% RDI*
Sodium
48 mg
120 mg
Energy (Cal)
56 Cal
140 Cal
Dietary Fibre (total)
0.2 g
0.5 g
* Percentage Daily Intakes are based on an average adult diet of 8700 kJ. Your daily intakes may be higher or lower depending on your energy needs.",,https://www.coles.com.au/product/pauls-bluey-chocolate-flavoured-milk-250ml-4165498,,,2024-06-17T22:59:47.869527-04:00
"Ind55SColes_ADairy, Eggs & Fridge_SAMilk_IDairy Farmers Caramel Flavoured Milk | 500mL",Dairy Farmers Caramel Flavoured Milk | 500mL,Dairy Farmers,"Dairy, Eggs & Fridge",Milk,Milk flavoured,,$3.20,,$3.60,$6.40 per 1L,3897898,"From Aussie farms for your family to enjoy - the Dairy Farmers brand has a rich heritage dating back to 1900. We're proud to honour the generous spirit of our farming communities by continuing to bring high quality and nutritious dairy products across milk, flavoured yoghurt, flavoured milk and culinary products .
Proudly Aussie made and owned
Made with fresh Australian milk
Milk is a natural source of protein
No artificial additives or preservatives
Enjoy as part of a healthy and balanced diet
Made in Australia from at least 98% Australian ingredients.
Rich in calcium.",,,"Per 100g/ml
Per Serving
%DI
Energy
298kJ
1490kJ
17.00%
Protein
3.2g
16.0g
32.00%
Total Fat
2.5g
12.5g
18.00%
Saturated Fat
1.6g
8.0g
33.00%
Carbohydrate
8.9g
44.5g
14.00%
Sugars
8.5g
42.5g
47.00%
Calcium
117mg
585mg
73% RDI*
Sodium
65mg
325mg
14.00%
Energy (Cal)
71Cal
355Cal
Dietary Fibre (total)
0.0g
0.0g
0.00%
* Percentage Daily Intakes are based on an average adult diet of 8700 kJ. Your daily intakes may be higher or lower depending on your energy needs.",,https://www.coles.com.au/product/dairy-farmers-caramel-flavoured-milk-500ml-3897898,,,2024-06-17T22:59:58.854703-04:00
"Ind55SColes_ADairy, Eggs & Fridge_SACoffee_IMelitta Blue Mountain Style Medium Roast Ground Coffee | 250g",Melitta Blue Mountain Style Medium Roast Ground Coffee | 250g,Melitta,"Dairy, Eggs & Fridge",Coffee,Ground coffee,,$4.80,,$6.30,$1.92 per 100g,344076,"Melitta BLUE MOUNTAIN STYLE is both a delightful start to the day, and for the little moments in everyday life. Its smooth taste and fruity notes from gently roasted aromatic Arabica beans make it the perfect compliment to your day.
100% Arabica beans Highest quality

Established 1908 for a long standing history for guaranteed consistency in quality

Roasted with expertise so you can enjoy the flavour suited to you every time

Sealed vacuum pack to lock in and preserve the special flavours",,,,,https://www.coles.com.au/product/melitta-blue-mountain-style-medium-roast-ground-coffee-250g-344076,,,2024-06-17T23:26:25.588403-04:00
"Ind55SColes_ADairy, Eggs & Fridge_SAMilk_INorco Full Cream Milk | 3L",Norco Full Cream Milk | 3L,Norco,"Dairy, Eggs & Fridge",Milk,Full cream milk,,$6.25,,,$2.08 per 1L,7871660,"Our full cream milk is still brought to you by a co-operative of passionate Norco dairy farmers in Northern New South Wales and South East Queensland and always will be. It's permeate free, and chock-full of protein, Calcium, and other goodness. Actually, come to think of it, the only things we have added over the years are awards!
100% Australian Farmer Owned

Permeate Free

Award Winning

38% Daily Calcium",,,"Per 100g/ml
Per Serving
%DI
Energy
271kJ
678kJ
8.00%
Protein
3.3g
8.3g
17.00%
Total Fat
3.6g
9g
13.00%
Saturated Fat
2.4g
6g
25.00%
Carbohydrate
4.8g
12g
4.00%
Sugars
4.8g
12g
13.00%
Calcium
123mg
308mg
38.00%
Sodium
39mg
98mg
4.00%
Monounsaturated
0
0
0
Energy (Cal)
65Cal
163Cal
0
Dietary Fibre (total)
0
0
0
Polyunsaturated
0
0
0
Trans
0
0
0
* Percentage Daily Intakes are based on an average adult diet of 8700 kJ. Your daily intakes may be higher or lower depending on your energy needs.",,https://www.coles.com.au/product/norco-full-cream-milk-3l-7871660,,,2024-06-17T23:26:36.864462-04:00
"Ind55SColes_ADairy, Eggs & Fridge_SAMilk_INorco Lite Plain Milk | 3L",Norco Lite Plain Milk | 3L,Norco,"Dairy, Eggs & Fridge",Milk,Full cream milk,,$6.25,,,$2.08 per 1L,4187832,"We are passionate about making the best tasting milk possible. That means that our Norco Low Fat milk with 60% less fat is no exception. Our Norco Low Fat milk takes the very best that our milk has to offer with 60% less fat. With a smooth, rich, creamy taste, Norco Low Fat milk is the healthier alternative to full cream milk without compromising on taste!",,,"Per 100g/ml
Per Serving
%DI
Energy
191kJ
478kJ
5%
Protein
3.4g
8.5g
17%
Total Fat
1.3g
3.3g
5%
Saturated Fat
0.9g
2.3g
9%
Carbohydrate
4.9g
12.3g
4%
Sugars
4.9g
12.3g
14%
Calcium
126mg
315mg
39%
Sodium
43mg
108mg
5%
* Percentage Daily Intakes are based on an average adult diet of 8700 kJ. Your daily intakes may be higher or lower depending on your energy needs.",,https://www.coles.com.au/product/norco-lite-plain-milk-3l-4187832,,,2024-06-17T23:26:48.627256-04:00
"Ind55SColes_ADairy, Eggs & Fridge_SAMilk_IPauls Trim Low Fat Milk | 1L",Pauls Trim Low Fat Milk | 1L,Pauls,"Dairy, Eggs & Fridge",Milk,Skim & low fat milk,,$3.30,,,$3.30 per 1L,8323193,"At Pauls, we love dairy. We're pretty passionate about making great tasting products packed with real dairy goodness. We put that devotion into every Pauls milk, cream, custard and yoghurt we make.
Pauls Trim is a natural source of calcium, protein, vitamins and minerals, which are important for good nutrition, while also being lower in fat, making it a great choice for you and your family.
Made from Australian milk.
Made from Australian milk

Good source of calcium

Source of protein

6 vitamins and minerals

Low Fat Milk",,,"Per 100g/ml
Per Serving
%DI
Energy
194 kJ
485 kj
Protein
3.2 g
8.0 g
Total Fat
1.2 g
3.0 g
Saturated Fat
0.8 g
2.0 g
Carbohydrate
5.5 g
13.8 g
Sugars
5.5 g
13.8 g
Vitamin B2
0.16 mg
0.40 mg
24% RDI*
Calcium
113 mg
283 mg
35% RDI*
Iron
0
0
Vitamin A
0
0
Coenzyme Q10
0
0
Vitamin E
0
0
Vitamin C
0
0
Dietary Fibre (total)
0
0
Omega - 6
0
0
Magnesium
0
0
Selenium
0
0
Copper
0
0
Trans
0
0
Iodine
20 ug
49 ug
33% RDI*
Bioflavoids
0
Folic Acid
0
0
Biotin
0
0
Molybdenum
0
0
Zinc
0
0
Sodium
37 mg
93 mg
Choline
0
0
Monounsaturated
0
0
Chromium
0
0
Polyunsaturated
0
0
Potassium
147 mg
368 mg
Manganese
0
0
* Percentage Daily Intakes are based on an average adult diet of 8700 kJ. Your daily intakes may be higher or lower depending on your energy needs.",,https://www.coles.com.au/product/pauls-trim-low-fat-milk-1l-8323193,,,2024-06-17T23:26:59.721384-04:00
"Ind55SColes_ADairy, Eggs & Fridge_SAMilk_INorco Lactose Free Lite Milk | 1L",Norco Lactose Free Lite Milk | 1L,Norco,"Dairy, Eggs & Fridge",Milk,Specialty milk,,$3.10,,,$3.10 per 1L,2465151,"Norco Lactose Free Lite Milk has the delicious creamy taste of milk without the lactose and 60% less fat. Meaning its gentle on the stomach as well as the waistline! A natural, healthy choice for the whole family.
100% Australian Farmer Owned

Easy To Digest

Low Fat

41% Daily Calcium",,,"Per 100g/ml
Per Serving
%DI
Energy
184kJ
460kJ
5.00%
Protein
3.6g
9g
18.00%
Total Fat
1.3g
3.3g
5.00%
Saturated Fat
0.9g
2.3g
9.00%
Carbohydrate
4.6g
11.5g
4.00%
Sugars
4.6g
11.5g
13.00%
Calcium
132mg
330mg
41.00%
Lactose
0g
0g
0
Sodium
41mg
103mg
4.00%
Monounsaturated
0
0
0
Energy (Cal)
44Cal
110Cal
0
Dietary Fibre (total)
0
0
0
Polyunsaturated
0
0
0
Galactose
2.3g
5.8g
0
Trans
0
0
0
* Percentage Daily Intakes are based on an average adult diet of 8700 kJ. Your daily intakes may be higher or lower depending on your energy needs.",,https://www.coles.com.au/product/norco-lactose-free-lite-milk-1l-2465151,,,2024-06-17T23:27:10.760863-04:00
"Ind55SColes_ADairy, Eggs & Fridge_SAMilk_IOak Violet Crumble Flavoured Milk | 600mL",Oak Violet Crumble Flavoured Milk | 600mL,Oak,"Dairy, Eggs & Fridge",Milk,Milk flavoured,,$3.90,Pick any 2 for $5,,$6.50 per 1L,7840597,"Hungrythirsty thinks it won't crumble under pressure. Dream on. Enter OAK Violet Crumble with its full-on honeycomb flavour explosion, teamed with delicious milk chocolate to land the final blow. Feeling shattered? That's all that matters.",,,"Per 100g/ml
Per Serving
%DI
Energy
362 kJ
1090 kJ
Protein
3.4 g
10.2 g
Total Fat
3.4 g
10.2 g
Saturated Fat
2.2 g
6.6 g
Carbohydrate
10.5 g
31.5 g
Sugars
10.1 g
30.3 g
Calcium
115 mg
345 mg
43%
Sodium
62 mg
186 mg
* Percentage Daily Intakes are based on an average adult diet of 8700 kJ. Your daily intakes may be higher or lower depending on your energy needs.",,https://www.coles.com.au/product/oak-violet-crumble-flavoured-milk-600ml-7840597,,,2024-06-17T23:27:22.834268-04:00
"Ind55SColes_ADairy, Eggs & Fridge_SAMilk_IBoss Double Espresso Coffee | 237mL",Boss Double Espresso Coffee | 237mL,Boss,"Dairy, Eggs & Fridge",Milk,Milk flavoured,,$3.50,,$4.00,$14.77 per 1L,4476727,"Suntory BOSS Coffee Iced Double Espresso with a dash of milk. A Brazilian blend coffee. Brewed hot or chilled fast. No. 1 canned coffee in Japan (intage, 2020).",,,"Per 100g/ml
Per Serving
%DI
Energy
155kJ
367kJ
4%
Protein
<1g
1.9g
4%
Total Fat
<1g
1.4g
2%
Saturated Fat
<1g
<1g
3%
Carbohydrate
7.1g
16.8g
5%
Sugars
6.2g
14.6g
16%
Sodium
50mg
120mg
5%
Energy (Cal)
37.0kcal
87.7kcal
* Percentage Daily Intakes are based on an average adult diet of 8700 kJ. Your daily intakes may be higher or lower depending on your energy needs.",,https://www.coles.com.au/product/boss-double-espresso-coffee-237ml-4476727,,,2024-06-17T23:27:34.027013-04:00
"Ind55SColes_ADairy, Eggs & Fridge_SAMilk_IOak Vanilla Malt Flavoured Milk | 600ml",Oak Vanilla Malt Flavoured Milk | 600ml,Oak,"Dairy, Eggs & Fridge",Milk,Milk flavoured,,$3.90,Pick any 2 for $5,,$6.50 per 1L,9274050,"What's hungrythirsty? Reading a carton, that's what. It's a state of weak indecision when you're neither hungry nor thirsty but a bit of both. So the only thing you're sure of is being not sure. Kill two birds with one steel meteorite of milk - it's full strength, full flavour, full on - in a range of flavours. OAK deals with hungrythirsty like a combine harvester deals with soft toys. Don't ask how we know this.",,,"Per 100g/ml
Per Serving
%DI
Energy
385 kJ
1155 kJ
Protein
3.6 g
10.8 g
Total Fat
3.6 g
10.8 g
Saturated Fat
2.4 g
7.2 g
Carbohydrate
11.2 g
33.6 g
Sugars
10.5 g
31.5 g
Calcium
117 mg
351 mg
44%
Sodium
40 mg
120 mg
* Percentage Daily Intakes are based on an average adult diet of 8700 kJ. Your daily intakes may be higher or lower depending on your energy needs.",,https://www.coles.com.au/product/oak-vanilla-malt-flavoured-milk-600ml-9274050,,,2024-06-17T23:27:45.198370-04:00
"Ind55SColes_ADairy, Eggs & Fridge_SAMilk_IIce Break Regular Strength Iced Coffee Flavoured Milk | 2L",Ice Break Regular Strength Iced Coffee Flavoured Milk | 2L,Ice Break,"Dairy, Eggs & Fridge",Milk,Milk flavoured,,$6.80,,,$3.40 per 1L,4569839,Ice Break Regular Strength is a 2 shot real coffee recharge made with Aussie milk.,,,"Per 100g/ml
Per Serving
%DI
Energy
289 kJ
1445 kJ
Protein
3.3 g
16.5 g
Total Fat
1.6 g
8.0 g
Saturated Fat
1.0 g
5.0 g
Carbohydrate
10.3 g
51.5 g
Sugars
9.8 g
49.0 g
Calcium
109 mg
545 mg
68% RDI
Sodium
37 mg
185 mg
Energy (Cal)
69
345
Caffeine
29 mg
145 mg
* Percentage Daily Intakes are based on an average adult diet of 8700 kJ. Your daily intakes may be higher or lower depending on your energy needs.",,https://www.coles.com.au/product/ice-break-regular-strength-iced-coffee-flavoured-milk-2l-4569839,,,2024-06-17T23:27:56.499063-04:00
"Ind55SColes_ADairy, Eggs & Fridge_SAMilk_IIce Break Iced Coffee Triple Shot | 750mL",Ice Break Iced Coffee Triple Shot | 750mL,Ice Break,"Dairy, Eggs & Fridge",Milk,Milk flavoured,,$3.90,,$4.95,$5.20 per 1L,8224533,Ice Break Triple Shot is a 3 shot real coffee recharge made with Aussie milk.,,,"Per 100g/ml
Per Serving
%DI
Energy
293
1465
Protein
3.3g
16.5g
Total Fat
1.6g
8.0g
Saturated Fat
1.0g
5.0g
Carbohydrate
10.5g
52.5g
Sugars
9.9g
49.5g
Calcium
108mg
540mg
67% RDI*
Sodium
36mg
180mg
Energy (Cal)
70
350
Caffeine
41mg
205mg
* Percentage Daily Intakes are based on an average adult diet of 8700 kJ. Your daily intakes may be higher or lower depending on your energy needs.","REDUCED FAT MILK, SUGAR, COFFEE (1%), MILK SOLIDS.",https://www.coles.com.au/product/ice-break-iced-coffee-triple-shot-750ml-8224533,,,2024-06-17T23:28:08.114069-04:00
"Ind55SColes_ADairy, Eggs & Fridge_SAMilk_IColes Organic Lite Milk | 1L",Coles Organic Lite Milk | 1L,Coles,"Dairy, Eggs & Fridge",Milk,Specialty milk,,$2.60,,,$2.60 per 1L,3227160,"Coles certified organic products are grown and pasturised without the use of synthetic chemicals, fertilisers, pesticides, or herbicides. Organic farming uses production practices for a sustainable future",,,"Per 100g/ml
Per Serving
%DI
Energy
186.97
467.43
Protein
3.78
9.45
Carbohydrate
4.65
11.63
Sugars
4.45
11.13
Calcium
128.00
320.00
Sodium
41.00
102.50
Saturated
0.85
2.13
Energy (Cal)
44.73
111.82
Fat
1.18
2.95
Dietary Fibre (total)
0.00
0.00
* Percentage Daily Intakes are based on an average adult diet of 8700 kJ. Your daily intakes may be higher or lower depending on your energy needs.",,https://www.coles.com.au/product/coles-organic-lite-milk-1l-3227160,,,2024-06-17T23:28:19.082677-04:00
"Ind55SColes_ADairy, Eggs & Fridge_SAMilk_IDairy Farmers Classic Chocolate Flavoured Milk | 500mL",Dairy Farmers Classic Chocolate Flavoured Milk | 500mL,Dairy Farmers,"Dairy, Eggs & Fridge",Milk,Milk flavoured,,$3.20,,$3.60,$6.40 per 1L,3034188,"From Aussie farms for your family to enjoy - the Dairy Farmers brand has a rich heritage dating back to 1900. We're proud to honour the generous spirit of our farming communities by continuing to bring high quality and nutritious dairy products across milk, flavoured yoghurt, flavoured milk and culinary products .
Proudly Aussie made and owned
Made with fresh Australian milk
Milk is a natural source of protein
No artificial additives or preservatives
Enjoy as part of a healthy and balanced diet
Made in Australia from at least 98% Australian ingredients.
Rich in calcium.",,,"Per 100g/ml
Per Serving
%DI
Energy
302kJ
1510kJ
17.00%
Protein
3.2g
16.0g
32.00%
Total Fat
2.5g
12.5g
18.00%
Saturated Fat
1.6g
8.0g
33.00%
Carbohydrate
9.1g
45.5g
15.00%
Sugars
8.9g
44.5g
49.00%
Calcium
115mg
575mg
72% RDI*
Sodium
42mg
210mg
9.00%
Energy (Cal)
72Cal
360Cal
* Percentage Daily Intakes are based on an average adult diet of 8700 kJ. Your daily intakes may be higher or lower depending on your energy needs.",,https://www.coles.com.au/product/dairy-farmers-classic-chocolate-flavoured-milk-500ml-3034188,,,2024-06-17T23:28:30.082798-04:00
"Ind55SColes_ADairy, Eggs & Fridge_SAMilk_INorco Lactose Free Full Cream Milk | 2L",Norco Lactose Free Full Cream Milk | 2L,Norco,"Dairy, Eggs & Fridge",Milk,Specialty milk,,$6.05,,,$3.03 per 1L,2918347,"If the naturally occurring sugars in dairy can be uncomfortable for you to digest, Norco Lactose Free Full Cream Milk has the delicious creamy taste of milk without the lactose. We have carefully crafted this milk with an enzyme that removes the lactose for a gentle on the stomach, great tasting milk!
100% Australian Farmer Owned

Easy To Digest

Permeate Free

38% Daily Calcium",,,"Per 100g/ml
Per Serving
%DI
Energy
271kJ
678kJ
8.00%
Protein
3.3g
8.3g
17.00%
Total Fat
3.6g
9g
13.00%
Saturated Fat
2.5g
6.3g
26.00%
Carbohydrate
4.8g
12g
4.00%
Sugars
4.8g
12g
13.00%
Calcium
123mg
308mg
38.00%
Lactose
0g
0g
0
Sodium
38mg
95mg
4.00%
Monounsaturated
0
0
0
Energy (Cal)
65Cal
163Cal
0
Dietary Fibre (total)
0
0
0
Polyunsaturated
0
0
0
Galactose
2.3g
5.6g
0
Trans
0
0
0
* Percentage Daily Intakes are based on an average adult diet of 8700 kJ. Your daily intakes may be higher or lower depending on your energy needs.",,https://www.coles.com.au/product/norco-lactose-free-full-cream-milk-2l-2918347,,,2024-06-17T23:28:41.680277-04:00
"Ind55SColes_ADairy, Eggs & Fridge_SAMilk_ICafe Peak Mega Hit Iced Coffee Latte | 240mL",Cafe Peak Mega Hit Iced Coffee Latte | 240mL,Cafe Peak,"Dairy, Eggs & Fridge",Milk,Milk flavoured,,$3.50,,,$14.58 per 1L,5443520,,,,,,https://www.coles.com.au/product/cafe-peak-mega-hit-iced-coffee-latte-240ml-5443520,,,2024-06-17T23:28:51.500881-04:00
"Ind55SColes_ADairy, Eggs & Fridge_SAMilk_IAnnie's Orchard Unsweetened Almond Milk | 1L",Annie's Orchard Unsweetened Almond Milk | 1L,Annies Orchard,"Dairy, Eggs & Fridge",Milk,Soy & almond milk,,$3.30,,,$3.30 per 1L,6450203,Annie's Orchard Unsweetened Almond Milk is made from whole almonds sourced from 100% local Aussie farms.,,,"Per 100g/ml
Per Serving
%DI
Energy
128kJ
320kJ
4%
Protein
1g
2.5g
5%
Total Fat
2.6g
6.5g
9%
Saturated Fat
0.2g
0.5g
2%
Carbohydrate
0.9g
2.3g
1%
Sugars
0.4g
1g
1%
Calcium
80mg
200mg
25%
Sodium
34mg
85mg
4%
Dietary Fibre (total)
1.9g
4.8g
16%
* Percentage Daily Intakes are based on an average adult diet of 8700 kJ. Your daily intakes may be higher or lower depending on your energy needs.",,https://www.coles.com.au/product/annie's-orchard-unsweetened-almond-milk-1l-6450203,,,2024-06-17T23:29:02.336828-04:00
"Ind55SColes_ADairy, Eggs & Fridge_SAMilk_IPauls Trim Low Fat Milk | 2L",Pauls Trim Low Fat Milk | 2L,Pauls,"Dairy, Eggs & Fridge",Milk,Skim & low fat milk,,$4.80,,,$2.40 per 1L,5468032,"AAt Pauls, we love dairy. We're pretty passionate about making great tasting products packed with real dairy goodness. We put that devotion into every Pauls milk, cream, custard and yoghurt we make.
Pauls Trim is a natural source of calcium, protein, vitamins and minerals, which are important for good nutrition, while also being lower in fat, making it a great choice for you and your family.

Made from Australian milk.
Australian Milk

Good source of calcium

Source of protein

6 vitamins and minerals

Low Fat Milk",,,"Per 100g/ml
Per Serving
%DI
Energy
194 kJ
485 kJ
Protein
3.2 g
8.0 g
Total Fat
1.2 g
3.0 g
Saturated Fat
0.8 g
2.0 g
Carbohydrate
5.5 g
13.8 g
Sugars
5.5 g
13.8 g
Vitamin B2
0.16 mg
0.40 mg
24% RDI*
Calcium
113 mg
283 mg
35% RDI*
Iron
0
0
Vitamin A
0
0
Coenzyme Q10
0
0
Vitamin E
0
0
Vitamin C
0
0
Dietary Fibre (total)
0
0
Omega - 6
0
0
Magnesium
0
0
Selenium
0
0
Copper
0
0
Trans
0
0
Iodine
20 ug
49 ug
33% RDI*
Bioflavoids
0
Folic Acid
0
0
Biotin
0
0
Molybdenum
0
0
Zinc
0
0
Sodium
37 mg
93 mg
Choline
0
0
Monounsaturated
0
0
Chromium
0
0
Polyunsaturated
0
0
Potassium
147 mg
368 mg
Manganese
0
0
* Percentage Daily Intakes are based on an average adult diet of 8700 kJ. Your daily intakes may be higher or lower depending on your energy needs.",,https://www.coles.com.au/product/pauls-trim-low-fat-milk-2l-5468032,,,2024-06-17T23:29:13.410915-04:00
"Ind55SColes_ADairy, Eggs & Fridge_SAMilk_IA2 Full Cream Milk | 3L",A2 Full Cream Milk | 3L,A2,"Dairy, Eggs & Fridge",Milk,Specialty milk,,$9.90,,,$3.30 per 1L,3186175,"a2 Milk is no ordinary milk!

It is real milk that may be easier on digestion for some people*.

As the number 1 producer of A1 protein free milk in Australia, our purpose is to pioneer the future of dairy for good.


For more information on the a2 Milk difference visit www.a2milk.com.au

*a2 Milk comes from cows specially selected to naturally produce milk with only the A2-type beta-casein protein so may be easier on digestion than ordinary milk for some milk intolerant individuals when consumed as part of a healthy, varied diet.
All natural with no additives, this delicious and creamy fresh milk with less than 4g of fat per 100mL

Easier on digestion for some**a2 Milk comes from cows specially selected to naturally produce milk with only the A2-type beta-casein protein so may be easier on digestion than regular milk for some milk intolerant individuals when consumed as part of a healthy, varied diet.

Naturally all A2-type beta-casein protein type, and no A1Some people may be sensitive to a protein called A1 beta-casein commonly found in milk.

The perfect milk for all occasions! Use a2 Milk in tea and coffee, baking, cooking, with cereal, with cookies, or simply enjoy on its own.

a2 Milk has been proudly partnering with Landcare Australia since 2017 to support our farmers with initiatives to protect, enhance and restore the natural environment

Good source of calcium.

Contains Protein.",,,"Per 100g/ml
Per Serving
%DI
Energy
275kJ
688kJ
0
Protein
3.3g
8.3g
0
Total Fat
3.5g
8.8g
0
Saturated Fat
2.4g
6.0g
0
Carbohydrate
5.0g
12.5g
0
Sugars
4.7g
11.8g
0
Calcium
109mg
273mg
34.00%
Sodium
33mg
83mg
0
Monounsaturated
0
0
0
Energy (Cal)
65 Cal
163 Cal
0
Dietary Fibre (total)
0
0
0
Polyunsaturated
0
0
0
Potassium
147mg
368mg
0
Trans
0
0
0
* Percentage Daily Intakes are based on an average adult diet of 8700 kJ. Your daily intakes may be higher or lower depending on your energy needs.",,https://www.coles.com.au/product/a2-full-cream-milk-3l-3186175,,,2024-06-17T23:29:24.580654-04:00
"Ind55SColes_ADairy, Eggs & Fridge_SAMilk_IColes Pro Live Fermented Probiotic Drink | 5 pack",Coles Pro Live Fermented Probiotic Drink | 5 pack,Coles,"Dairy, Eggs & Fridge",Milk,Probiotic milk,,$3.35,,,$0.67 per 1ea,8870550,Sleeve:Contains live Lactobacillus casei cultures. (Lactobacillus casei in italics)99% Fat Free . Gluten FreeBottle:Probiotic Fermented Drink,,,"Per 100g/ml
Per Serving
%DI
Energy
286.55
174.8
Protein
1.1
0.67
Total Fat
0.05
0.03
Carbohydrate
15.6
9.52
Sugars
14.6
8.91
Sodium
8.6
5.25
Saturated
0.1
0.06
Energy (Cal)
68.55
41.82
Dietary Fibre (total)
0.1
0.06
Gluten
0
0
* Percentage Daily Intakes are based on an average adult diet of 8700 kJ. Your daily intakes may be higher or lower depending on your energy needs.","INGREDIENTS: Water, Fructose, Sugar, Maltodextrin, Milk Protein, Skim Milk Solids, Stabiliser (405, 466, Pectin), Flavouring, Sweetener (955), Live culture (Lactobacillus casei).",https://www.coles.com.au/product/coles-pro-live-fermented-probiotic-drink-5-pack-8870550,,,2024-06-17T23:29:36.153994-04:00
"Ind55SColes_ADairy, Eggs & Fridge_SAMilk_INorco Pure Jersey Milk | 2L",Norco Pure Jersey Milk | 2L,Norco,"Dairy, Eggs & Fridge",Milk,Specialty milk,,$6.00,,,$3.00 per 1L,2465446,"Norco Pure Jersey has the delicious and indulgently, creamy taste that you only get from 100% jersey milk. The jersey cows that produce this milk spend their days enjoying the lush green pastures of the beautiful Northern Rivers Region in New South Wales.",,,"Per 100g/ml
Per Serving
%DI
Energy
308kJ
848kJ
Protein
3.8g
9.8g
Total Fat
4.1g
12.3g
Saturated Fat
2.6g
8.3g
Carbohydrate
5.4g
13.5g
Sugars
4.1g
10.3g
Calcium
140mg
350mg
44%
Sodium
40mg
100mg
* Percentage Daily Intakes are based on an average adult diet of 8700 kJ. Your daily intakes may be higher or lower depending on your energy needs.",,https://www.coles.com.au/product/norco-pure-jersey-milk-2l-2465446,,,2024-06-17T23:29:46.892585-04:00
"Ind55SColes_ADairy, Eggs & Fridge_SAMilk_IPauls Zymil Lactose Free Full Cream Milk | 1L",Pauls Zymil Lactose Free Full Cream Milk | 1L,Pauls,"Dairy, Eggs & Fridge",Milk,Specialty milk,,$3.90,,,$3.90 per 1L,5891600,"At Pauls, we love dairy. We're pretty passionate about making great tasting products packed with real dairy goodness. We put that devotion into every Pauls milk, cream, custard and yoghurt we make. Milk is a natural source of protein, vitamins and minerals essential for good health. Rich in calcium, Pauls Zymil is simply milk which is easy to digest (As part of a healthy and varied diet, consuming Zymil instead of regular milk helps ease digestion in those who are sensitive to lactose). Plus Pauls Zymil is lactose free and made from real milk so it has all of the natural goodness of regular milk. Lactose free, easy to digest and rich in calcium.
Full cream milk

Lactose free",,,"Per 100g/ml
Per Serving
%DI
Energy
270kJ
675kJ
Protein
3.4g
8.5g
Total Fat
3.6g
9.0g
Saturated Fat
2.3g
5.8g
Carbohydrate
4.7g
11.8g
Sugars
4.7g
11.8g
Lactose
Nil
Nil
Vitamin B2
0.2mg
0.4mg
25% RDI*
Calcium
125mg
313mg
39% RDI*
Sodium
40mg
100mg
Dietary Fibre (total)
0.0g
0.0g
Galactose
2.4g
6.0g
* Percentage Daily Intakes are based on an average adult diet of 8700 kJ. Your daily intakes may be higher or lower depending on your energy needs.",,https://www.coles.com.au/product/pauls-zymil-lactose-free-full-cream-milk-1l-5891600,,,2024-06-17T23:29:59.413265-04:00
"Ind55SColes_ADairy, Eggs & Fridge_SAMilk_IDare Triple Espresso Robusta & Arabica Iced Coffee | 500mL",Dare Triple Espresso Robusta & Arabica Iced Coffee | 500mL,Dare,"Dairy, Eggs & Fridge",Milk,Milk flavoured,,$3.30,,$4.15,$6.60 per 1L,3392370,"NOT THE SHARPEST SHED IN THE TOOL TODAY?
....A DARE FIX'LL FIX IT!

Made with real Robusta & Arabica coffee and fresh milk for a triple coffee kick. A big coffee kick without the big cafe queue!
Made with Fresh Australian Milk

Aussie Owned, Made & Loved

Real Rainforest Alliance Certified Arabica & Robusta Coffee

Working with the Rainforest Alliance to support coffee farmers and their communities",,,"Per 100g/ml
Per Serving
%DI
Energy
347kJ
1735kJ
20%
Protein
3.4g
17.0g
34%
Total Fat
3.5g
17.5g
25%
Saturated Fat
2.2g
11.0g
46%
Carbohydrate
9.4g
47.0g
15%
Sugars
9.0g
45.0g
50%
Calcium
114mg
570mg
71% RDI*
Sodium
43mg
215mg
9%
Caffeine
48mg
240mg
* Percentage Daily Intakes are based on an average adult diet of 8700 kJ. Your daily intakes may be higher or lower depending on your energy needs.","Fresh Milk, Sugar, Coffee Powder (0.99%) (Robusta, Arabica), Colour (150c), Flavours.",https://www.coles.com.au/product/dare-triple-espresso-robusta-and-arabica-iced-coffee-500ml-3392370,,,2024-06-17T23:30:10.450466-04:00
"Ind55SColes_ADairy, Eggs & Fridge_SA_IFarmhouse Gold Full Cream Milk | 750mL",Farmhouse Gold Full Cream Milk | 750mL,Farmhouse,"Dairy, Eggs & Fridge",,,,$3.30,,,$4.40 per 1L,3187600,"Farmhouse Gold is perfect for those who love the traditional taste of real milk. Made with fresh wholesome milk from Australian farms, Farmhouse Gold Full Cream has a deliciously rich, extra creamy taste you will savour. Milk, the way it was meant to be.
Extra Creamy Full Cream Milk",,,"Per 100g/ml
Per Serving
%DI
Energy
317
792
Protein
3.4g
8.5g
Total Fat
4.7g
11.8g
Saturated Fat
3.1g
7.7g
Carbohydrate
4.8g
12g
Sugars
4.8g
12g
Calcium
123mg
307mg
38%
Sodium
123mg
102mg
Energy (Cal)
16
189
* Percentage Daily Intakes are based on an average adult diet of 8700 kJ. Your daily intakes may be higher or lower depending on your energy needs.",,https://www.coles.com.au/product/farmhouse-gold-full-cream-milk-750ml-3187600,,,2024-06-17T23:30:21.412228-04:00
"Ind55SColes_ADairy, Eggs & Fridge_SADairy, chilled & frozen_IPauls Smarter White Milk 2% Fat Full Cream Taste | 2L",Pauls Smarter White Milk 2% Fat Full Cream Taste | 2L,Pauls,"Dairy, Eggs & Fridge","Dairy, chilled & frozen",Milk & eggs,,$4.35,,,"$2.18 per 1L
Was $4.85 on Apr 2024",9411784,"At Pauls, we love dairy. We're pretty passionate about making great tasting products packed with real dairy goodness. We put that devotion into every Pauls milk, cream, custard and yoghurt we make.
Pauls Smarter White Milk has all the goodness and taste of full cream milk with only 2% fat.
Full cream taste

Only 2% fat

Good Source Calcium

Goodness and taste of full cream milk

Australian Milk",,,"Per 100g/ml
Per Serving
%DI
Energy
228kJ
570kJ
Protein
3.8g
9.5g
Total Fat
2.0g
5.0g
Saturated Fat
1.3g
3.3g
Carbohydrate
5.3g
13.3g
Sugars
5.3g
13.3g
Calcium
132 mg
330 mg
41% RDI*
Iron
0
0
Vitamin A
0
0
Coenzyme Q10
0
0
Vitamin E
0
0
Vitamin B
0
0
Vitamin C
0
0
Dietary Fibre (total)
0
0
Omega - 6
0
0
Magnesium
0
0
Selenium
0
0
Copper
0
0
Trans
0
0
Iodine
0
0
Bioflavoids
0
Folic Acid
0
0
Biotin
0
0
Molybdenum
0
0
Zinc
0
0
Sodium
42mg
105mg
Choline
0
0
Monounsaturated
0
0
Chromium
0
0
Polyunsaturated
0
0
Potassium
0
0
Manganese
0
0
* Percentage Daily Intakes are based on an average adult diet of 8700 kJ. Your daily intakes may be higher or lower depending on your energy needs.",,https://www.coles.com.au/product/pauls-smarter-white-milk-2percent-fat-full-cream-taste-2l-9411784,,,2024-06-17T23:30:33.314078-04:00
"Ind55SColes_ADairy, Eggs & Fridge_SAMilk_IBreaka Chocolate Flavoured Milk | 300mL",Breaka Chocolate Flavoured Milk | 300mL,Breaka,"Dairy, Eggs & Fridge",Milk,Milk flavoured,,$2.60,,$2.95,$8.67 per 1L,261140,"Breaka Chocolate Flavoured Milk is a chocolate flavoured milk, which is made in QLD. It contains 40% less fat than full cream milk. Breaka Flavoured Milk - The Flavour of Fun!
Chocolate Flavoured Milk

Breaka - The Flavour of Fun!

Made in QLD.

Flavoured Milk

Contains at least 40% less fat than regular full cream milk",,,"Per 100g/ml
Per Serving
%DI
Energy
298 kJ
894 kJ
Protein
3.2 g
9.6 g
Total Fat
1.8 g
5.4 g
Saturated Fat
1.2 g
3.6 g
Carbohydrate
10.3 g
30.9 g
Sugars
10.1 g
30.3 g
Calcium
109 mg
327 mg
41% RDI*
Sodium
37 mg
111 mg
Energy (Cal)
71 Cal
214 Cal
* Percentage Daily Intakes are based on an average adult diet of 8700 kJ. Your daily intakes may be higher or lower depending on your energy needs.",,https://www.coles.com.au/product/breaka-chocolate-flavoured-milk-300ml-261140,,,2024-06-17T23:30:45.005419-04:00
"Ind55SColes_ADairy, Eggs & Fridge_SAMilk_INorco Low Fat Milk | 2L",Norco Low Fat Milk | 2L,Norco,"Dairy, Eggs & Fridge",Milk,Skim & low fat milk,,$4.50,,,$2.25 per 1L,5979268,"We are passionate about making the best tasting milk possible. That means that our Norco Low Fat milk with 60% less fat is no exception. Our Norco Low Fat milk takes the very best that our milk has to offer with 60% less fat. With a smooth, rich, creamy taste, Norco Low Fat milk is the healthier alternative to full cream milk without compromising on taste!",,,"Per 100g/ml
Per Serving
%DI
Energy
191kJ
478kJ
5%
Protein
3.4g
8.5g
17%
Total Fat
1.3g
3.3g
5%
Saturated Fat
0.9g
2.3g
9%
Carbohydrate
4.9g
12.3g
4%
Sugars
4.9g
12.3g
14%
Calcium
126mg
315mg
39%
Sodium
43mg
108mg
5%
* Percentage Daily Intakes are based on an average adult diet of 8700 kJ. Your daily intakes may be higher or lower depending on your energy needs.",,https://www.coles.com.au/product/norco-low-fat-milk-2l-5979268,,,2024-06-17T23:30:56.092798-04:00
"Ind55SColes_ADairy, Eggs & Fridge_SAMilk_IPauls Zymil Low Fat Milk | 1L",Pauls Zymil Low Fat Milk | 1L,Pauls,"Dairy, Eggs & Fridge",Milk,Specialty milk,,$3.90,,,$3.90 per 1L,5169596,"At Pauls, we love dairy. We're pretty passionate about making great tasting products packed with real dairy goodness. We put that devotion into every Pauls milk, cream, custard and yoghurt we make. Milk is a natural source of protein, vitamins and minerals essential for good health. Rich in calcium, Pauls Zymil is simply milk which is easy to digest (As part of a healthy and varied diet, consuming Zymil instead of regular milk helps ease digestion in those who are sensitive to lactose). Plus Pauls Zymil is lactose free and made from real milk so it has all of the natural goodness of regular milk. Lactose free, easy to digest and rich in calcium.
Low fat milk

Lactose free",,,"Per 100g/ml
Per Serving
%DI
Energy
189kJ
473kJ
Protein
3.4g
8.5g
Total Fat
1.3g
3.3g
Saturated Fat
0.8g
2.0g
Carbohydrate
4.9g
12.3g
Sugars
4.9g
12.3g
Vitamin B2
0.2mg
0.4mg
25% RDI*
Calcium
122mg
305mg
38%RDI*
Lactose
Nil
Nil
Sodium
40mg
100mg
Energy (Cal)
45Cal
113Cal
Dietary Fibre (total)
0.0g
0.0g
Galactose
2.4g
6.0g
* Percentage Daily Intakes are based on an average adult diet of 8700 kJ. Your daily intakes may be higher or lower depending on your energy needs.",,https://www.coles.com.au/product/pauls-zymil-low-fat-milk-1l-5169596,,,2024-06-17T23:31:07.063157-04:00
"Ind55SColes_ADairy, Eggs & Fridge_SAMilk_IIce Break Iced Coffee Strong Espresso + Protein | 500mL",Ice Break Iced Coffee Strong Espresso + Protein | 500mL,Ice Break,"Dairy, Eggs & Fridge",Milk,Milk flavoured,,$3.95,,,$7.90 per 1L,7839725,"Stronger for longer. Ice Break Strong Espresso combines 3 shots of roasted robusta coffee with Aussie milk, and contains 25 g protein per serve.
Iced Coffee

High protein

3 shots

Real coffee

Made from Aussie milk",,,"Per 100g/ml
Per Serving
%DI
Energy
317 kJ
1680 kJ
Protein
5.0 g
25.0 g
Total Fat
1.7 g
8.5 g
Saturated Fat
1.1 g
5.5 g
Carbohydrate
9.9 g
49.5 g
Sugars
9.2 g
46.0 g
Calcium
171 mg
855 mg
107%
Sodium
53 mg
265 mg
Caffeine
42 mg
210 mg
* Percentage Daily Intakes are based on an average adult diet of 8700 kJ. Your daily intakes may be higher or lower depending on your energy needs.",,https://www.coles.com.au/product/ice-break-iced-coffee-strong-espresso-+-protein-500ml-7839725,,,2024-06-17T23:31:19.649648-04:00
"Ind55SColes_ADairy, Eggs & Fridge_SA_IVitasoy Soy Milky Regular Chilled | 1L",Vitasoy Soy Milky Regular Chilled | 1L,Vitasoy,"Dairy, Eggs & Fridge",,,,$2.85,,,$2.85 per 1L,5111880,"Every whole soybean that makes this milk great is grown in Australia
Beneath the watchful eyes of Aussie farmers, every whole soybean squeezed into our Soy Milky was planted and picked at just the right moment. It's why our great milky taste is hard to beat.

For us, it's a daily obsession that's been growing across the globe since the Vitasoy brand first started in 1940. Bringing you a simple yet delicious soy milk, brimming with the good stuff- like 1/3 of your daily calcium.

This is why our glass is always full.

Grown by Aussie Farmers
Our whole soybeans are harvested from February to April and delivered to our Wodonga factory.
Only the best beans make it...

Blended by us
We dehull and grind our beans, then blend the good bits with filtered water and other ingredients including calcium.
Perfected and packed for your fridge...

Enjoyed by you
Your Vitasoy is ready to be soaked up and savoured with all your favourites.

- Australian grown whole soybeans.
- 1/3 of your daily calcium needs in every serving.
- Naturally free from gluten, dairy, lactose and cholesterol.
- Natural source of protein.
- No artificial colours, flavours or preservatives.
- Non-genetically modified.
- Suitable For vegans and vegetarians.

The protein in this product is derived from Australian grown whole soybeans. It may appear as white sediment so make sure you shake the product well before consuming it.",,,"Per 100g/ml
Per Serving
%DI
Energy
221kJ
553kJ
6.00%
Protein
3.0g
7.5g
15.00%
Total Fat
3.0g
7.5g
11.00%
Saturated Fat
0.4g
1.0g
4.00%
Carbohydrate
3.4g
8.5g
3.00%
Sugars
2.5g
6.3g
7.00%
Calcium
120mg
300mg
38% RDI#
Cholesterol
0mg
0mg
Lactose
0g
0g
Sodium
80mg
200mg
9.00%
Monounsaturated
1.3g
3.3g
Energy (Cal)
53Cal
133Cal
Dietary Fibre (total)
0.2g
0.5g
2.00%
Polyunsaturated
1.3g
3.3g
Galactose
0g
0g
Gluten
0mg
0mg
Trans
0g
0g
* Percentage Daily Intakes are based on an average adult diet of 8700 kJ. Your daily intakes may be higher or lower depending on your energy needs.",,https://www.coles.com.au/product/vitasoy-soy-milky-regular-chilled-1l-5111880,,,2024-06-17T23:31:30.831043-04:00
"Ind55SColes_ADairy, Eggs & Fridge_SA_IBoss Iced Latte Coffee | 237mL",Boss Iced Latte Coffee | 237mL,Boss,"Dairy, Eggs & Fridge",,,,$3.50,,$4.00,$14.77 per 1L,3762673,"We have finally brought Suntory BOSS Coffee to Australia and New Zealand, and with it, our uniquely Japanese brewing process, ""Flash Brew"". These products may be somewhat new to Australia and New Zealand, but originate from a storied 25-year-long-long legacy of masterful expertise.",,,"Per 100g/ml
Per Serving
%DI
Energy
92kJ
218kJ
3%
Protein
<1g
1.4g
3%
Total Fat
<1g
1.2g
2%
Saturated Fat
<1g
<1g
2%
Carbohydrate
3.8g
9.0g
3%
Sugars
2.7g
6.3g
7%
Sodium
49mg
115mg
5%
Energy (Cal)
22kcal
52kcal
* Percentage Daily Intakes are based on an average adult diet of 8700 kJ. Your daily intakes may be higher or lower depending on your energy needs.",,https://www.coles.com.au/product/boss-iced-latte-coffee-237ml-3762673,,,2024-06-17T23:31:42.437341-04:00
"Ind55SColes_ADairy, Eggs & Fridge_SAMilk_IA2 Light Milk | 2L",A2 Light Milk | 2L,A2,"Dairy, Eggs & Fridge",Milk,Specialty milk,,$6.90,,,$3.45 per 1L,9759944,"a2 Milk is no ordinary milk!

It is real milk that may be easier on digestion for some people*.

As the number 1 producer of A1 protein free milk in Australia, our purpose is to pioneer the future of dairy for good.


For more information on the a2 Milk difference visit www.a2milk.com.au

*a2 Milk comes from cows specially selected to naturally produce milk with only the A2-type beta-casein protein so may be easier on digestion than ordinary milk for some milk intolerant individuals when consumed as part of a healthy, varied diet.
All natural with no additives, this delicious and creamy lite fresh milk contains just 1.3g of fat per 100ml

Easier on digestion for some**a2 Milk comes from cows specially selected to naturally produce milk with only the A2-type beta-casein protein so may be easier on digestion than regular milk for some milk intolerant individuals when consumed as part of a healthy, varied diet.

Naturally all A2-type beta-casein protein type, and no A1Some people may be sensitive to a protein called A1 beta-casein commonly found in milk.

The perfect milk for all occasions! Use a2 Milk in tea and coffee, baking, cooking, with cereal, with cookies, or simply enjoy on its own.

a2 Milk has been proudly partnering with Landcare Australia since 2017 to support our farmers with initiatives to protect, enhance and restore the natural environment

Good source of calcium.

Contains Protein.",,,"Per 100g/ml
Per Serving
%DI
Energy
189kJ
473kJ
0
Protein
3.3g
8.3g
0
Total Fat
1.3g
3.3g
0
Saturated Fat
0.9g
2.3g
0
Carbohydrate
5.2g
13.0g
0
Sugars
5.2g
13.0g
0
Calcium
117mg
293mg
36.0%
Sodium
48mg
120mg
0
Monounsaturated
0
0
0
Energy (Cal)
45 Cal
113 Cal
0
Dietary Fibre (total)
0
0
0
Polyunsaturated
0
0
0
Potassium
150mg
375mg
0
Trans
0
0
0
* Percentage Daily Intakes are based on an average adult diet of 8700 kJ. Your daily intakes may be higher or lower depending on your energy needs.",,https://www.coles.com.au/product/a2-light-milk-2l-9759944,,,2024-06-17T23:31:53.802527-04:00
"Ind55SColes_ADairy, Eggs & Fridge_SAMilk_IColes Lactose Free Lite Milk | 1L",Coles Lactose Free Lite Milk | 1L,Coles,"Dairy, Eggs & Fridge",Milk,Specialty milk,,$3.10,,,$3.10 per 1L,3187597,Our Lactose Free Lite Milk has all the goodness of fresh cow's milk but without the Lactose,,,"Per 100g/ml
Per Serving
%DI
Energy
189
472
5
Protein
3.2
8.0
16
Total Fat
1.2
3.0
4
Saturated Fat
0.90
2.25
Carbohydrate
5.3
13.3
4
Sugars
5.00
12.50
Calcium
116
290
lactose
NOT DETECTED
NOT DETECTED
Lactose
NOT DETECTED
NOT DETECTED
Sodium
36
90
4
Energy (Cal)
45
113
Dietary Fibre (total)
0.00
0.00
Galactose
2.5
6.3
* Percentage Daily Intakes are based on an average adult diet of 8700 kJ. Your daily intakes may be higher or lower depending on your energy needs.",,https://www.coles.com.au/product/coles-lactose-free-lite-milk-1l-3187597,,,2024-06-17T23:32:04.803007-04:00
"Ind55SColes_ADairy, Eggs & Fridge_SAMilk_IColes Skim Milk Bottle | 1L",Coles Skim Milk Bottle | 1L,Coles,"Dairy, Eggs & Fridge",Milk,Skim & low fat milk,,$1.60,,,$1.60 per 1L,9052739,All our fresh milk is 100% Australian milk. This milk is bottled by an Australian Farming Co-op.,,,"Per 100g/ml
Per Serving
%DI
Energy
149.90
374.75
Protein
3.60
9.00
Total Fat
0.10
0.25
Saturated Fat
0.10
0.25
Carbohydrate
5.00
12.50
Sugars
4.50
11.25
Calcium
129
323
Sodium
41.00
102.50
Energy (Cal)
36
90
Dietary Fibre (total)
0.00
0.00
* Percentage Daily Intakes are based on an average adult diet of 8700 kJ. Your daily intakes may be higher or lower depending on your energy needs.",,https://www.coles.com.au/product/coles-skim-milk-bottle-1l-9052739,,,2024-06-17T23:32:15.965828-04:00
"Ind55SColes_ADairy, Eggs & Fridge_SAMilk_IPauls Trim Low Fat Milk | 3L",Pauls Trim Low Fat Milk | 3L,Pauls,"Dairy, Eggs & Fridge",Milk,Skim & low fat milk,,$6.60,,,$2.20 per 1L,8073289,"At Pauls, we love dairy. We're pretty passionate about making great tasting products packed with real dairy goodness. We put that devotion into every Pauls milk, cream, custard and yoghurt we make
Contains Vitamin A
Contains Vitamin D
Low Fat milk
Fresh Australian Milk.
Australian Made.
Good Source of Calcium..",,,"Per 100g/ml
Per Serving
%DI
Energy
189 kJ
473 kJ
Protein
3.4 g
8.5 g
Total Fat
1.3 g
3.3 g
Saturated Fat
0.8 g
2.0 g
Carbohydrate
4.9 g
12.3 g
Sugars
4.9 g
12.3 g
Vitamin A
39 ug
98 ug
13 %
Vitamin D
0.8 ug
1.3 ug
13 %
Calcium
119 mg
298 mg
37 %
Sodium
40 mg
100 mg
Energy (Cal)
45 Cal
113 Cal
* Percentage Daily Intakes are based on an average adult diet of 8700 kJ. Your daily intakes may be higher or lower depending on your energy needs.",,https://www.coles.com.au/product/pauls-trim-low-fat-milk-3l-8073289,,,2024-06-17T23:32:27.132003-04:00
"Ind55SColes_ADairy, Eggs & Fridge_SAMilk_IIce Break Iced Coffee Lactose Free | 500mL",Ice Break Iced Coffee Lactose Free | 500mL,Ice Break,"Dairy, Eggs & Fridge",Milk,Milk flavoured,,$3.95,,,$7.90 per 1L,5605213,"Grab your real coffee recharge with Ice Break, now without the lactose so it's easy to digest. Made with 2 shots of real coffee, fresh Zymil Lactose Free milk and no added flavours, Ice Break Lactose Free delivers a real caffeine kick so you''re ready for whatever the day throws at you.
Real Coffee

Lactose Free

Real Coffee Recharge

Aussie Milk

Australian Made",,,"Per 100g/ml
Per Serving
%DI
Energy
281kJ
1405kJ
Protein
3.5g
17.5g
Total Fat
1.6g
8.0g
Saturated Fat
1.0g
5.0g
Carbohydrate
9.6g
48.0g
Sugars
9.1g
45.5g
Calcium
119 mg
595 mg
Sodium
51mg
255mg
Dietary Fibre (total)
0.0
0.0
Caffeine
28 mg
140 mg
* Percentage Daily Intakes are based on an average adult diet of 8700 kJ. Your daily intakes may be higher or lower depending on your energy needs.",,https://www.coles.com.au/product/ice-break-iced-coffee-lactose-free-500ml-5605213,,,2024-06-17T23:32:38.716452-04:00
"Ind55SColes_ADairy, Eggs & Fridge_SAMilk_IBreaka Iced Coffee Flavoured Milk | 500mL",Breaka Iced Coffee Flavoured Milk | 500mL,Breaka,"Dairy, Eggs & Fridge",Milk,Milk flavoured,,$2.95,,$3.80,$5.90 per 1L,7889439,"Breaka Iced Coffee Flavoured Milk is a iced coffee flavoured milk, which is made in QLD. It contains at least 40% less fat than full cream milk. Breaka Flavoured Milk - The Flavour of Fun!
Contains at least 40% less fat than full cream milk.

Breaka Flavoured Milk - The Flavour of Fun!

Made in QLD

Iced Coffee Flavoured Milk

Flavoured milk",,,"Per 100g/ml
Per Serving
%DI
Energy
287 kJ
718 kJ
Protein
3.2 g
8.0 g
Total Fat
1.8 g
4.5 g
Saturated Fat
1.2 g
3.0 g
Carbohydrate
9.8 g
24.5 g
Sugars
9.5 g
23.8 g
Calcium
108 mg
270 mg
34 % RDI *
Sodium
37 mg
93 mg
Energy (Cal)
69 Cal
172 Cal
* Percentage Daily Intakes are based on an average adult diet of 8700 kJ. Your daily intakes may be higher or lower depending on your energy needs.",,https://www.coles.com.au/product/breaka-iced-coffee-flavoured-milk-500ml-7889439,,,2024-06-17T23:32:50.016230-04:00
"Ind55SColes_ADairy, Eggs & Fridge_SAMilk_INorco Full Cream Milk | 2L",Norco Full Cream Milk | 2L,Norco,"Dairy, Eggs & Fridge",Milk,Full cream milk,,$4.20,,,$2.10 per 1L,5526762,"We started making our rich, delicious full cream milk over 100 years ago. Since then, not much has changed. It's just as delicious and wholesome as ever! Our full cream milk is still brought to you by a co-operative of passionate Norco dairy farmers in Northern New South Wales and South East Queensland and always will be. It's permeate free, and chock-full of protein, calcium, and other goodness.",,,"Per 100g/ml
Per Serving
%DI
Energy
271kJ
678kJ
8%
Protein
3.3g
8.3g
17%
Total Fat
3.6g
9g
13%
Saturated Fat
2.4g
6g
25%
Carbohydrate
4.8g
12g
4%
Sugars
4.8g
12g
13%
Calcium
123mg
308mg
38%
Sodium
43mg
108mg
5%
* Percentage Daily Intakes are based on an average adult diet of 8700 kJ. Your daily intakes may be higher or lower depending on your energy needs.",,https://www.coles.com.au/product/norco-full-cream-milk-2l-5526762,,,2024-06-17T23:33:01.596271-04:00
"Ind55SColes_ADairy, Eggs & Fridge_SAMilk_INorco Finest Full Cream Milk | 1.5L",Norco Finest Full Cream Milk | 1.5L,Norco,"Dairy, Eggs & Fridge",Milk,Full cream milk,,$3.95,,$4.40,$2.63 per 1L,3387916,"When selecting Our Finest Full Cream you are choosing delicious, full-bodied milk high in cream, protein and abundant flavour. The perfect all-rounder, this milk is multi-talented, creating the perfect crema for your coffee, the ultimate morning smoothie and a wholesome addition to your cereal. Or you can enjoy it chilled and refreshing, straight from the glass (not straight from the bottle).
100% Australian Farmer Owned

Permeate Free

Bottle made from Recycled Plastic

High Cream",,,"Per 100g/ml
Per Serving
%DI
Energy
326kJ
815kJ
9.00%
Protein
3.9g
9.8g
20.00%
Total Fat
4.7g
11.8g
17.00%
Saturated Fat
3.3g
8.3g
34.00%
Carbohydrate
5g
12.5g
4.00%
Sugars
5g
12.5g
14.00%
Calcium
149mg
373mg
47.00%
Sodium
48mg
120mg
5.00%
Monounsaturated
0
0
0
Energy (Cal)
78Cal
196Cal
0
Dietary Fibre (total)
0
0
0
Polyunsaturated
0
0
0
Trans
0
0
0
* Percentage Daily Intakes are based on an average adult diet of 8700 kJ. Your daily intakes may be higher or lower depending on your energy needs.",,https://www.coles.com.au/product/norco-finest-full-cream-milk-1.5l-3387916,,,2024-06-17T23:33:12.594448-04:00
"Ind55SColes_ADairy, Eggs & Fridge_SAMilk_IDare Double Espresso Flavoured Milk | 750mL",Dare Double Espresso Flavoured Milk | 750mL,Dare,"Dairy, Eggs & Fridge",Milk,Milk flavoured,,$5.25,,,$7.00 per 1L,3034020,"KEEP SAYING PACIFIC INSTEAD OF SPECIFIC?
...A DARE FIX'LL FIX IT.

Made with real Robusta & Arabica coffee and fresh milk. A big coffee kick without the big cafe queue!
Made with Fresh Australian Milk

Aussie Owned, Made & Loved

Real Rainforest Alliance Certified Arabica & Robusta Coffee

Working with the Rainforest Alliance to support coffee farmers and their communities",,,"Per 100g/ml
Per Serving
%DI
Energy
341kJ (Ave. Qty. per 100mL)
853kJ
10%
Protein
3.4g (Ave. Qty. per 100mL)
8.5g
17%
Total Fat
3.5g (Ave. Qty. per 100mL)
8.8g
13%
Saturated Fat
2.2g (Ave. Qty. per 100mL)
5.5g
23%
Carbohydrate
9.0g (Ave. Qty. per 100mL)
22.5g
7%
Sugars
8.7g (Ave. Qty. per 100mL)
21.8g
24%
Calcium
123mg (Ave. Qty. per 100mL)
308mg
39% RDI*
Sodium
43mg (Ave. Qty. per 100mL)
108mg
5%
Dietary Fibre (total)
0.0g (Ave. Qty. per 100mL)
0.0g
Caffeine
16mg (Ave. Qty. per 100mL)
40mg
* Percentage Daily Intakes are based on an average adult diet of 8700 kJ. Your daily intakes may be higher or lower depending on your energy needs.",,https://www.coles.com.au/product/dare-double-espresso-flavoured-milk-750ml-3034020,,,2024-06-17T23:33:24.103430-04:00
"Ind55SColes_ADairy, Eggs & Fridge_SA_IOak Chocolate Lactose Free Flavoured Milk | 600mL",Oak Chocolate Lactose Free Flavoured Milk | 600mL,Oak,"Dairy, Eggs & Fridge",,,,$3.90,Pick any 2 for $5,,$6.50 per 1L,6259377,"OAK really hits the spot when you're hungrythirsty. What's hungrythirsty? It's a state of weak indecision where you're neither hungry nor thirsty but a bit of both. Kill two birds with one steel meteorite of OAK milk - it's full strength, full flavour, full on. With over 50 years' experience and a choice of rich, creamy and authentic flavours, OAK is always the answer.
Lactose Free

Easy to digest",,,"Per 100g/ml
Per Serving
%DI
Energy
380 kJ
1140 kJ
Protein
3.3 g
9.9 g
Total Fat
3.6 g
10.8 g
Saturated Fat
2.4 g
7.2 g
Carbohydrate
10.9 g
32.7 g
Sugars
10.2 g
30.6 g
Lactose
0.0 g
0.0 g
Calcium
103 mg
309 mg
39%
Sodium
45 mg
135 mg
Dietary Fibre (total)
0.3 mg
0.9 mg
Galactose
2.9 g
8.7 g
* Percentage Daily Intakes are based on an average adult diet of 8700 kJ. Your daily intakes may be higher or lower depending on your energy needs.",,https://www.coles.com.au/product/oak-chocolate-lactose-free-flavoured-milk-600ml-6259377,,,2024-06-17T23:59:52.468923-04:00
"Ind55SColes_ADairy, Eggs & Fridge_SAMilk_IDairy Farmers Classic Strawberry Flavoured Milk | 500mL",Dairy Farmers Classic Strawberry Flavoured Milk | 500mL,Dairy Farmers,"Dairy, Eggs & Fridge",Milk,Milk flavoured,,$3.20,,$3.60,$6.40 per 1L,3034199,"From Aussie farms for your family to enjoy - the Dairy Farmers brand has a rich heritage dating back to 1900. We're proud to honour the generous spirit of our farming communities by continuing to bring high quality and nutritious dairy products across milk, flavoured yoghurt, flavoured milk and culinary products .
Proudly Aussie made and owned

Made with fresh Australian milk

Milk is a natural source of protein

No artificial additives or preservatives

Enjoy as part of a healthy and balanced diet

Made in Australia from at least 98% Australian ingredients.

Rich in calcium.",,,"Per 100g/ml
Per Serving
%DI
Energy
293kJ
1465kJ
17.0%
Protein
3.2g
16.0g
32.0%
Total Fat
2.5g
12.5g
18.0%
Saturated Fat
1.6g
8.0g
33.0%
Carbohydrate
8.6g
43.0g
14.000000000000002%
Sugars
8.6g
43.0g
48.0%
Calcium
117mg
585mg
Sodium
43mg
215mg
9.0%
Energy (Cal)
70Cal
350Cal
* Percentage Daily Intakes are based on an average adult diet of 8700 kJ. Your daily intakes may be higher or lower depending on your energy needs.",,https://www.coles.com.au/product/dairy-farmers-classic-strawberry-flavoured-milk-500ml-3034199,,,2024-06-18T00:00:03.423335-04:00
"Ind55SColes_ADairy, Eggs & Fridge_SAMilk_ISanitarium So Good Chilled Regular Soy Milk | 1L",Sanitarium So Good Chilled Regular Soy Milk | 1L,Sanitarium,"Dairy, Eggs & Fridge",Milk,Soy & almond milk,,$2.80,,,$2.80 per 1L,6923327,"So Good Soy Milk has a deliciously rich and milky taste that makes it a great plant-based substitute for dairy.

It's also packed with good nutrition and is incredibly versatile.

Drink chilled on its own, add to muesli and smoothies, and use in cooking and baking.

Aussie Made
Half your daily Calcium
8g Plant Protein
No Artificial Colours or Flavours

No Lactose

No Gluten

No Cholesterol

No Dairy",,,"Per 100g/ml
Per Serving
%DI
Energy
273kJ
683kJ
Protein
3.2g
8.0g
Total Fat
3.5g
8.8g
Saturated Fat
0.4g
1.0g
Carbohydrate
5.1g
12.8g
Sugars
2.0g
5.0g
Vitamin B2
0.17mg
0.43mg
25%
Calcium
160mg
400mg
50%
Vitamin B12
0.4ug
1.0ug
50%
Cholesterol
0.0mg
0.0mg
Vitamin A
40ug
100ug
13%
Lactose
0.0g
0.0g
Sodium
40mg
100mg
Monounsaturated
1.4g
3.5g
Energy (Cal)
65Cal
163Cal
Dietary Fibre (total)
0.3g
0.8g
Polyunsaturated
1.7g
4.3g
Galactose
0.0g
0.0g
Gluten
Nil Detected
Nil Detected
Potassium
230mg
575mg
Trans
0.0g
0.0g
* Percentage Daily Intakes are based on an average adult diet of 8700 kJ. Your daily intakes may be higher or lower depending on your energy needs.",,https://www.coles.com.au/product/sanitarium-so-good-chilled-regular-soy-milk-1l-6923327,,,2024-06-18T00:00:14.879714-04:00
"Ind55SColes_ADairy, Eggs & Fridge_SAMilk_IPauls Smarter White Milk 2% Fat Full Cream Taste | 3L",Pauls Smarter White Milk 2% Fat Full Cream Taste | 3L,Pauls,"Dairy, Eggs & Fridge",Milk,Skim & low fat milk,,$6.60,,,$2.20 per 1L,9759886,"At Pauls, we love dairy. We're pretty passionate about making great tasting products packed with real dairy goodness. We put that devotion into every Pauls milk, cream, custard and yoghurt we make. Pauls Smarter White has all the benefits of a reduced fat milk without having to compromise on taste. With the rich, creamy taste of full cream milk, Pauls Smarter White contains only 2% fat.
Full cream taste

Only 2% fat",,,"Per 100g/ml
Per Serving
%DI
Energy
236kJ
590kJ
Protein
3.8g
9.5g
Total Fat
2.0g
5.0g
Saturated Fat
1.3g
3.3g
Carbohydrate
5.9g
14.8g
Sugars
5.9g
14.8g
Sodium
44mg
110mg
* Percentage Daily Intakes are based on an average adult diet of 8700 kJ. Your daily intakes may be higher or lower depending on your energy needs.",,https://www.coles.com.au/product/pauls-smarter-white-milk-2percent-fat-full-cream-taste-3l-9759886,,,2024-06-18T00:00:25.873342-04:00
"Ind55SColes_ADairy, Eggs & Fridge_SAMilk_IDairy Farmers Buttermilk | 600mL",Dairy Farmers Buttermilk | 600mL,Dairy Farmers,"Dairy, Eggs & Fridge",Milk,Specialty milk,,$2.95,,,$4.92 per 1L,252739,"Take your cooking to the next level with Dairy Farmers Buttermilk. When buttermilk is combined with either self-raising flour or baking soda it creates aeration resulting in great tasting, light and fluffy baking!

Proudly Australian owned, made and loved.

Each serve of Dairy Farmers buttermilk is a good source of calcium.

With 4.5 health stars, Dairy Farmers Buttermilk is ideal for cooking. Consume as part of a balanced diet. ",,,"Per 100g/ml
Per Serving
%DI
Energy
215kJ
538kJ
6.0%
Protein
3.6g
9.0g
18.0%
Total Fat
1.8g
4.5g
6.0%
Saturated Fat
1.2g
3.0g
13.0%
Carbohydrate
5.1g
12.8g
4.0%
Sugars
5.1g
12.8g
14.000000000000002%
Calcium
128mg
320mg
Sodium
46mg
115mg
5.0%
Energy (Cal)
96Cal
128Cal
* Percentage Daily Intakes are based on an average adult diet of 8700 kJ. Your daily intakes may be higher or lower depending on your energy needs.",,https://www.coles.com.au/product/dairy-farmers-buttermilk-600ml-252739,,,2024-06-18T00:00:37.208059-04:00
"Ind55SColes_ADairy, Eggs & Fridge_SAMilk_IDare Double Espresso Flavoured Milk | 500mL",Dare Double Espresso Flavoured Milk | 500mL,Dare,"Dairy, Eggs & Fridge",Milk,Milk flavoured,,$3.30,,$4.15,$6.60 per 1L,3033946,"Pasteurised iced coffee flavoured milk.

Is this the $10,000 Fix?

Find the Dare-mergency tape in this bottle and you'll win $10,000!

Grab a fix now, There's 10 Dare-mergency bottles to be found.

Promo starts 29/7/19 AEDT ends 30/9/19 AEDT. Purchase any specially marked Dare Iced Coffee 500mL or 750mL, unscrew the lid to see if you have won. Winners: keep receipt, winning tape and claim prize by 5pm AEDT 3/1/20. To enter second chance draw, complete the entry form at www.facebook.com/dareicedcoffee during the promotional period. Entry open AU residents 18+ only. Total prizes: 10.
Promoter: LD&D Australia Pty Ltd 1800 677 852. See www.dareicedcoffee.com.au/daremergency for full T&Cs.
Permit Nos: ACT TP19/03268, NSW LTPS/19/34385 and SA T19/697.",,,"Per 100g/ml
Per Serving
%DI
Energy
352kJ
1760kJ
20.0%
Protein
3.4g
17.0g
34.0%
Total Fat
3.5g
17.5g
25.0%
Saturated Fat
2.2g
11.0g
46.0%
Carbohydrate
9.7g
48.5g
16.0%
Sugars
9.0g
45.0g
50.0%
Calcium
118mg
590mg
74% RDI*
Sodium
41mg
205mg
9.0%
Caffeine
32mg
160mg
* Percentage Daily Intakes are based on an average adult diet of 8700 kJ. Your daily intakes may be higher or lower depending on your energy needs.",,https://www.coles.com.au/product/dare-double-espresso-flavoured-milk-500ml-3033946,,,2024-06-18T00:00:48.577073-04:00
"Ind55SColes_ADairy, Eggs & Fridge_SAMilk_IPauls Zymil Chocolate Lactose Free Milk | 400mL",Pauls Zymil Chocolate Lactose Free Milk | 400mL,Pauls,"Dairy, Eggs & Fridge",Milk,Milk flavoured,,$3.90,,,$9.75 per 1L,3187724,"At Pauls, we love dairy. We're pretty passionate about making great tasting products packed with real dairy goodness. We put that devotion into every Pauls milk, cream, custard and yoghurt we make. Milk is a natural source of protein, vitamins and minerals essential for good health. Rich in calcium, Pauls Zymil is simply milk which is easy to digest (As part of a healthy and varied diet, consuming Zymil instead of regular milk helps ease digestion in those who are sensitive to lactose). Plus Pauls Zymil is lactose free and made from real milk so it has all of the natural goodness of regular milk. Lactose free, easy to digest and rich in calcium.",,,"Per 100g/ml
Per Serving
%DI
Energy
318kJ
1272kJ
Protein
3.3g
13.2g
Total Fat
3.1g
12.4g
Saturated Fat
2.0g
8.0g
Carbohydrate
8.5g
34.0g
Sugars
8.4g
33.6g
Lactose
Nil
Nil
Calcium
105mg
420mg
54% Recommended Dietary Intake
Sodium
40mg
160mg
Energy (Cal)
76Cal
304Cal
Dietary Fibre (total)
0.4g
1.6g
Galactose
2.6g
10.4g
* Percentage Daily Intakes are based on an average adult diet of 8700 kJ. Your daily intakes may be higher or lower depending on your energy needs.",,https://www.coles.com.au/product/pauls-zymil-chocolate-lactose-free-milk-400ml-3187724,,,2024-06-18T00:00:59.905609-04:00
"Ind55SColes_ADairy, Eggs & Fridge_SAMilk_IBabushka's Probiotic Kefir Yoghurt Mango | 750g",Babushka's Probiotic Kefir Yoghurt Mango | 750g,Babushkas,"Dairy, Eggs & Fridge",Milk,Probiotic milk,,$6.20,,,$0.83 per 100g,5641137,,,,,,https://www.coles.com.au/product/babushka's-probiotic-kefir-yoghurt-mango-750g-5641137,,,2024-06-18T00:01:09.041237-04:00
"Ind55SColes_ADairy, Eggs & Fridge_SAMilk_IBoss Coffee Rainbow Mountain Blend | 179mL",Boss Coffee Rainbow Mountain Blend | 179mL,Boss,"Dairy, Eggs & Fridge",Milk,Milk flavoured,,$3.50,,$4.00,$19.55 per 1L,7076849,"Flash Brew

Boss Coffee Rainbow Mountain Blend is our famous blend in Japan, crafter primarily with Guatemalan Rainbow Mountain beans to create a uniquely balanced coffee. 

Rainbow Mountain beans quality certified by Anacafe 
Details at bosscoffeeanz.com

Guatemalan coffees",,,"Per 100g/ml
Per Serving
%DI
Energy
156kJ
280kJ
0
Protein
Less than 1g
1.4g
0
Total Fat
Less than 1g
Less than 1g
0
Saturated Fat
Less than 1g
Less than 1g
0
Carbohydrate
7.3g
13.1g
0
Sugars
6.3g
11.3g
0
Sodium
49mg
87mg
0
Monounsaturated
0
0
0
Energy (Cal)
37Cal
67Cal
0
Dietary Fibre (total)
0
0
0
Polyunsaturated
0
0
0
Trans
0
0
0
* Percentage Daily Intakes are based on an average adult diet of 8700 kJ. Your daily intakes may be higher or lower depending on your energy needs.",,https://www.coles.com.au/product/boss-coffee-rainbow-mountain-blend-179ml-7076849,,,2024-06-18T00:01:20.113128-04:00
"Ind55SColes_ADairy, Eggs & Fridge_SAMilk_IOak Caramel Coffee Flavoured Milk | 600mL",Oak Caramel Coffee Flavoured Milk | 600mL,Oak,"Dairy, Eggs & Fridge",Milk,Milk flavoured,,$3.90,Pick any 2 for $5,,$6.50 per 1L,7066856,"Gimme a caramel latte, hungrythirsty barks to his bearded hipster mates. Pathetic. OAK Caramel Coffee responds by roasting hungrythirsty dead before wrapping it in a gooey caramel bear hug from which there's no escape. Stick that in ya mug.",,,"Per 100g/ml
Per Serving
%DI
Energy
355 kJ
1060 kJ
Protein
3.5 g
10.5 g
Total Fat
3.4 g
10.2 g
Saturated Fat
2.2 g
6.6 g
Carbohydrate
10.0 g
30.0 g
Sugars
9.8 g
29.4 g
Calcium
115 mg
345 mg
42%
Sodium
63 mg
189 mg
* Percentage Daily Intakes are based on an average adult diet of 8700 kJ. Your daily intakes may be higher or lower depending on your energy needs.",,https://www.coles.com.au/product/oak-caramel-coffee-flavoured-milk-600ml-7066856,,,2024-06-18T00:01:33.174932-04:00
"Ind55SColes_ADairy, Eggs & Fridge_SAMilk_IDare Lactose Free Double Expresso Flav Milk | 500mL",Dare Lactose Free Double Expresso Flav Milk | 500mL,Dare,"Dairy, Eggs & Fridge",Milk,Milk flavoured,,$3.30,,$4.15,$6.60 per 1L,6264843,"Made with real Arabica & Robusta coffee and fresh lactose free milk, Dare Iced Coffee Double Espresso  offers an easy to digest coffee kick without the cafe queue!
Proudly Australian owned, made and loved, it's Australia's market leading Iced Coffee.

Dare Iced Coffee proudly works with Rainforest Alliance to only use coffee beans that have been grown and harvested in a sustainable way from certified farms and forests.

When you choose dare, you can be confident that you are helping to improve farmers' livelihoods and protect our natural resources.",,,"Per 100g/ml
Per Serving
%DI
Energy
335kJ
1680kJ
19.00%
Protein
3.4g
17.0g
34.00%
Total Fat
3.5g
17.5g
25.00%
Saturated Fat
2.2g
11.0g
46.00%
Carbohydrate
8.7g
43.5g
14.00%
Sugars
7.9g
39.5g
44.00%
Calcium
117mg
585mg
Lactose
Not Detected
Not Detected
>1
Sodium
41mg
205mg
9.00%
Monounsaturated
>1
>1
>1
Energy (Cal)
80Cal
400Cal
>1
Dietary Fibre (total)
0.0g
0.0g
0.00%
Polyunsaturated
>1
>1
>1
Galactose
2.3g
11.5g
>1
Trans
>1
>1
>1
Caffeine
32mg
160mg
>1
* Percentage Daily Intakes are based on an average adult diet of 8700 kJ. Your daily intakes may be higher or lower depending on your energy needs.",,https://www.coles.com.au/product/dare-lactose-free-double-expresso-flav-milk-500ml-6264843,,,2024-06-18T00:01:44.392937-04:00
"Ind55SColes_ADairy, Eggs & Fridge_SAMilk_IDairy Farmers Lactose Free Chocolate Flav Milk | 500mL",Dairy Farmers Lactose Free Chocolate Flav Milk | 500mL,Dairy Farmers,"Dairy, Eggs & Fridge",Milk,Milk flavoured,,$3.20,,$3.60,$6.40 per 1L,6268968,"A true classic always delivers, a delicously smooth chocolate flavour, and lactose free. The flavoured milk you know and love, without the lactose.",,,"Per 100g/ml
Per Serving
%DI
Energy
289kJ
1440kJ
17.0%
Protein
3.2g
16.0g
32.0%
Total Fat
2.5g
18.0%
Saturated Fat
1.6g
8.0g
33.0%
Carbohydrate
8.4g
42.0g
14.0%
Sugars
7.9g
39.5g
44.0%
Calcium
114mg
570mg
Lactose
Not Detected
Not Detected
>1
Sodium
42mg
210mg
9.0%
Monounsaturated
>1
>1
>1
Energy (Cal)
69Cal
345Cal
>1
Dietary Fibre (total)
0.0g
0.0g
0.0%
Polyunsaturated
>1
>1
>1
Galactose
2.2g
11.0g
>1
Trans
>1
>1
>1
* Percentage Daily Intakes are based on an average adult diet of 8700 kJ. Your daily intakes may be higher or lower depending on your energy needs.",,https://www.coles.com.au/product/dairy-farmers-lactose-free-chocolate-flav-milk-500ml-6268968,,,2024-06-18T00:01:55.482299-04:00
"Ind55SColes_ADairy, Eggs & Fridge_SAMilk_IDairy Farmers Classic Chocolate Flavoured Milk | 300mL",Dairy Farmers Classic Chocolate Flavoured Milk | 300mL,Dairy Farmers,"Dairy, Eggs & Fridge",Milk,Milk flavoured,,$1.90,,$2.50,$6.33 per 1L,3034155,,,,,,https://www.coles.com.au/product/dairy-farmers-classic-chocolate-flavoured-milk-300ml-3034155,,,2024-06-18T00:02:04.611518-04:00
"Ind55SColes_ADairy, Eggs & Fridge_SAMilk_INorco Aussie Farmer Own Chocolate Milk | 440mL",Norco Aussie Farmer Own Chocolate Milk | 440mL,Norco,"Dairy, Eggs & Fridge",Milk,Milk flavoured,,$2.90,,$3.60,$6.59 per 1L,4483391,"There's flavoured milk and then there's Norco flavoured milk. Proudly 100% Aussie farmer owned, Norco Chocolate Milk is smooth and creamy with a truly decadent chocolate flavour.
100% Australian Farmer Owned

Contains Cocoa

77% Daily Calcium

37% Daily Protein",,,"Per 100g/ml
Per Serving
%DI
Energy
398kJ
1751kJ
20.00%
Protein
3.9g
17.2g
34.00%
Total Fat
3.7g
16.3g
23.00%
Saturated Fat
2.6g
11.4g
48.00%
Carbohydrate
11.5g
50.6g
16.00%
Sugars
10.8g
47.5g
53.00%
Calcium
140mg
616mg
77.00%
Sodium
50mg
220mg
10.00%
Monounsaturated
0
0
0
Energy (Cal)
96Cal
420Cal
0
Dietary Fibre (total)
0
0
0
Polyunsaturated
0
0
0
Trans
0
0
0
* Percentage Daily Intakes are based on an average adult diet of 8700 kJ. Your daily intakes may be higher or lower depending on your energy needs.",,https://www.coles.com.au/product/norco-aussie-farmer-own-chocolate-milk-440ml-4483391,,,2024-06-18T00:02:15.715189-04:00
"Ind55SColes_ADairy, Eggs & Fridge_SAMilk_IDare No Added Sugar Double Espresso Flavoured Milk | 750mL",Dare No Added Sugar Double Espresso Flavoured Milk | 750mL,Dare,"Dairy, Eggs & Fridge",Milk,Milk flavoured,,$5.25,,,$7.00 per 1L,3643630,Dare Double Espresso Robusta & Arabica Coffee is a pasteurised iced coffee-flavoured milk with no sugar added.,,,"Per 100g/ml
Per Serving
%DI
Energy
271kJ (Ave. Qty. per 100mL)
678kJ
8%
Protein
3.4g (Ave. Qty. per 100mL)
8.5g
17%
Total Fat
3.5g (Ave. Qty. per 100mL)
8.8g
13%
Saturated Fat
2.4g (Ave. Qty. per 100mL)
6.0g
25%
Carbohydrate
4.9g (Ave. Qty. per 100mL)
12.3g
4%
Sugars
4.9g (Ave. Qty. per 100mL)
12.3g
14%
Calcium
118mg (Ave. Qty. per 100mL)
295mg
37% RDI*
Sodium
41mg (Ave. Qty. per 100mL)
103mg
4%
Dietary Fibre (total)
0.0g (Ave. Qty. per 100mL)
0.0g
Caffeine
32mg (Ave. Qty. per 100mL)
80mg
* Percentage Daily Intakes are based on an average adult diet of 8700 kJ. Your daily intakes may be higher or lower depending on your energy needs.",,https://www.coles.com.au/product/dare-no-added-sugar-double-espresso-flavoured-milk-750ml-3643630,,,2024-06-18T00:02:29.995847-04:00
"Ind55SColes_ADairy, Eggs & Fridge_SAMilk_IColes Milk Full Cream | 500mL",Coles Milk Full Cream | 500mL,Coles,"Dairy, Eggs & Fridge",Milk,Full cream milk,,$1.15,,,$2.30 per 1L,1993245,"The hard work and dedicated spirit of dairy farmers is embedded in the fabric of our country. Coles is committed to bringing you nutritious and high quality fresh milk from dairy farms across Australia. The fresh, creamy goodness of milk is a source of protein and is rich in calcium for healthy teeth and bones. Enjoy the nourishment of Coles milk every day.",,,"Per 100g/ml
Per Serving
%DI
Energy
274.30
685.75
Protein
3.5
8.8
18
Total Fat
3.60
9.00
Saturated Fat
2.4
6.0
25
Carbohydrate
4.80
12.00
Sugars
4.30
10.75
Calcium
126
315
Sodium
40.00
100.00
Energy (Cal)
66
164
Dietary Fibre (total)
0.00
0.00
* Percentage Daily Intakes are based on an average adult diet of 8700 kJ. Your daily intakes may be higher or lower depending on your energy needs.",,https://www.coles.com.au/product/coles-milk-full-cream-500ml-1993245,,,2024-06-18T00:02:41.123385-04:00
"Ind55SColes_ADairy, Eggs & Fridge_SAMilk_IPauls Bluey Strawberry Flavoured Milk | 250mL",Pauls Bluey Strawberry Flavoured Milk | 250mL,Pauls,"Dairy, Eggs & Fridge",Milk,Milk flavoured,,$2.30,,,$9.20 per 1L,4165501,"BLUEY TM and BLUEY character logos TM &  Ludo Studio Pty Ltd 2018.
30% Less Sugar

No Artificial Flavours or Sweeteners

Bluey

Strawberry Flavoured Milk

Australian Milk",,,"Per 100g/ml
Per Serving
%DI
Energy
235 kJ
587 kJ
Protein
3.7 g
9.2 g
Total Fat
1.3 g
3.2 g
Saturated Fat
0.8 g
2.0 g
Carbohydrate
7.4 g
18.5 g
Sugars
7.1 g
17.7 g
Calcium
131 mg
327 mg
40% RDI*
Sodium
49 mg
122 mg
Energy (Cal)
56 Cal
140 Cal
Dietary Fibre (total)
0.0 g
0.0 g
* Percentage Daily Intakes are based on an average adult diet of 8700 kJ. Your daily intakes may be higher or lower depending on your energy needs.",,https://www.coles.com.au/product/pauls-bluey-strawberry-flavoured-milk-250ml-4165501,,,2024-06-18T00:02:52.354298-04:00
"Ind55SColes_ADairy, Eggs & Fridge_SAMilk_IVitasoy Almond Iced Coffee Double Espresso | 330mL",Vitasoy Almond Iced Coffee Double Espresso | 330mL,Vitasoy,"Dairy, Eggs & Fridge",Milk,Milk flavoured,,$3.50,,,$10.61 per 1L,3624705,"Made with premium, whole Australian almonds, then blended with robusta and arabica powder to create a smooth and irresistible drink to go. Vitasoy Whole Almond Double Espresso is a natural source of vitamin E and provides the added benefit and goodness of calcium. It's naturally free from dairy, lactose, gluten and cholesterol. Plus you won't find any artificial colours or preservatives added in here. Put simply, it's like music to your mouth!
Made with Australian grown whole almonds

Naturally free from dairy, lactose, cholesterol and soy

Natural source of vitamin E

Benefit of 49% of your daily calcium needs

Suitable for vegans and vegetarians

No artificial colours or preservatives.",,,"Per 100g/ml
Per Serving
%DI
Energy
173
571
7
Protein
1.0
3.3
7
Total Fat
1.8
5.9
8
Saturated Fat
0.2
0.7
3
Carbohydrate
5.0
16.5
5
Sugars
4.2
13.9
15
Calcium
120
396
49
Sodium
45
149
6
Vitamin E
0.94
3.1
31
Monounsaturated
1.1
3.6
0
Energy (Cal)
41
135
7
Dietary Fibre (total)
0.5
1.7
6
Polyunsaturated
0.5
1.7
0
Trans
0
0
0
Caffeine
57
188
* Percentage Daily Intakes are based on an average adult diet of 8700 kJ. Your daily intakes may be higher or lower depending on your energy needs.",,https://www.coles.com.au/product/vitasoy-almond-iced-coffee-double-espresso-330ml-3624705,,,2024-06-18T00:03:04.060694-04:00
