idx,name,brand,aisle,subaisle,subsubaisle,size,price,multi_price,old_price,pricePerUnit,itemNum,description,serving,img_urls,item_label,item_ingredients,url,SKU,UPC,timeStamp
"Ind56SColes_ADairy, Eggs & Fridge_SAReady to eat meals_IColes Kitchen Margherita Pizza | 450g",Coles Kitchen Margherita Pizza | 450g,Coles,"Dairy, Eggs & Fridge",Ready to eat meals,Pizzas,,,,,,7748460,,,,,,https://www.coles.com.au/product/coles-kitchen-margherita-pizza-450g-7748460,,,2024-06-17T21:24:21.066952-04:00
"Ind56SColes_ADairy, Eggs & Fridge_SAReady to eat meals_IDari's Chicken And Corn Soup | 550g",Dari's Chicken And Corn Soup | 550g,Daris,"Dairy, Eggs & Fridge",Ready to eat meals,Soups & stews,,$5.50,,$6.80,$1.00 per 100g,3756284,"A DARI'S family favourite (especially with the kids!) our Chicken and Corn soup is comfort food that's good for you. Juicy pops of corn, free-range chicken breast, and coconut milk create a nourishing soup of satisfying sweetness and texture. Filling and flavoursome, this soup cures every craving in our house!",,,"Per 100g/ml
Per Serving
%DI
Energy
158
453
Protein
2.8
7
Total Fat
1.3
3.6
Saturated Fat
0.7
1.9
Carbohydrate
3.7
10.2
Sugars
1.3
3.6
Sodium
339
932
Energy (Cal)
38
105
Dietary Fibre (total)
0.7
1.9
Trans
0
0
* Percentage Daily Intakes are based on an average adult diet of 8700 kJ. Your daily intakes may be higher or lower depending on your energy needs.",,https://www.coles.com.au/product/dari's-chicken-and-corn-soup-550g-3756284,,,2024-06-17T21:24:32.035883-04:00
"Ind56SColes_ADairy, Eggs & Fridge_SAReady to eat meals_IRana Four Cheese Ravioli | 325g",Rana Four Cheese Ravioli | 325g,Rana,"Dairy, Eggs & Fridge",Ready to eat meals,Italian meals & pasta,,$8.00,,,$2.46 per 100g,3091159,"A delicious and generous filling made with selected varieties of cheeses, wrapped in paper thin pasta. Discover the perfect balance between aromatic and sweet flavours.",,,,"Filling 52%: Semiprocessed Low Fat Cheese 26% [Low Fat Cheese 43% (Milk, Salt, Non-Animal Rennet), Sunflower Oil, Potato Starch, Water, Salt], Ricotta Cheese 10% (Whey, Milk, Salt, Citric Acid), Cream, Vegetable Fibres, Edamer Cheese 7% (Milk, Salt, Non-Animal Rennet), Full Fat Hard Cheese 6% (Milk, Salt, Non-Animal Rennet), Breadcrumbs (Soft Wheat Flour, Salt, Yeast), Gorgonzola Cheese 5% (Milk, Salt, Animal Rennet, Culture), Whey Powder (from Milk), Starches, Emmental Cheese 3% (Milk, Salt, Non-Animal Rennet), Sunflower Oil, Natural Flavouring, Salt, Yeast Extract, Pasta 48%: Soft Wheat Flour, Egg 30%, Durum Wheat Semolina",https://www.coles.com.au/product/rana-four-cheese-ravioli-325g-3091159,,,2024-06-17T21:24:41.143305-04:00
"Ind56SColes_ADairy, Eggs & Fridge_SAReady to eat meals_ILatina Fresh Veal Tortellini Pasta | 625g",Latina Fresh Veal Tortellini Pasta | 625g,Latina,"Dairy, Eggs & Fridge",Ready to eat meals,Italian meals & pasta,,$11.00,,,$1.76 per 100g,5404131,,,,,,https://www.coles.com.au/product/latina-fresh-veal-tortellini-pasta-625g-5404131,,,2024-06-17T21:24:50.099210-04:00
"Ind56SColes_ADairy, Eggs & Fridge_SAReady to eat meals_IColes Kitchen Double Pepperoni Pizza | 420g",Coles Kitchen Double Pepperoni Pizza | 420g,Coles,"Dairy, Eggs & Fridge",Ready to eat meals,Pizzas,,$6.50,Pick any 2 for $12,,$1.55 per 100g,6187550,From our kitchen to yours......A pizzeria experience at home. We take a stone baked base and top it with vibrant tomato sauce before finishing with spicy pepperoni and mozzarella. Generously topped and ready for you in minutes.,,,"Per 100g/ml
Per Serving
%DI
Energy
1064.40
1117.62
Protein
11.20
11.76
Carbohydrate
31.70
33.29
Sugars
4.20
4.41
Sodium
629.00
660.45
Saturated
3.30
3.47
Energy (Cal)
254.64
267.37
Fat
8.30
8.72
Dietary Fibre (total)
3.50
3.68
Trans
0.04
0.04
* Percentage Daily Intakes are based on an average adult diet of 8700 kJ. Your daily intakes may be higher or lower depending on your energy needs.",,https://www.coles.com.au/product/coles-kitchen-double-pepperoni-pizza-420g-6187550,,,2024-06-17T21:25:01.201578-04:00
"Ind56SColes_ADairy, Eggs & Fridge_SAReady to eat meals_IColes Cottage Pie | 1.2kg",Coles Cottage Pie | 1.2kg,Coles,"Dairy, Eggs & Fridge",Ready to eat meals,Other ready meals,,$12.50,,,$1.04 per 100g,5071200,"A great value addition to a family favourite, the Coles Cottage Pie is topped with fluffy mashed potato, while underneath is tender No Added Hormone beef",,,"Per 100g/ml
Per Serving
%DI
Energy
499.90
1499.70
Protein
5.10
15.30
Total Fat
6.40
19.20
Carbohydrate
9.20
27.60
Sugars
0.60
1.80
Sodium
180.00
540.00
Saturated
3.80
11.40
Energy (Cal)
119.59
358.78
Dietary Fibre (total)
2.50
7.50
Trans
0.30
0.90
* Percentage Daily Intakes are based on an average adult diet of 8700 kJ. Your daily intakes may be higher or lower depending on your energy needs.",,https://www.coles.com.au/product/coles-cottage-pie-1.2kg-5071200,,,2024-06-17T21:25:12.285418-04:00
"Ind56SColes_ADairy, Eggs & Fridge_SAReady to eat meals_IColes Kitchen Honey Soy & Garlic Stir Fry Sauce | 200g",Coles Kitchen Honey Soy & Garlic Stir Fry Sauce | 200g,Coles,"Dairy, Eggs & Fridge",Ready to eat meals,Italian meals & pasta,,$4.50,,,$2.25 per 100g,7748448,"Coles Kitchen Real Food Fast Honey, Soy and Garlic Stir Fry Sauce 200g.

Ready in minutes
No artificial colours and flavours
Delicious blend of sweet honey, savoury soy and garlic

Cook up a family favourite with Coles Kitchen Honey, Soy Garlic Stir Fry Sauce.
This classic combination of garlic, sweet honey and savoury soy packs a flavour punch and is great paired with chicken, beef or pork strips. For a tasty vegetarian option try swapping out the meat for firm fried tofu. You can use any vegetables you have on hand, but broccoli, cauliflower and snow peas are all popular choices.

Coles Kitchen Honey, Soy and Garlic Stir Fry Sauce helps you cut down on meal prep so dinner comes together fast. Just make sure you have all your ingredients ready to go before you fire up the stove because the actual cooking happens quickly. Part of what makes stir fries great is their versatility so feel free to get creative with Coles Kitchen Honey, Soy and Garlic Stir Fry Sauce and different veggies and toppings. Serve with Hokkien noodles or fluffy rice.

Coles Kitchen tip: Build even more flavour into your dish with a sprinkling of chopped spring onions and chilli flakes.",,,"Per 100g/ml
Per Serving
%DI
Energy
414
207
2
Protein
1.2
LESS THAN 1g
1
Total Fat
LESS THAN 1g
LESS THAN 1g
1
Saturated Fat
LESS THAN 1g
LESS THAN 1g
0
Carbohydrate
19.7
9.9
3
Sodium
549
275
12
Energy (Cal)
99
50
* Percentage Daily Intakes are based on an average adult diet of 8700 kJ. Your daily intakes may be higher or lower depending on your energy needs.",,https://www.coles.com.au/product/coles-kitchen-honey-soy-and-garlic-stir-fry-sauce-200g-7748448,,,2024-06-17T21:25:23.650081-04:00
"Ind56SColes_ADairy, Eggs & Fridge_SAReady to eat meals_IColes Kitchen Lamb Rogan Josh & Rice | 350g",Coles Kitchen Lamb Rogan Josh & Rice | 350g,Coles,"Dairy, Eggs & Fridge",Ready to eat meals,Indian food & meals,,$7.50,Pick any 2 for $14,,$2.14 per 100g,3468144,"From our kitchen to yours, Coles Kitchen offers you great-tasting food that is ready when you are",,,"Per 100g/ml
Per Serving
%DI
Energy
543.30
1901.55
Protein
7.90
27.65
Total Fat
3.40
11.90
Saturated Fat
1
3.5
Carbohydrate
16.00
56.00
Sugars
1.00
3.50
Sodium
180.00
630.00
Saturated
1.00
3.50
Energy (Cal)
129.98
454.92
Dietary Fibre (total)
1.40
4.90
Dietary Fibre
1.4
4.9
* Percentage Daily Intakes are based on an average adult diet of 8700 kJ. Your daily intakes may be higher or lower depending on your energy needs.",,https://www.coles.com.au/product/coles-kitchen-lamb-rogan-josh-and-rice-350g-3468144,,,2024-06-17T21:25:34.497196-04:00
"Ind56SColes_ADairy, Eggs & Fridge_SADairy, chilled & frozen_IColes Kitchen Family Side Potato Wedges | 400g",Coles Kitchen Family Side Potato Wedges | 400g,Coles,"Dairy, Eggs & Fridge","Dairy, chilled & frozen",Ready made meals,,$7.00,,,"$1.75 per 100g
Was $7.50 on Jun 2024",7750009,,,,"Per 100g/ml
Per Serving
%DI
Energy
586.00
586.00
Protein
3.60
3.60
Total Fat
3.50
3.50
Carbohydrate
21.70
21.70
Sugars
0.80
0.80
Sodium
185.00
185.00
Saturated
0.20
0.20
Energy (Cal)
140.19
140.19
Dietary Fibre (total)
3.30
3.30
Trans
0.01
0.01
* Percentage Daily Intakes are based on an average adult diet of 8700 kJ. Your daily intakes may be higher or lower depending on your energy needs.",,https://www.coles.com.au/product/coles-kitchen-family-side-potato-wedges-400g-7750009,,,2024-06-17T21:25:45.477861-04:00
"Ind56SColes_ADairy, Eggs & Fridge_SADairy, chilled & frozen_IColes Kitchen Lentil Dahl | 350g",Coles Kitchen Lentil Dahl | 350g,Coles,"Dairy, Eggs & Fridge","Dairy, chilled & frozen",Ready made meals,,$6.00,,,"$1.71 per 100g
Was $7.50 on Jun 2024",7748980,,,,"Per 100g/ml
Per Serving
%DI
Energy
421.50
737.63
Protein
4.80
8.40
Total Fat
3.50
6.13
Carbohydrate
10.40
18.20
Sugars
0.10
0.18
Sodium
110.00
192.50
Saturated
0.90
1.58
Energy (Cal)
100.84
176.47
Dietary Fibre (total)
4.20
7.35
Trans
0.10
0.18
* Percentage Daily Intakes are based on an average adult diet of 8700 kJ. Your daily intakes may be higher or lower depending on your energy needs.",,https://www.coles.com.au/product/coles-kitchen-lentil-dahl-350g-7748980,,,2024-06-17T21:25:56.672801-04:00
"Ind56SColes_ADairy, Eggs & Fridge_SAReady to eat meals_ILatina Gluten Free Tagliatelle | 280g",Latina Gluten Free Tagliatelle | 280g,Latina,"Dairy, Eggs & Fridge",Ready to eat meals,Italian meals & pasta,,$8.75,Pick any 2 for $13,,$3.13 per 100g,5153202,,,,,,https://www.coles.com.au/product/latina-gluten-free-tagliatelle-280g-5153202,,,2024-06-17T21:26:06.569885-04:00
"Ind56SColes_ADairy, Eggs & Fridge_SAReady to eat meals_IRana Pumpkin & Caramelised Onion Ravioli | 325g",Rana Pumpkin & Caramelised Onion Ravioli | 325g,Rana,"Dairy, Eggs & Fridge",Ready to eat meals,Italian meals & pasta,,$8.00,,,$2.46 per 100g,3091148,"Love the sweetness of the delicious Pumpkin with a touch of roasted onion, wrapped in paper thin pasta. A true flavours explosion.",,,,"Filling 52%: Pumpkin Puree 41%, Semiprocessed Low Fat Cheese [Low Fat Cheese (Milk, Salt, Rennet), Sunflower Oil, Potato Starch, Water, Salt], Cream (from Milk), Vegetable Fibre (contains Wheat), Grana Padano Cheese [Milk, Salt, Rennet, Lysozyme (from Egg)], Lactose, Breadcrumb (Soft Wheat Flour, Water, Salt, Yeast), Mustard Puree (Quince, Sugar, Natural Flavour), Butter (from Milk), Dehydrated Potatoes, Roasted Onion 1.1%, Corn Starch, Salt, Amaretti Biscuits (Sugar, Apricot Kernels, White Egg, Natural Flavouring), Natural Flavouring, Pasta 48%: Soft Wheat Flour, Egg 30%, Durum Wheat Semolina",https://www.coles.com.au/product/rana-pumpkin-and-caramelised-onion-ravioli-325g-3091148,,,2024-06-17T21:26:15.318439-04:00
"Ind56SColes_ADairy, Eggs & Fridge_SAYoufoodz_IYoufoodz Creamy Coconut Chicken With Fried Shallots | 338g",Youfoodz Creamy Coconut Chicken With Fried Shallots | 338g,Youfoodz,"Dairy, Eggs & Fridge",Youfoodz,Ready to eat meal,,$11.00,Pick any 2 for $16,,$3.25 per 100g,7078582,"Inspired by flavours of South East Asia, Youfoodz' Creamy Coconut Chicken is a mildly spiced curry of succulent sliced chicken bathed in a fragrant coconut sauce of ginger, lemongrass and turmeric. Served with a generous side of fluffy rice and sachet of fried shallots for added crunch.",,,"Per 100g/ml
Per Serving
%DI
Energy
548 kJ
1850 kJ
Protein
8.0 g
27.1 g
Total Fat
3.4 g
11.4 g
Saturated Fat
2.1 g
7.2 g
Carbohydrate
16.4 g
55.4 g
Sugars
1.8 g
6.0 g
Sodium
317 mg
1070 mg
Energy (Cal)
131 Cal
443 Cal
Dietary Fibre (total)
1.0 g
3.4 g
* Percentage Daily Intakes are based on an average adult diet of 8700 kJ. Your daily intakes may be higher or lower depending on your energy needs.",,https://www.coles.com.au/product/youfoodz-creamy-coconut-chicken-with-fried-shallots-338g-7078582,,,2024-06-17T21:26:26.257441-04:00
"Ind56SColes_ADairy, Eggs & Fridge_SAReady to eat meals_I400 Gradi Rustica Pizza | 400g",400 Gradi Rustica Pizza | 400g,400 Gradi,"Dairy, Eggs & Fridge",Ready to eat meals,Pizzas,,,,,,8050454,,,,,,https://www.coles.com.au/product/400-gradi-rustica-pizza-400g-8050454,,,2024-06-17T21:26:36.252267-04:00
"Ind56SColes_ADairy, Eggs & Fridge_SAReady to eat meals_IColes Perform Build Chicken Penne Pasta | 450g",Coles Perform Build Chicken Penne Pasta | 450g,Coles,"Dairy, Eggs & Fridge",Ready to eat meals,Other ready meals,,$10.00,Pick any 2 for $18,,$2.22 per 100g,5587508,,,,"Per 100g/ml
Per Serving
%DI
Energy
448.40
2017.80
Protein
8.80
39.60
Total Fat
1.30
5.85
Carbohydrate
14.70
66.15
Sugars
1.20
5.40
Sodium
190.00
855.00
Saturated
0.50
2.25
Energy (Cal)
107.27
482.73
Dietary Fibre (total)
0.10
0.45
Trans
0.10
0.45
* Percentage Daily Intakes are based on an average adult diet of 8700 kJ. Your daily intakes may be higher or lower depending on your energy needs.",,https://www.coles.com.au/product/coles-perform-build-chicken-penne-pasta-450g-5587508,,,2024-06-17T21:26:47.663802-04:00
"Ind56SColes_ADairy, Eggs & Fridge_SAReady to eat meals_IDari's Chicken Noodle Soup | 550g",Dari's Chicken Noodle Soup | 550g,Daris,"Dairy, Eggs & Fridge",Ready to eat meals,Soups & stews,,$5.50,,$6.80,$1.00 per 100g,1196611,"It's Chicken Noodle soup, but with a twist! We've added a touch of Asian flavour, a hint of spice, and a subtle kick of chilli to create a warming Oriental-inspired noodle dish. Ginger, lime, and coriander add freshness and zing to this light soup that's packed with flavour.",,,"Per 100g/ml
Per Serving
%DI
Energy
107
294
Protein
2.3
6.3
Total Fat
0.4
1.1
Saturated Fat
0.1
0.3
Carbohydrate
3.2
8.8
Sugars
0.7
1.9
Sodium
339
932
Energy (Cal)
26
72
Dietary Fibre (total)
0.5
1.4
Trans
0
0
* Percentage Daily Intakes are based on an average adult diet of 8700 kJ. Your daily intakes may be higher or lower depending on your energy needs.",,https://www.coles.com.au/product/dari's-chicken-noodle-soup-550g-1196611,,,2024-06-17T21:26:59.846048-04:00
"Ind56SColes_ADairy, Eggs & Fridge_SAReady to eat meals_IDari's Classic Pumpkin Soup | 350g",Dari's Classic Pumpkin Soup | 350g,Daris,"Dairy, Eggs & Fridge",Ready to eat meals,Soups & stews,,$4.80,,,$1.37 per 100g,7831359,"Pumpkin soup is the soup of the nation, so here's our take on this Aussie classic. We've packed as much pumpkin as we can into this recipe, adding stock and seasoning, to create a deliciously simple, full-flavoured soup that celebrates all that's great about this much-loved vegetable.
 ",,,"Per 100g/ml
Per Serving
%DI
Energy
84
294
Protein
0.5
1.8
Total Fat
0.2
0.7
Saturated Fat
0.1
0.4
Carbohydrate
4.0
14.0
Sugars
2.3
8.1
Sodium
210
735
Energy (Cal)
20
70
Dietary Fibre (total)
0.5
1.8
Trans
0.0
0.0
* Percentage Daily Intakes are based on an average adult diet of 8700 kJ. Your daily intakes may be higher or lower depending on your energy needs.",,https://www.coles.com.au/product/dari's-classic-pumpkin-soup-350g-7831359,,,2024-06-17T21:27:11.326435-04:00
"Ind56SColes_ADairy, Eggs & Fridge_SAReady to eat meals_IColes Kitchen Fajita Chicken & Rice | 350g",Coles Kitchen Fajita Chicken & Rice | 350g,Coles,"Dairy, Eggs & Fridge",Ready to eat meals,Other ready meals,,$7.50,Pick any 2 for $14,,$2.14 per 100g,7749021,"Australian chicken breast in a smokey tex mex sauce with red & green capsicum, served with rice",,,"Per 100g/ml
Per Serving
%DI
Energy
409.90
1434.65
Protein
6.10
21.35
Total Fat
1.40
4.90
Carbohydrate
13.60
47.60
Sugars
1.00
3.50
Sodium
160.00
560.00
Saturated
0.20
0.70
Energy (Cal)
98.06
343.22
Dietary Fibre (total)
2.90
10.15
Trans
0.10
0.35
* Percentage Daily Intakes are based on an average adult diet of 8700 kJ. Your daily intakes may be higher or lower depending on your energy needs.",,https://www.coles.com.au/product/coles-kitchen-fajita-chicken-and-rice-350g-7749021,,,2024-06-17T21:27:22.355020-04:00
"Ind56SColes_ADairy, Eggs & Fridge_SAReady to eat meals_IRana Spinach & Ricotta Tortellini | 325g",Rana Spinach & Ricotta Tortellini | 325g,Rana,"Dairy, Eggs & Fridge",Ready to eat meals,Italian meals & pasta,,$8.00,,,$2.46 per 100g,3091046,"Roughly chopped spinach and fabulously creamy, fresh ricotta, wrapped in paper thin pasta. Try serving them with a drizzle of extra-virgin olive oil, chilli flakes and a squeeze of lemon.",,,,"Filling 53%: Ricotta 29% (Whey, Milk, Salt, Citric Acid), Spinach 17%, Mascarpone Cheese (Cream, Milk, Citric Acid), Breadcrumbs (Soft Wheat Flour, Water, Salt, Yeast), Sunflower Oil, Parmigiano Reggiano Cheese (Milk, Salt, Rennet), Whey Powder, Butter, Vegetable Fibre, Salt, Potato Starch, Sugar, Garlic, Nutmeg, Natural Flavorings, Pasta 47%: Soft Wheat Flour, Eggs 30%, Durum Wheat Semolina",https://www.coles.com.au/product/rana-spinach-and-ricotta-tortellini-325g-3091046,,,2024-06-17T21:27:31.229613-04:00
"Ind56SColes_ADairy, Eggs & Fridge_SAReady to eat meals_ILatina Fresh Egg Fettuccine Pasta | 375g",Latina Fresh Egg Fettuccine Pasta | 375g,Latina,"Dairy, Eggs & Fridge",Ready to eat meals,Italian meals & pasta,,$6.00,,,$1.60 per 100g,5051790,,,,,,https://www.coles.com.au/product/latina-fresh-egg-fettuccine-pasta-375g-5051790,,,2024-06-17T21:27:40.198750-04:00
"Ind56SColes_ADairy, Eggs & Fridge_SAYoufoodz_IYoufoodz Clean Chicken With Sweet Potato & Broccoli | 300g",Youfoodz Clean Chicken With Sweet Potato & Broccoli | 300g,Youfoodz,"Dairy, Eggs & Fridge",Youfoodz,Ready to eat meal,,$11.00,Pick any 2 for $16,,$3.67 per 100g,3583936,"Youfoodz Clean Chicken & Sweet Potato with Broccoli & Peas is a seasoned chicken breast served with roast sweet potato, broccoli, peas & a sachet of vibrant pesto sauce.",,,"Per 100g/ml
Per Serving
%DI
Energy
453 kJ
1360 kJ
Protein
7.8 g
23.4 g
Total Fat
2.8 g
8.4 g
Saturated Fat
Less than 1 g
1.4 g
Carbohydrate
11.3 g
33.9 g
Sugars
5.2 g
15.5 g
Sodium
188 mg
564 mg
Energy (Cal)
108 Cal
325 Cal
Dietary Fibre (total)
1.8 g
5.5 g
* Percentage Daily Intakes are based on an average adult diet of 8700 kJ. Your daily intakes may be higher or lower depending on your energy needs.",,https://www.coles.com.au/product/youfoodz-clean-chicken-with-sweet-potato-and-broccoli-300g-3583936,,,2024-06-17T21:27:51.312695-04:00
"Ind56SColes_ADairy, Eggs & Fridge_SAReady to eat meals_IColes Kitchen Potato Gnocchi | 500g",Coles Kitchen Potato Gnocchi | 500g,Coles,"Dairy, Eggs & Fridge",Ready to eat meals,Italian meals & pasta,,$5.00,,,$1.00 per 100g,3167363,"KITCHEN INSPIRED CREATIONSFrom our kitchen to yours......Experience the taste of Italy at home.We have blended fresh Australian potato and free range egg with flour to create pillows of soft gnocchi, ready to serve with a sauce of your choice. A delicious meal, full of flavour and ready in minutes",,,"Per 100g/ml
Per Serving
%DI
Energy
789.50
986.88
Protein
5.20
6.50
Total Fat
0.50
0.63
Saturated Fat
LESS THAN 1g
LESS THAN 1g
2
Carbohydrate
38.60
48.25
Sugars
0.50
0.63
Sodium
142.00
177.50
Energy (Cal)
188.88
236.09
Dietary Fibre (total)
3.30
4.13
* Percentage Daily Intakes are based on an average adult diet of 8700 kJ. Your daily intakes may be higher or lower depending on your energy needs.",,https://www.coles.com.au/product/coles-kitchen-potato-gnocchi-500g-3167363,,,2024-06-17T21:28:02.436478-04:00
"Ind56SColes_ADairy, Eggs & Fridge_SAReady to eat meals_ILatina Dy Pasta Sauce Italian Tomato Garlic | 700g",Latina Dy Pasta Sauce Italian Tomato Garlic | 700g,Latina,"Dairy, Eggs & Fridge",Ready to eat meals,Italian meals & pasta,,$7.50,,,$1.07 per 100g,8999421,"So easy to pair with just about anything, Latina Fresh Italian Tomato & Garlic Pasta Sauce is sure to become a staple in your fridge. It's a rich blend of Australian tomatoes, onion and olive oil, perfectly balanced with a hint of garlic, oregano, basil and black pepper. No artificial colours or flavours.
Italian-style sauce made with Australian Tomatoes

Great for lasagne

No artificial colours or flavours

Perfect with any Latina Fresh pasta

Serves six",,,,,https://www.coles.com.au/product/latina-dy-pasta-sauce-italian-tomato-garlic-700g-8999421,,,2024-06-17T21:28:11.122421-04:00
"Ind56SColes_ADairy, Eggs & Fridge_SAReady to eat meals_IYoufoodz Shredded Beef Ravioli With Tomato Ragu | 310g",Youfoodz Shredded Beef Ravioli With Tomato Ragu | 310g,Youfoodz,"Dairy, Eggs & Fridge",Ready to eat meals,Other ready meals,,$11.00,Pick any 2 for $16,,$3.55 per 100g,7824896,"Inspired by the heartland of homestyle Italian cuisine, Youfoodz' Shredded Beef Ravioli features tender beef coated in a rich, slow-cooked tomato ragu sauce, piled on soft, beef-filled pillows of ravioli pasta.",,,"Per 100g/ml
Per Serving
%DI
Energy
679 kJ
2110 kJ
Protein
7.7 g
23.8 g
Total Fat
6.2 g
19.3 g
Saturated Fat
3.1 g
9.7 g
Carbohydrate
18.2 g
56.4 g
Sugars
2.4 g
7.5 g
Sodium
232 mg
719 mg
Energy (Cal)
162 Cal
503 Cal
Dietary Fibre (total)
Less than 1 g
1.5 g
* Percentage Daily Intakes are based on an average adult diet of 8700 kJ. Your daily intakes may be higher or lower depending on your energy needs.",,https://www.coles.com.au/product/youfoodz-shredded-beef-ravioli-with-tomato-ragu-310g-7824896,,,2024-06-17T21:28:22.145806-04:00
"Ind56SColes_ADairy, Eggs & Fridge_SAReady to eat meals_IColes Kitchen Chicken & Bacon Pasta Bake | 350g",Coles Kitchen Chicken & Bacon Pasta Bake | 350g,Coles,"Dairy, Eggs & Fridge",Ready to eat meals,Italian meals & pasta,,$8.00,Pick any 2 for $14,,$2.29 per 100g,2680766,From our kitchen to yours So you can experience the food of Italy at home we take durum wheat pasta and match to delicious simmered sauces before finishing with cheese. Food that is full of flavour and ready for you in minutes,,,"Per 100g/ml
Per Serving
%DI
Energy
660.90
2313.15
Protein
8.30
29.05
Total Fat
6.40
22.40
Carbohydrate
16.60
58.10
Sugars
0.90
3.15
Sodium
160.00
560.00
Saturated
3.40
11.90
Energy (Cal)
158.11
553.39
Dietary Fibre (total)
0.10
0.35
Trans
0.20
0.70
* Percentage Daily Intakes are based on an average adult diet of 8700 kJ. Your daily intakes may be higher or lower depending on your energy needs.",,https://www.coles.com.au/product/coles-kitchen-chicken-and-bacon-pasta-bake-350g-2680766,,,2024-06-17T21:28:33.539687-04:00
"Ind56SColes_ADairy, Eggs & Fridge_SAReady to eat meals_IHome Chef Quiche Lorraine | 200g",Home Chef Quiche Lorraine | 200g,Home Chef,"Dairy, Eggs & Fridge",Ready to eat meals,Pies & pastries,,$6.50,,,$3.25 per 100g,7829368,HOME CHEF QUICHE LORRAINE 4X200G,,,"Per 100g/ml
Per Serving
%DI
Energy
982
Protein
8
Total Fat
15.1
Saturated Fat
8
Carbohydrate
16.3
Sugars
2.8
Sodium
440
Energy (Cal)
235
* Percentage Daily Intakes are based on an average adult diet of 8700 kJ. Your daily intakes may be higher or lower depending on your energy needs.",,https://www.coles.com.au/product/home-chef-quiche-lorraine-200g-7829368,,,2024-06-17T21:28:44.518689-04:00
"Ind56SColes_ADairy, Eggs & Fridge_SAReady to eat meals_I400 Gradi ""Pizza 11"" Diavola Hot Salami"" | 430g","400 Gradi ""Pizza 11"" Diavola Hot Salami"" | 430g",400 Gradi,"Dairy, Eggs & Fridge",Ready to eat meals,Pizzas,,$12.00,,,$2.79 per 100g,3971629,,,,,,https://www.coles.com.au/product/400-gradi-%22pizza-11%22-diavola-hot-salami%22-430g-3971629,,,2024-06-17T21:28:53.146029-04:00
"Ind56SColes_ADairy, Eggs & Fridge_SAReady to eat meals_IGarlos Junior Sausage Rolls 12 pack | 780g",Garlos Junior Sausage Rolls 12 pack | 780g,Garlos,"Dairy, Eggs & Fridge",Ready to eat meals,Pies & pastries,,$12.90,,,$1.65 per 100g,7974083,"Garlo's Pies is an Australian owned and operated family business which opened its first pie shop in Maroubra, Sydney 2001. The name Garlo comes from the nickname of father and sons, Terry, Sean and Nathan Garlick. Terry a retired mechanic/wharfie, Sean an ex footballer with the Rabbitohs and Roosters and Nathan a master Pastry Chef and lifetime pie lover.
Heating Instructions
Convection Oven (Preferred)
Preheat oven 175C. Remove from wrapping but leave in foil tray and place on baking tray. If frozen heat for 35-45 mins. If refrigerated heat for 20-25mins
Microwave Oven (800 watt)
A microwave may be used to speed up heating time. Remove from wrapping and foil tray and wrap pie in paper towel. If frozen heat on high for 5 minutes. If refrigerated heat on high for 1 min 30 seconds. To make pastry crispy after microwaving, remove paper towel, return to foil tray and place on baking tray in convention oven for 4 minutes at 200C.",,,,,https://www.coles.com.au/product/garlos-junior-sausage-rolls-12-pack-780g-7974083,,,2024-06-17T21:29:02.042881-04:00
"Ind56SColes_ADairy, Eggs & Fridge_SAReady to eat meals_IColes Kitchen Thai Pumpkin Soup | 550g",Coles Kitchen Thai Pumpkin Soup | 550g,Coles,"Dairy, Eggs & Fridge",Ready to eat meals,Soups & stews,,$5.50,,,$1.00 per 100g,7750326,Smooth & Fragrant,,,"Per 100g/ml
Per Serving
%DI
Energy
124.10
341.28
Protein
0.30
0.83
Total Fat
0.80
2.20
Carbohydrate
4.60
12.65
Sugars
2.70
7.43
Sodium
200.00
550.00
Saturated
0.80
2.20
Energy (Cal)
29.69
81.64
Dietary Fibre (total)
1.40
3.85
Trans
0.10
0.28
* Percentage Daily Intakes are based on an average adult diet of 8700 kJ. Your daily intakes may be higher or lower depending on your energy needs.",,https://www.coles.com.au/product/coles-kitchen-thai-pumpkin-soup-550g-7750326,,,2024-06-17T21:29:12.943850-04:00
"Ind56SColes_ADairy, Eggs & Fridge_SA_IColes Finest Filled Pasta Pumpkin | 350g",Coles Finest Filled Pasta Pumpkin | 350g,Coles,"Dairy, Eggs & Fridge",,,,$6.50,,,$1.86 per 100g,3166145,"Thin, delicate pasta filled with sweet pumpkin, ricotta, mascarpone and Grana Padano,",,,"Per 100g/ml
Per Serving
%DI
Protein
8.5
14.88
30
Total Fat
4.3
7.53
11
Saturated Fat
3.0
5.3
22
Sodium
54
94.5
4
Trans
0.1
0.18
Dietary Fibre
5.4
9.45
* Percentage Daily Intakes are based on an average adult diet of 8700 kJ. Your daily intakes may be higher or lower depending on your energy needs.",,https://www.coles.com.au/product/coles-finest-filled-pasta-pumpkin-350g-3166145,,,2024-06-17T21:29:23.919496-04:00
"Ind56SColes_ADairy, Eggs & Fridge_SAReady to eat meals_IColes Kitchen Zucchini Slice | 700g",Coles Kitchen Zucchini Slice | 700g,Coles,"Dairy, Eggs & Fridge",Ready to eat meals,Pies & pastries,,$14.80,,,$2.11 per 100g,4218743,"Zucchini, bacon and cheddar cheese blended with Australian egg.Kitchen Inspired Creations From our kitchen to yours...... Our Classic slice uses carefully selected ingredients to give you homestyle comfort food full of flavour.",,,"Per 100g/ml
Per Serving
%DI
Energy
646.7
1131.73
Protein
9.4
16.45
Total Fat
8.1
14.18
Carbohydrate
10.4
18.2
Sugars
3.6
6.3
Sodium
349
610.75
Saturated
3.4
5.95
Energy (Cal)
154.71
270.75
Dietary Fibre (total)
1.3
2.28
* Percentage Daily Intakes are based on an average adult diet of 8700 kJ. Your daily intakes may be higher or lower depending on your energy needs.",,https://www.coles.com.au/product/coles-kitchen-zucchini-slice-700g-4218743,,,2024-06-17T21:29:34.993323-04:00
"Ind56SColes_ADairy, Eggs & Fridge_SAReady to eat meals_IColes Kitchen Laksa Chicken & Noodles | 350g",Coles Kitchen Laksa Chicken & Noodles | 350g,Coles,"Dairy, Eggs & Fridge",Ready to eat meals,Thai meals,,$7.50,Pick any 2 for $14,,$2.14 per 100g,7748685,Hokkien noodles with vegetables and Australian chicken breast in a fragrant coconut sauce,,,"Per 100g/ml
Per Serving
%DI
Energy
397.70
1391.95
Protein
6.80
23.80
Total Fat
3.30
11.55
Carbohydrate
8.00
28.00
Sugars
0.10
0.35
Sodium
140.00
490.00
Saturated
1.80
6.30
Energy (Cal)
95.14
333.00
Dietary Fibre (total)
3.00
10.50
Trans
0.10
0.35
* Percentage Daily Intakes are based on an average adult diet of 8700 kJ. Your daily intakes may be higher or lower depending on your energy needs.",,https://www.coles.com.au/product/coles-kitchen-laksa-chicken-and-noodles-350g-7748685,,,2024-06-17T21:29:46.002132-04:00
"Ind56SColes_ADairy, Eggs & Fridge_SAColes Finest_IColes Finest Filled Gnocchi Mozz Parmi Reggi & Ricotta | 350g",Coles Finest Filled Gnocchi Mozz Parmi Reggi & Ricotta | 350g,Coles,"Dairy, Eggs & Fridge",Coles Finest,meals,,$6.00,,,$1.71 per 100g,3920220,"Light, fluffy Italian gnocchi made with fresh potatoes filled with Italian ricotta, 24 month aged Parmigiano Reggiano and mozzarella cheeses",,,"Per 100g/ml
Per Serving
%DI
Energy
704
1230
14
Protein
5.9
10.3
21
Total Fat
3.45
6.03
9
Saturated Fat
2.30
4.03
17
Carbohydrate
27.1
47.4
15
Sugars
4.09
7.16
8
Sodium
394
690
30
Energy (Cal)
168
295
0
Dietary Fibre (total)
1.98
3.47
12
* Percentage Daily Intakes are based on an average adult diet of 8700 kJ. Your daily intakes may be higher or lower depending on your energy needs.",,https://www.coles.com.au/product/coles-finest-filled-gnocchi-mozz-parmi-reggi-and-ricotta-350g-3920220,,,2024-06-17T21:29:56.899719-04:00
"Ind56SColes_ADairy, Eggs & Fridge_SAReady to eat meals_IColes Kitchen Chilli Con Carne & Rice | 350g",Coles Kitchen Chilli Con Carne & Rice | 350g,Coles,"Dairy, Eggs & Fridge",Ready to eat meals,Other ready meals,,$7.50,Pick any 2 for $14,,$2.14 per 100g,7749203,"Australian beef in a rich chili sauce with red kidney beans, served with rice",,,"Per 100g/ml
Per Serving
%DI
Energy
452.00
1582.00
Protein
4.80
16.80
Total Fat
2.50
8.75
Carbohydrate
14.70
51.45
Sugars
1.30
4.55
Sodium
170.00
595.00
Saturated
1.20
4.20
Energy (Cal)
108.13
378.47
Dietary Fibre (total)
3.50
12.25
Trans
0.10
0.35
* Percentage Daily Intakes are based on an average adult diet of 8700 kJ. Your daily intakes may be higher or lower depending on your energy needs.",,https://www.coles.com.au/product/coles-kitchen-chilli-con-carne-and-rice-350g-7749203,,,2024-06-17T21:30:07.859043-04:00
"Ind56SColes_ADairy, Eggs & Fridge_SAReady to eat meals_IColes Kitchen Family Beef Massaman Curry | 800g",Coles Kitchen Family Beef Massaman Curry | 800g,Coles,"Dairy, Eggs & Fridge",Ready to eat meals,Thai meals,,$14.00,,,$1.75 per 100g,7372513,Australian beef and potatoes braised in a medium spiced massaman curry sauce,,,"Per 100g/ml
Per Serving
%DI
Energy
514.50
1029.00
Protein
8.80
17.60
Carbohydrate
5.40
10.80
Sugars
3.90
7.80
Sodium
299.00
598.00
Saturated
4.70
9.40
Energy (Cal)
123.09
246.17
Fat
7.10
14.20
Dietary Fibre (total)
1.30
2.60
Trans
0.10
0.20
* Percentage Daily Intakes are based on an average adult diet of 8700 kJ. Your daily intakes may be higher or lower depending on your energy needs.",,https://www.coles.com.au/product/coles-kitchen-family-beef-massaman-curry-800g-7372513,,,2024-06-17T21:30:19.921343-04:00
"Ind56SColes_ADairy, Eggs & Fridge_SAReady to eat meals_IColes Perform Mexican Style Beef & Bean Soup | 400g",Coles Perform Mexican Style Beef & Bean Soup | 400g,Coles,"Dairy, Eggs & Fridge",Ready to eat meals,Soups & stews,,$5.00,,,$1.25 per 100g,5071028,"Coles PerForm Mexican Beef and Bean Soup contains chunky beef, vegetables, red kidney and black beans in a mildly-spiced smokey-chipotle chilli broth. With up to 29g protein per meal, this is perfect as a fast, nourishing protein-rich soup to complement your exercise, diet or lifestyle goals.",,,"Per 100g/ml
Per Serving
%DI
Energy
368.70
1474.80
Protein
7.30
29.20
Carbohydrate
7.30
29.20
Sugars
2.30
9.20
Sodium
170.00
680.00
Saturated
0.60
2.40
Energy (Cal)
88.21
352.82
Fat
2.50
10.00
Dietary Fibre (total)
3.50
14.00
Trans
0.10
0.40
* Percentage Daily Intakes are based on an average adult diet of 8700 kJ. Your daily intakes may be higher or lower depending on your energy needs.",,https://www.coles.com.au/product/coles-perform-mexican-style-beef-and-bean-soup-400g-5071028,,,2024-06-17T21:30:31.011369-04:00
"Ind56SColes_ADairy, Eggs & Fridge_SAColes Finest_IColes Finest Butter Chicken With Pilau Rice | 350g",Coles Finest Butter Chicken With Pilau Rice | 350g,Coles,"Dairy, Eggs & Fridge",Coles Finest,meals,,$9.00,,,$2.57 per 100g,6011688,"Tender pieces of tikka marinated Australian chicken thigh in a creamy Northern Indian style mildly spiced tomato and cream sauce, served with an aromatic pilau rice sweetened with dried apricots and sultanas.",,,"Per 100g/ml
Per Serving
%DI
Energy
639.70
2238.95
Protein
5.90
20.65
Carbohydrate
20.80
72.80
Sugars
2.20
7.70
Sodium
170.00
595.00
Saturated
2.10
7.35
Energy (Cal)
153.04
535.63
Fat
5.00
17.50
Dietary Fibre (total)
0.10
0.35
Trans
0.10
0.35
* Percentage Daily Intakes are based on an average adult diet of 8700 kJ. Your daily intakes may be higher or lower depending on your energy needs.",,https://www.coles.com.au/product/coles-finest-butter-chicken-with-pilau-rice-350g-6011688,,,2024-06-17T21:30:42.189074-04:00
"Ind56SColes_ADairy, Eggs & Fridge_SAColes Finest_IColes Finest Chicken And Pancetta Carbonara Linguine | 400g",Coles Finest Chicken And Pancetta Carbonara Linguine | 400g,Coles,"Dairy, Eggs & Fridge",Coles Finest,meals,,$9.50,,,$2.38 per 100g,3771550,We've paired durum wheat linguine with a creamy parmesan and white wine sauce full of chunks of Australian chicken breast and smokey pancetta lardons. Topped with a sprinkling of tangy parmesan cheese to finish. Let us do the hard work for you.,,,"Per 100g/ml
Per Serving
%DI
Energy
703.10
2812.40
Protein
11.60
46.40
Total Fat
8.00
32.00
Carbohydrate
12.30
49.20
Sugars
1.40
5.60
Sodium
120.00
480.00
Saturated
4.10
16.40
Energy (Cal)
168.21
672.82
Dietary Fibre (total)
0.10
0.40
Trans
0.20
0.80
* Percentage Daily Intakes are based on an average adult diet of 8700 kJ. Your daily intakes may be higher or lower depending on your energy needs.",,https://www.coles.com.au/product/coles-finest-chicken-and-pancetta-carbonara-linguine-400g-3771550,,,2024-06-17T21:30:54.717057-04:00
"Ind56SColes_ADairy, Eggs & Fridge_SAReady to eat meals_IDari's FOTW Asian Chicken Soup | 550g",Dari's FOTW Asian Chicken Soup | 550g,Daris,"Dairy, Eggs & Fridge",Ready to eat meals,Soups & stews,,$8.20,,,$1.49 per 100g,7830913,"Free-range shredded chicken in a thick, velvety, coconut broth, loaded with fresh vegetables - is there anything more satisfying? We've added a little chilli, lime juice, ginger, fresh herbs, and spices to cut through the creaminess, and delicious noodles to make it extra filling.
 ",,,"Per 100g/ml
Per Serving
%DI
Energy
171
470
Protein
3.5
9.6
Total Fat
1.0
2.8
Saturated Fat
0.8
2.2
Carbohydrate
4.4
12.1
Sugars
0.9
2.5
Sodium
422
1160
Energy (Cal)
41
112
Dietary Fibre (total)
0.4
1.1
Trans
0.0
0.0
* Percentage Daily Intakes are based on an average adult diet of 8700 kJ. Your daily intakes may be higher or lower depending on your energy needs.",,https://www.coles.com.au/product/dari's-fotw-asian-chicken-soup-550g-7830913,,,2024-06-17T21:31:06.806354-04:00
"Ind56SColes_ADairy, Eggs & Fridge_SAReady to eat meals_IHerbert Adams Mac And Cheese With Smokey BBQ Pulled Beef | 1kg",Herbert Adams Mac And Cheese With Smokey BBQ Pulled Beef | 1kg,Herbert Adams,"Dairy, Eggs & Fridge",Ready to eat meals,Italian meals & pasta,,$18.50,,,$1.85 per 100g,7829357,MACARONI & CHEESE PASTA BAKE WITH BBQ PULLED BEEF,,,"Per 100g/ml
Per Serving
%DI
Energy
868
Protein
207
Total Fat
7.8
Saturated Fat
6.6
Carbohydrate
7.8
Sugars
4.1
Sodium
361
* Percentage Daily Intakes are based on an average adult diet of 8700 kJ. Your daily intakes may be higher or lower depending on your energy needs.",,https://www.coles.com.au/product/herbert-adams-mac-and-cheese-with-smokey-bbq-pulled-beef-1kg-7829357,,,2024-06-17T21:31:18.196960-04:00
"Ind56SColes_ADairy, Eggs & Fridge_SAReady to eat meals_IBun Boy BBQ Pork Buns | 270g",Bun Boy BBQ Pork Buns | 270g,Bun Boy,"Dairy, Eggs & Fridge",Ready to eat meals,Thai meals,,$11.95,,,$4.43 per 100g,7084880,Light fluffy buns filled with juicy free range pork marinated in our own delicious 5 spice blend. Delicious with a crispy Asian slaw and drizzled with your favourite sauce!,,,"Per 100g/ml
Per Serving
%DI
Energy
906kJ
1220kJ
Protein
6.6g
8.8g
Total Fat
2.3g
3.1g
Saturated Fat
0.4g
0.6g
Carbohydrate
40.8g
55.1g
Sugars
10.7g
14.4g
Sodium
325mg
439mg
* Percentage Daily Intakes are based on an average adult diet of 8700 kJ. Your daily intakes may be higher or lower depending on your energy needs.",,https://www.coles.com.au/product/bun-boy-bbq-pork-buns-270g-7084880,,,2024-06-17T21:31:29.287566-04:00
"Ind56SColes_ADairy, Eggs & Fridge_SAReady to eat meals_IPitango Organic Soup Minestrone | 600g",Pitango Organic Soup Minestrone | 600g,Pitango,"Dairy, Eggs & Fridge",Ready to eat meals,Soups & stews,,$5.75,,$7.25,$0.96 per 100g,4207419,"True food for us means only using carefully selected natural ingredients with no preservatives, artificial colours, flavours or added sugar. 

Vine tomatoes with loads of potatoes, carrots & onions, a handful of spinach, creamy cannellini beans & pasta. 

Italian classic.",,,"Per 100g/ml
Per Serving
%DI
Energy
199kJ
597kJ
7%
Protein
1.4g
4.2g
8%
Total Fat
0.4g
1.2g
2%
Saturated Fat
0.1g
0.3g
1%
Carbohydrate
8.4g
25.2g
8%
Sugars
3.4g
10.2g
11%
Sodium
251mg
753mg
33%
Monounsaturated
>1
>1
>1
Energy (Cal)
48Cal
144Cal
>1
Dietary Fibre (total)
1.5g
4.5g
15%
Polyunsaturated
>1
>1
>1
Trans
>1
>1
>1
* Percentage Daily Intakes are based on an average adult diet of 8700 kJ. Your daily intakes may be higher or lower depending on your energy needs.",,https://www.coles.com.au/product/pitango-organic-soup-minestrone-600g-4207419,,,2024-06-17T21:31:40.783086-04:00
"Ind56SColes_ADairy, Eggs & Fridge_SAReady to eat meals_IColes Perform Build Bolognese Sauce | 300g",Coles Perform Build Bolognese Sauce | 300g,Coles,"Dairy, Eggs & Fridge",Ready to eat meals,Italian meals & pasta,,$5.00,Pick any 2 for $18,,$1.67 per 100g,6012636,,,,"Per 100g/ml
Per Serving
%DI
Energy
351.60
527.40
Protein
5.60
8.40
Total Fat
3.20
4.80
Saturated Fat
1.10
1.65
Carbohydrate
7.60
11.40
Sugars
3.80
5.70
Sodium
220.00
330.00
Energy (Cal)
84.11
126.17
Dietary Fibre (total)
1.10
1.65
Trans
0.10
0.15
* Percentage Daily Intakes are based on an average adult diet of 8700 kJ. Your daily intakes may be higher or lower depending on your energy needs.",,https://www.coles.com.au/product/coles-perform-build-bolognese-sauce-300g-6012636,,,2024-06-17T21:31:54.017533-04:00
"Ind56SColes_ADairy, Eggs & Fridge_SAReady to eat meals_IIpastai Carbonara Sauce | 300g",Ipastai Carbonara Sauce | 300g,Ipastai,"Dairy, Eggs & Fridge",Ready to eat meals,Italian meals & pasta,,$7.50,,,$2.50 per 100g,6474926,"Our carbonara sauce is the perfect combo of smoky bacon and sweet onions, served in a velvety cream sauce. Ideal with your favourite long pasta.",,,"Per 100g/ml
Per Serving
%DI
Energy
828
1240
Protein
3.6
5.5
Total Fat
18.2
27.3
Saturated Fat
8.8
13.2
Carbohydrate
5.3
8
Sugars
3.5
5.2
Sodium
139
209
* Percentage Daily Intakes are based on an average adult diet of 8700 kJ. Your daily intakes may be higher or lower depending on your energy needs.",,https://www.coles.com.au/product/ipastai-carbonara-sauce-300g-6474926,,,2024-06-17T21:32:06.254417-04:00
"Ind56SColes_ADairy, Eggs & Fridge_SA_IColes Kitchen Pulled Pork Mac & Cheese | 350g",Coles Kitchen Pulled Pork Mac & Cheese | 350g,Coles,"Dairy, Eggs & Fridge",,,,$8.00,Pick any 2 for $14,,$2.29 per 100g,5586800,Macaroni in a creamy cheese sauce topped with smokey barbecue pulled pork.From our kitchen to yours. So you can experience the food of Italy at home we take durum wheat pasta and match to delicious simmered sauces before finishing with cheese. Food that is full of flavour and ready for you in minutes,,,"Per 100g/ml
Per Serving
%DI
Energy
693.80
2428.30
Protein
7.30
25.55
Total Fat
7.50
26.25
Carbohydrate
16.20
56.70
Sugars
2.70
9.45
Sodium
230.00
805.00
Saturated
4.40
15.40
Energy (Cal)
165.98
580.93
Fat
7.50
26.25
Dietary Fibre (total)
2.10
7.35
Trans
0.20
0.70
* Percentage Daily Intakes are based on an average adult diet of 8700 kJ. Your daily intakes may be higher or lower depending on your energy needs.",,https://www.coles.com.au/product/coles-kitchen-pulled-pork-mac-and-cheese-350g-5586800,,,2024-06-17T21:32:17.763400-04:00
"Ind56SColes_ADairy, Eggs & Fridge_SAReady to eat meals_IColes Kitchen Pesto And Sundried Tomato Gnocchi | 350g",Coles Kitchen Pesto And Sundried Tomato Gnocchi | 350g,Coles,"Dairy, Eggs & Fridge",Ready to eat meals,Italian meals & pasta,,$8.00,Pick any 2 for $14,,$2.29 per 100g,3903458,KITCHEN CREATIONS From our kitchen to yours......Experience the taste of Italy at home.We take pillows of soft gnocchi and match to delicious simmered sauces before finishing with cheese. Food that is full of flavour and ready for you in minutes,,,"Per 100g/ml
Per Serving
%DI
Energy
734.50
2570.75
Protein
5.10
17.85
Total Fat
6.30
22.05
Carbohydrate
23.50
82.25
Sugars
5.50
19.25
Sodium
300.00
1050.00
Saturated
3.90
13.65
Energy (Cal)
175.72
615.01
Dietary Fibre (total)
1.90
6.65
Trans
0.20
0.70
* Percentage Daily Intakes are based on an average adult diet of 8700 kJ. Your daily intakes may be higher or lower depending on your energy needs.",,https://www.coles.com.au/product/coles-kitchen-pesto-and-sundried-tomato-gnocchi-350g-3903458,,,2024-06-17T21:32:29.009875-04:00
"Ind56SColes_ADairy, Eggs & Fridge_SAReady to eat meals_ILatina Cheddar Cheese Agnolotti | 375g",Latina Cheddar Cheese Agnolotti | 375g,Latina,"Dairy, Eggs & Fridge",Ready to eat meals,Italian meals & pasta,,$6.50,,$8.00,$1.73 per 100g,7080008,,,,,,https://www.coles.com.au/product/latina-cheddar-cheese-agnolotti-375g-7080008,,,2024-06-17T21:32:37.749376-04:00
"Ind56SColes_ADairy, Eggs & Fridge_SADairy, chilled & frozen_IColes Kitchen Roast Vegetables | 300g",Coles Kitchen Roast Vegetables | 300g,Coles,"Dairy, Eggs & Fridge","Dairy, chilled & frozen",Ready made meals,,$6.00,,,"$2.00 per 100g
Was $7.50 on Jun 2024",7750053,,,,"Per 100g/ml
Per Serving
%DI
Energy
421.60
632.40
Protein
1.80
2.70
Total Fat
3.10
4.65
Carbohydrate
14.70
22.05
Sugars
10.20
15.30
Sodium
189.00
283.50
Saturated
0.30
0.45
Energy (Cal)
100.86
151.29
Dietary Fibre (total)
3.30
4.95
Trans
0.01
0.02
* Percentage Daily Intakes are based on an average adult diet of 8700 kJ. Your daily intakes may be higher or lower depending on your energy needs.",,https://www.coles.com.au/product/coles-kitchen-roast-vegetables-300g-7750053,,,2024-06-17T21:32:49.933488-04:00
"Ind56SColes_ADairy, Eggs & Fridge_SAReady to eat meals_IColes Kitchen Plain Pizza Base | 260g",Coles Kitchen Plain Pizza Base | 260g,Coles,"Dairy, Eggs & Fridge",Ready to eat meals,Pizzas,,$2.20,Buy 2 for $4,,$0.85 per 100g,4691581,"Kitchen Inspired Creations From our kitchen to yours......A pizzeria experience at home. We've used Australian flour to form a stone baked pizza base, ready for you to add your favourite toppings.",,,"Per 100g/ml
Per Serving
%DI
Energy
1009.00
655.85
Protein
8.70
5.66
Carbohydrate
40.90
26.59
Sugars
4.00
2.60
Sodium
410.00
266.50
Saturated
0.40
0.26
Energy (Cal)
241.39
156.90
Fat
2.60
1.69
Dietary Fibre (total)
8.70
5.66
Trans
0.01
0.01
* Percentage Daily Intakes are based on an average adult diet of 8700 kJ. Your daily intakes may be higher or lower depending on your energy needs.",,https://www.coles.com.au/product/coles-kitchen-plain-pizza-base-260g-4691581,,,2024-06-17T21:33:00.982108-04:00
"Ind56SColes_ADairy, Eggs & Fridge_SAYoufoodz_IYoufoodz Slow Cooked BBQ Beef And Mash Meal | 326g",Youfoodz Slow Cooked BBQ Beef And Mash Meal | 326g,Youfoodz,"Dairy, Eggs & Fridge",Youfoodz,Ready to eat meal,,$11.00,Pick any 2 for $16,,$3.37 per 100g,3769480,"Our BBQ Beef with Creamy Mash & Carrots is a star staple at Youfoodz. The beef in this meal is incredibly tender since it's been slow-roasted for hours then smothered in a hearty BBQ sauce of onion, carrot, capsicum, celery and garlic. It's made complete with a serve of creamy mashed potatoes and sliced carrot. The best part - for so much flavour, it's incredibly lite at just 282 calories!",,,"Per 100g/ml
Per Serving
%DI
Energy
379 kJ
1240 kJ
Protein
5.3 g
17.3 g
Total Fat
3.1 g
10.0 g
Saturated Fat
1.7 g
5.6 g
Carbohydrate
9.7 g
31.6 g
Sugars
4.0 g
13.0 g
Sodium
479 mg
1560 mg
Energy (Cal)
91 Cal
296 Cal
Dietary Fibre (total)
1.6 g
5.3 g
* Percentage Daily Intakes are based on an average adult diet of 8700 kJ. Your daily intakes may be higher or lower depending on your energy needs.",,https://www.coles.com.au/product/youfoodz-slow-cooked-bbq-beef-and-mash-meal-326g-3769480,,,2024-06-17T21:33:12.032296-04:00
"Ind56SColes_ADairy, Eggs & Fridge_SAReady to eat meals_IBun Boy Vegetarian Buns | 270g",Bun Boy Vegetarian Buns | 270g,Bun Boy,"Dairy, Eggs & Fridge",Ready to eat meals,Thai meals,,$11.95,,,$4.43 per 100g,7084891,Light fluffy buns filled with delicious mixed veggies marinated in our own sweet chilli sauce. Delicious with a crispy Asian slaw and drizzled with your favourite sauce!,,,"Per 100g/ml
Per Serving
%DI
Energy
904kJ
1220kJ
Protein
6g
8.1g
Total Fat
2.7g
3.6g
Saturated Fat
0.4g
0.6g
Carbohydrate
39.8g
53.7g
Sugars
8.9g
12g
Sodium
302mg
408mg
* Percentage Daily Intakes are based on an average adult diet of 8700 kJ. Your daily intakes may be higher or lower depending on your energy needs.",,https://www.coles.com.au/product/bun-boy-vegetarian-buns-270g-7084891,,,2024-06-17T21:33:22.930464-04:00
"Ind56SColes_ADairy, Eggs & Fridge_SAYoufoodz_IYoufoodz Creamy Chicken Carbonara | 310g",Youfoodz Creamy Chicken Carbonara | 310g,Youfoodz,"Dairy, Eggs & Fridge",Youfoodz,Ready to eat meal,,$11.00,Pick any 2 for $16,,$3.55 per 100g,3584112,"You really can't go wrong with carbonara, so we created our very own version.

Our Creamy Chicken Carbonara features al dente fettuccine made using Australian ingredients, tender slices of chicken, pieces of ham, mushrooms and of course, a creamy cheese and garlic sauce. Sure, it's a little indulgent, but it's packed with 38 grams of protein which is absolutely good for you.",,,"Per 100g/ml
Per Serving
%DI
Energy
499 kJ
1550 kJ
Protein
9.1 g
28.1 g
Total Fat
3.7 g
11.4 g
Saturated Fat
2.1 g
6.5 g
Carbohydrate
11.7 g
36.2 g
Sugars
1.3 g
3.9 g
Sodium
462 mg
1430 mg
Energy (Cal)
119 Cal
370 Cal
Dietary Fibre (total)
1.3 g
3.9 g
* Percentage Daily Intakes are based on an average adult diet of 8700 kJ. Your daily intakes may be higher or lower depending on your energy needs.",,https://www.coles.com.au/product/youfoodz-creamy-chicken-carbonara-310g-3584112,,,2024-06-17T21:33:35.582604-04:00
"Ind56SColes_ADairy, Eggs & Fridge_SAReady to eat meals_IColes Kitchen Chicken Tikka Masala & Rice | 350g",Coles Kitchen Chicken Tikka Masala & Rice | 350g,Coles,"Dairy, Eggs & Fridge",Ready to eat meals,Indian food & meals,,$7.50,Pick any 2 for $14,,$2.14 per 100g,2877523,"Marinated Australian chicken breast in a rich tandoori spiced masala sauce finished with cream, served with basmati rice",,,"Per 100g/ml
Per Serving
%DI
Energy
524.90
1837.15
Protein
7.90
27.65
Total Fat
3.20
11.20
Carbohydrate
15.40
53.90
Sugars
2.70
9.45
Sodium
170.00
595.00
Saturated
1.20
4.20
Energy (Cal)
125.57
439.51
Fat
3.20
11.20
Dietary Fibre (total)
1.30
4.55
Trans
0.10
0.35
* Percentage Daily Intakes are based on an average adult diet of 8700 kJ. Your daily intakes may be higher or lower depending on your energy needs.",,https://www.coles.com.au/product/coles-kitchen-chicken-tikka-masala-and-rice-350g-2877523,,,2024-06-17T21:33:48.186046-04:00
"Ind56SColes_ADairy, Eggs & Fridge_SAReady to eat meals_IColes Kitchen Spaghetti Carbonara | 350g",Coles Kitchen Spaghetti Carbonara | 350g,Coles,"Dairy, Eggs & Fridge",Ready to eat meals,Italian meals & pasta,,$7.50,Pick any 2 for $14,,$2.14 per 100g,2680802,"From our kitchen to yours, Coles Kitchen offers you great-tasting food that is ready when you are",,,"Per 100g/ml
Per Serving
%DI
Energy
598.70
2095.45
Protein
5.50
19.25
Saturated Fat
3.9
13.7
57
Carbohydrate
14.00
49.00
Sugars
0.70
2.45
Sodium
190.00
665.00
Saturated
3.90
13.65
Energy (Cal)
143.23
501.30
Fat
7.20
25.20
Dietary Fibre (total)
0.10
0.35
Trans
0.20
0.70
* Percentage Daily Intakes are based on an average adult diet of 8700 kJ. Your daily intakes may be higher or lower depending on your energy needs.",,https://www.coles.com.au/product/coles-kitchen-spaghetti-carbonara-350g-2680802,,,2024-06-17T21:34:00.635299-04:00
"Ind56SColes_ADairy, Eggs & Fridge_SAReady to eat meals_IColes Ricotta Spinach Agnolotti Pasta | 600g",Coles Ricotta Spinach Agnolotti Pasta | 600g,Coles,"Dairy, Eggs & Fridge",Ready to eat meals,Italian meals & pasta,,$5.50,,,$0.92 per 100g,2714303,Coles Spinach & Ricotta Agnolotti,,,"Per 100g/ml
Per Serving
%DI
Energy
1040
1570
18
Protein
10.7
16.1
32
Total Fat
5.1
7.7
11
Saturated Fat
3.4
5.1
21
Carbohydrate
37.6
56.4
18
Sugars
1.50
2.25
Sodium
324
486
21
Saturated
2.30
3.45
Energy (Cal)
250
374
Dietary Fibre (total)
3.20
4.80
* Percentage Daily Intakes are based on an average adult diet of 8700 kJ. Your daily intakes may be higher or lower depending on your energy needs.",,https://www.coles.com.au/product/coles-ricotta-spinach-agnolotti-pasta-600g-2714303,,,2024-06-17T21:34:11.944427-04:00
"Ind56SColes_ADairy, Eggs & Fridge_SAReady to eat meals_IHerbert Adams Quiche Pumpkin Parmesan Spinach | 200g",Herbert Adams Quiche Pumpkin Parmesan Spinach | 200g,Herbert Adams,"Dairy, Eggs & Fridge",Ready to eat meals,Pies & pastries,,$7.30,,,$3.65 per 100g,3775970,"Herbert Adams Gourmet Quiche Selection Pumpkin, Parmesan & Spinach Quiche 200g. Perfect addition to your meal.",,,"Per 100g/ml
Per Serving
%DI
Energy
927kJ
1850kJ
21%
Protein
6.2g
12.4g
25%
Total Fat
8.9g
17.8g
25%
Saturated Fat
4.8g
9.6g
40%
Carbohydrate
27.7g
55.4g
18%
Sugars
2.6g
5.2g
6%
Sodium
320mg
640mg
28%
Energy (Cal)
221Cal
442Cal
Dietary Fibre (total)
2.7g
5.5g
18%
* Percentage Daily Intakes are based on an average adult diet of 8700 kJ. Your daily intakes may be higher or lower depending on your energy needs.",,https://www.coles.com.au/product/herbert-adams-quiche-pumpkin-parmesan-spinach-200g-3775970,,,2024-06-17T21:34:23.226539-04:00
"Ind56SColes_ADairy, Eggs & Fridge_SAYoufoodz_IYoufoodz Fueld Butter Chicken | 444g",Youfoodz Fueld Butter Chicken | 444g,Youfoodz,"Dairy, Eggs & Fridge",Youfoodz,Ready to eat meal,,$12.00,,,$2.70 per 100g,7078844,Youfoodz FUEL'D Butter Chicken is a rich blend of Indian spices and toasted almonds in a thick coconut curry with tender slices of chicken. Complete with a serving of brown rice and slice of naan bread to soak up every last drop.,,,"Per 100g/ml
Per Serving
%DI
Energy
753 kJ
3280 kJ
Protein
8.2 g
35.7 g
Total Fat
7.2 g
31.6 g
Saturated Fat
4.7 g
20.6 g
Carbohydrate
19.9 g
86.7 g
Sugars
2.7 g
11.8 g
Sodium
414 mg
1810 mg
Energy (Cal)
180 Cal
785 Cal
Dietary Fibre (total)
1.1 g
5.0 g
* Percentage Daily Intakes are based on an average adult diet of 8700 kJ. Your daily intakes may be higher or lower depending on your energy needs.",,https://www.coles.com.au/product/youfoodz-fueld-butter-chicken-444g-7078844,,,2024-06-17T21:34:34.431556-04:00
"Ind56SColes_ADairy, Eggs & Fridge_SAReady to eat meals_IIpastai Basil Pesto Sauce | 180g",Ipastai Basil Pesto Sauce | 180g,Ipastai,"Dairy, Eggs & Fridge",Ready to eat meals,Italian meals & pasta,,$7.50,,,$4.17 per 100g,6380389,"Italy's famous green sauce made the traditional way. Creamy, rich, green goodness for the perfect pasta or something more...think bruschetta, pizza, pie....let your imagination go green!",,,"Per 100g/ml
Per Serving
%DI
Energy
2270
1140
Protein
6.3
3.2
Total Fat
57.7
28.8
Saturated Fat
6.1
3.1
Carbohydrate
6.6
3.3
Sugars
3.2
1.6
Sodium
2210
1100
* Percentage Daily Intakes are based on an average adult diet of 8700 kJ. Your daily intakes may be higher or lower depending on your energy needs.",,https://www.coles.com.au/product/ipastai-basil-pesto-sauce-180g-6380389,,,2024-06-17T21:34:45.962602-04:00
"Ind56SColes_ADairy, Eggs & Fridge_SAReady to eat meals_ICucina Classica Gnocchi Al Ragu | 300g",Cucina Classica Gnocchi Al Ragu | 300g,Cucina,"Dairy, Eggs & Fridge",Ready to eat meals,Italian meals & pasta,,$9.90,,,$3.30 per 100g,7833682,,,,,,https://www.coles.com.au/product/cucina-classica-gnocchi-al-ragu-300g-7833682,,,2024-06-17T21:34:54.810186-04:00
"Ind56SColes_ADairy, Eggs & Fridge_SAReady to eat meals_IColes Perform Build Chicken Stroganoff | 420g",Coles Perform Build Chicken Stroganoff | 420g,Coles,"Dairy, Eggs & Fridge",Ready to eat meals,Other ready meals,,$10.00,Pick any 2 for $18,,$2.38 per 100g,5070965,"Coles PerForm Chicken Stroganoff using chargrilled chicken pieces and a rich, creamy mushroom sauce. Served with spinach, feta and peas. With up to 44.5g protein per meal, this is perfect as a fast, nourishing protein-rich meal to complement your exercise, diet or lifestyle goals.",,,"Per 100g/ml
Per Serving
%DI
Energy
442.60
1858.92
Protein
10.60
44.52
Total Fat
2.00
8.40
Saturated Fat
1.0
4.2
18
Carbohydrate
10.00
42.00
Sugars
0.80
3.36
Saturated
1.00
4.20
Sodium
130.00
546.00
Energy (Cal)
105.89
444.72
Fat
2.00
8.40
Dietary Fibre (total)
2.30
9.66
Trans
0.10
0.42
trans
LESS THAN 1g
LESS THAN 1g
* Percentage Daily Intakes are based on an average adult diet of 8700 kJ. Your daily intakes may be higher or lower depending on your energy needs.",,https://www.coles.com.au/product/coles-perform-build-chicken-stroganoff-420g-5070965,,,2024-06-17T21:35:05.731236-04:00
"Ind56SColes_ADairy, Eggs & Fridge_SAReady to eat meals_ILatina Fresh Veal Tortellini Pasta | 375g",Latina Fresh Veal Tortellini Pasta | 375g,Latina,"Dairy, Eggs & Fridge",Ready to eat meals,Italian meals & pasta,,$6.50,,$8.00,$1.73 per 100g,5051836,,,,,,https://www.coles.com.au/product/latina-fresh-veal-tortellini-pasta-375g-5051836,,,2024-06-17T21:35:14.955692-04:00
"Ind56SColes_ADairy, Eggs & Fridge_SAReady to eat meals_IColes Perform Build Chicken Carbonara & Spinach Fettucine | 400g",Coles Perform Build Chicken Carbonara & Spinach Fettucine | 400g,Coles,"Dairy, Eggs & Fridge",Ready to eat meals,Other ready meals,,$10.00,Pick any 2 for $18,,$2.50 per 100g,7749214,,,,"Per 100g/ml
Per Serving
%DI
Energy
527.70
2110.80
Protein
8.80
35.20
Total Fat
2.90
11.60
Carbohydrate
15.60
62.40
Sugars
0.70
2.80
Sodium
150.00
600.00
Saturated
1.20
4.80
Energy (Cal)
126.24
504.98
Dietary Fibre (total)
0.70
2.80
Trans
0.10
0.40
* Percentage Daily Intakes are based on an average adult diet of 8700 kJ. Your daily intakes may be higher or lower depending on your energy needs.",,https://www.coles.com.au/product/coles-perform-build-chicken-carbonara-and-spinach-fettucine-400g-7749214,,,2024-06-17T21:35:25.958089-04:00
"Ind56SColes_ADairy, Eggs & Fridge_SAReady to eat meals_IColes Meals Thai Chicken Curry With Rice | 350g",Coles Meals Thai Chicken Curry With Rice | 350g,Coles,"Dairy, Eggs & Fridge",Ready to eat meals,Indian food & meals,,$5.00,,,$1.43 per 100g,3360556,Coles Brand meals are made with quality ingredients. Enjoy delicious Thai Chicken Curry With Rice.,,,"Per 100g/ml
Per Serving
%DI
Energy
569.70
1993.95
Protein
6.30
22.05
Total Fat
3.20
11.20
Carbohydrate
20.20
70.70
Sugars
2.30
8.05
Sodium
260.00
910.00
Saturated
1.40
4.90
Energy (Cal)
136.29
477.02
Fat
3.20
11.20
Dietary Fibre (total)
0.10
0.35
Trans
0.10
0.35
* Percentage Daily Intakes are based on an average adult diet of 8700 kJ. Your daily intakes may be higher or lower depending on your energy needs.",,https://www.coles.com.au/product/coles-meals-thai-chicken-curry-with-rice-350g-3360556,,,2024-06-17T21:35:37.174638-04:00
"Ind56SColes_ADairy, Eggs & Fridge_SAReady to eat meals_ILatina Fresh Creamy Sun-Dried Tomato Pasta Sauce | 425g",Latina Fresh Creamy Sun-Dried Tomato Pasta Sauce | 425g,Latina,"Dairy, Eggs & Fridge",Ready to eat meals,Italian meals & pasta,,$7.50,,,$1.76 per 100g,6026890,"The perfect pasta topper, Latina Fresh Creamy Sun-dried Tomato Pasta Sauce is umami-delicious with no artificial colours or flavours. Blended with fresh cream and milk, onion, olive oil and basil, it's versatile enough to pair with a variety of meals, from gnocchi and risotto to chicken parmigiana.
Tomato sauce with fresh Australian Cream & Milk

No artificial colours

No artificial flavours

Perfect with any Latina Fresh pasta

Serves four",,,,,https://www.coles.com.au/product/latina-fresh-creamy-sun-dried-tomato-pasta-sauce-425g-6026890,,,2024-06-17T21:35:46.128689-04:00
"Ind56SColes_ADairy, Eggs & Fridge_SAColes Finest_IColes Finest Angus Beef Lasagne | 700g",Coles Finest Angus Beef Lasagne | 700g,Coles,"Dairy, Eggs & Fridge",Coles Finest,meals,,,,,,3771572,"Our meat ragu starts the Italian way with an aromatic soffrito. We add fresh Australian Angus beef, tomatoes, red wine and herbs & spices to create a rich ragu before hand layering with fresh pasta and topping with a rich and creamy cheese sauce. Let us do the hard work for you.",,,"Per 100g/ml
Per Serving
%DI
Energy
654.10
2289.35
Protein
8.20
28.70
Carbohydrate
10.00
35.00
Sugars
2.90
10.15
Sodium
280.00
980.00
Saturated
5.10
17.85
Energy (Cal)
156.48
547.69
Fat
9.10
31.85
Dietary Fibre (total)
1.00
3.50
Trans
0.40
1.40
* Percentage Daily Intakes are based on an average adult diet of 8700 kJ. Your daily intakes may be higher or lower depending on your energy needs.",,https://www.coles.com.au/product/coles-finest-angus-beef-lasagne-700g-3771572,,,2024-06-17T21:35:58.242883-04:00
"Ind56SColes_ADairy, Eggs & Fridge_SAReady to eat meals_ILatina Fresh Roast Chicken & Garlic Ravioli Pasta | 625g",Latina Fresh Roast Chicken & Garlic Ravioli Pasta | 625g,Latina,"Dairy, Eggs & Fridge",Ready to eat meals,Italian meals & pasta,,$11.00,,,$1.76 per 100g,7294409,"This 5-minute Latina Fresh Classic Roast Chicken & Garlic Ravioli Pasta makes the perfect easy family dinner, combined with your favourite Latina Carbonara pasta sauce. A good source of protein and fibre, it also contains no artificial colours or flavours. Combine with shredded red cabbage and carrots for a tasty twist on traditional coleslaw.
Ravioli made with Australian Chicken

Good source of protein

Good source of fibre

No artificial colours or flavours

Serves four",,,,"Durum Wheat Semolina, Water, Breadcrumbs (Wheat Flour, Yeast, Sugar, Salt, Wheat Gluten), Roast Chicken (10%), Onion (5%), Butter (Milk), Egg, Salt, Canola Oil, Garlic (1%), Flavour, Wheat Fibre, Black Pepper (0.05%). Pasta wrapped around a Roast Chicken and Garlic filling.",https://www.coles.com.au/product/latina-fresh-roast-chicken-and-garlic-ravioli-pasta-625g-7294409,,,2024-06-17T21:36:07.209023-04:00
"Ind56SColes_ADairy, Eggs & Fridge_SAReady to eat meals_IColes Kitchen Chicken Parma & Roast Potatoes | 330g",Coles Kitchen Chicken Parma & Roast Potatoes | 330g,Coles,"Dairy, Eggs & Fridge",Ready to eat meals,Italian meals & pasta,,$7.50,Pick any 2 for $14,,$2.27 per 100g,7750337,"Crumbed chicken breast with tomato sauce, mozzarella & roasted paprika potatoes",,,"Per 100g/ml
Per Serving
%DI
Energy
578.50
1909.05
Protein
7.70
25.41
Total Fat
3.80
12.54
Carbohydrate
16.60
54.78
Sugars
0.10
0.33
Sodium
150.00
495.00
Saturated
0.10
0.33
Energy (Cal)
138.40
456.71
Dietary Fibre (total)
3.10
10.23
Trans
0.10
0.33
* Percentage Daily Intakes are based on an average adult diet of 8700 kJ. Your daily intakes may be higher or lower depending on your energy needs.",,https://www.coles.com.au/product/coles-kitchen-chicken-parma-and-roast-potatoes-330g-7750337,,,2024-06-17T21:36:18.413934-04:00
"Ind56SColes_ADairy, Eggs & Fridge_SAReady to eat meals_IGarlos Junior Pies Lean Beef 12 Pack | 660g",Garlos Junior Pies Lean Beef 12 Pack | 660g,Garlos,"Dairy, Eggs & Fridge",Ready to eat meals,Pies & pastries,,$12.90,,,,7391234,,,,,,https://www.coles.com.au/product/garlos-junior-pies-lean-beef-12-pack-660g-7391234,,,2024-06-17T21:36:27.965863-04:00
"Ind56SColes_ADairy, Eggs & Fridge_SAReady to eat meals_ISupreme Plain Roti 4 pack | 500g",Supreme Plain Roti 4 pack | 500g,Supreme,"Dairy, Eggs & Fridge",Ready to eat meals,Thai meals,,$7.60,,,$1.52 per 100g,8227892,"The roti bread is a traditional style of thinly-layered Indian bread. It can be prepared sweet, like a crepe, or can be enjoyed with curries and dips. Fully cooked and full of flavour, it's never been simpler to have authentic, hand-made Indian bread. Lightly heat on a frying pan on a low heat or zap in the microwave for about 20 seconds for a taste sensation.",,,"Per 100g/ml
Per Serving
%DI
Energy
1110kJ
1388kJ
Protein
7g
8.8g
Total Fat
5.5g
6.9g
Saturated Fat
1.2g
1.5g
Carbohydrate
44.4g
55.5g
Sugars
2.5g
3.1g
Sodium
480mg
600mg
Dietary Fibre (total)
3.8g
4.8g
* Percentage Daily Intakes are based on an average adult diet of 8700 kJ. Your daily intakes may be higher or lower depending on your energy needs.",,https://www.coles.com.au/product/supreme-plain-roti-4-pack-500g-8227892,,,2024-06-17T21:36:39.125587-04:00
"Ind56SColes_ADairy, Eggs & Fridge_SAReady to eat meals_IGarlos Limited Edition Pie | 200g",Garlos Limited Edition Pie | 200g,Garlos,"Dairy, Eggs & Fridge",Ready to eat meals,Pies & pastries,,$5.00,,,$2.50 per 100g,3649819,"Established in Maroubra in 1991, The Garlo's Pies team create wholesome foods for any moment",,,,,https://www.coles.com.au/product/garlos-limited-edition-pie-200g-3649819,,,2024-06-17T21:36:47.911175-04:00
"Ind56SColes_ADairy, Eggs & Fridge_SAReady to eat meals_IColes Kitchen Choc Peanut Butter Bite | 40g",Coles Kitchen Choc Peanut Butter Bite | 40g,Coles,"Dairy, Eggs & Fridge",Ready to eat meals,Grab & go snacks,,$2.70,,,$6.75 per 100g,7829288,Dark Choc Peanut Butter Bite with a smooth and salty peanut butter core,,,"Per 100g/ml
Per Serving
%DI
Energy
1970.70
788.28
Protein
11.20
4.48
Total Fat
29.10
11.64
Carbohydrate
35.60
14.24
Sugars
18.50
7.40
Sodium
52.00
20.80
Saturated
15.10
6.04
Energy (Cal)
471.46
188.58
Dietary Fibre (total)
12.30
4.92
Trans
0.10
0.04
* Percentage Daily Intakes are based on an average adult diet of 8700 kJ. Your daily intakes may be higher or lower depending on your energy needs.",,https://www.coles.com.au/product/coles-kitchen-choc-peanut-butter-bite-40g-7829288,,,2024-06-17T21:36:58.781342-04:00
"Ind56SColes_ADairy, Eggs & Fridge_SAReady to eat meals_IDari's On The Go Chicken Broth | 350g",Dari's On The Go Chicken Broth | 350g,Daris,"Dairy, Eggs & Fridge",Ready to eat meals,Soups & stews,,$4.80,,,$1.37 per 100g,7834018,"Made with the finest ingredients, our chicken broth is simmered to perfection, infusing every sip with rich flavour and warmth. Whether enjoyed on its own or used as a base for your favourite recipes, our chicken broth will nourish the soul.",,,"Per 100g/ml
Per Serving
%DI
Energy
82
287
Protein
3.0
10.5
Total Fat
0.2
0.7
Saturated Fat
0.1
0.4
Carbohydrate
1.4
4.9
Sugars
1.1
3.9
Sodium
169
592
Energy (Cal)
20
69
Dietary Fibre (total)
0.4
1.4
Trans
0.0
0.0
* Percentage Daily Intakes are based on an average adult diet of 8700 kJ. Your daily intakes may be higher or lower depending on your energy needs.",,https://www.coles.com.au/product/dari's-on-the-go-chicken-broth-350g-7834018,,,2024-06-17T21:37:10.013164-04:00
"Ind56SColes_ADairy, Eggs & Fridge_SAReady to eat meals_ILatina Lasagne Ravioli | 625g",Latina Lasagne Ravioli | 625g,Latina,"Dairy, Eggs & Fridge",Ready to eat meals,Italian meals & pasta,,$11.00,,,$1.76 per 100g,5577548,,,,,,https://www.coles.com.au/product/latina-lasagne-ravioli-625g-5577548,,,2024-06-17T21:37:18.947690-04:00
"Ind56SColes_ADairy, Eggs & Fridge_SAReady to eat meals_IColes Perform Lean Vegetable Masala And Rice | 370g",Coles Perform Lean Vegetable Masala And Rice | 370g,Coles,"Dairy, Eggs & Fridge",Ready to eat meals,Other ready meals,,$10.00,Pick any 2 for $18,,$2.70 per 100g,6011440,,,,"Per 100g/ml
Per Serving
%DI
Energy
410.60
1519.22
Protein
12.50
46.25
Total Fat
1.80
6.66
Saturated Fat
0.50
1.85
Carbohydrate
5.90
21.83
Sugars
2.00
7.40
Sodium
130.00
481.00
Energy (Cal)
98.23
363.45
Dietary Fibre (total)
3.90
14.43
Trans
0.10
0.37
* Percentage Daily Intakes are based on an average adult diet of 8700 kJ. Your daily intakes may be higher or lower depending on your energy needs.",,https://www.coles.com.au/product/coles-perform-lean-vegetable-masala-and-rice-370g-6011440,,,2024-06-17T21:37:30.272314-04:00
"Ind56SColes_ADairy, Eggs & Fridge_SAReady to eat meals_IColes Kitchen Spaghetti Bolognese | 350g",Coles Kitchen Spaghetti Bolognese | 350g,Coles,"Dairy, Eggs & Fridge",Ready to eat meals,Italian meals & pasta,,$7.50,Pick any 2 for $14,,$2.14 per 100g,3771266,"From our kitchen to yours, Coles Kitchen offers you great-tasting food that is ready when you are",,,"Per 100g/ml
Per Serving
%DI
Sugars
1.70
5.95
Sodium
68.00
238.00
Saturated
1.30
4.55
Energy (Cal)
129.98
454.92
Fat
3.70
12.95
Dietary Fibre (total)
1.50
5.25
* Percentage Daily Intakes are based on an average adult diet of 8700 kJ. Your daily intakes may be higher or lower depending on your energy needs.",,https://www.coles.com.au/product/coles-kitchen-spaghetti-bolognese-350g-3771266,,,2024-06-17T21:37:41.444137-04:00
"Ind56SColes_ADairy, Eggs & Fridge_SAReady to eat meals_ILatina Fresh Kids Mini Ravioli Pasta Cheese & Vegetable | 200g",Latina Fresh Kids Mini Ravioli Pasta Cheese & Vegetable | 200g,Latina,"Dairy, Eggs & Fridge",Ready to eat meals,Italian meals & pasta,,$6.00,Pick any 2 for $9,,$3.00 per 100g,6393926,,,,,,https://www.coles.com.au/product/latina-fresh-kids-mini-ravioli-pasta-cheese-and-vegetable-200g-6393926,,,2024-06-17T21:37:50.249002-04:00
"Ind56SColes_ADairy, Eggs & Fridge_SAReady to eat meals_ILatina Fresh Beef Ravioli Pasta | 625g",Latina Fresh Beef Ravioli Pasta | 625g,Latina,"Dairy, Eggs & Fridge",Ready to eat meals,Italian meals & pasta,,$11.00,,,$1.76 per 100g,5404110,,,,,,https://www.coles.com.au/product/latina-fresh-beef-ravioli-pasta-625g-5404110,,,2024-06-17T21:37:59.248122-04:00
"Ind56SColes_ADairy, Eggs & Fridge_SAReady to eat meals_IReady Chef Pork & Beef Lasagne | 1.9kg",Ready Chef Pork & Beef Lasagne | 1.9kg,Ready Chef,"Dairy, Eggs & Fridge",Ready to eat meals,Italian meals & pasta,,$16.00,,,$0.84 per 100g,5071345,"Ready Chef Heat 'N' Eat Pork & Beef Lasagne Family Size Bake is an authentic homestyle pork & beef ragu, generously layered on delicious pasta and topped with bechamel sauce. Serves 6. Oven 55 mins.",,,"Per 100g/ml
Per Serving
%DI
Energy
577kJ
1830kJ
21%
Protein
5.1g
16.2g
32%
Total Fat
5.5g
17.3g
25%
Saturated Fat
2.8g
9.0g
38%
Carbohydrate
16.4g
52.0g
17%
Sugars
3.6g
11.6g
13%
Sodium
199mg
630mg
27%
Monounsaturated
>1
>1
>1
Energy (Cal)
>1
>1
>1
Dietary Fibre (total)
1.1g
3.6g
12%
Polyunsaturated
>1
>1
>1
Trans
>1
>1
>1
* Percentage Daily Intakes are based on an average adult diet of 8700 kJ. Your daily intakes may be higher or lower depending on your energy needs.",,https://www.coles.com.au/product/ready-chef-pork-and-beef-lasagne-1.9kg-5071345,,,2024-06-17T21:38:10.272756-04:00
"Ind56SColes_ADairy, Eggs & Fridge_SAReady to eat meals_IColes Kitchen Thai Green Chicken Curry & Rice | 350g",Coles Kitchen Thai Green Chicken Curry & Rice | 350g,Coles,"Dairy, Eggs & Fridge",Ready to eat meals,Thai meals,,$7.50,Pick any 2 for $14,,$2.14 per 100g,2875110,"Australian chicken breast in an aromatic green curry sauce with green capsicum and kaffir lime, served with jasmine rice",,,"Per 100g/ml
Per Serving
%DI
Energy
632.60
2214.10
Protein
10.20
35.70
Total Fat
4.90
17.15
Carbohydrate
16.30
57.05
Sugars
2.30
8.05
Sodium
180.00
630.00
Saturated
2.80
9.80
Energy (Cal)
151.34
529.69
Fat
4.90
17.15
Dietary Fibre (total)
0.10
0.35
Trans
0.10
0.35
* Percentage Daily Intakes are based on an average adult diet of 8700 kJ. Your daily intakes may be higher or lower depending on your energy needs.","INGREDIENTS LIST:

Thai Green Chicken Curry (Fish) (57%), Cooked Jasmine Rice (43%).

Thai Green Chicken Curry contains: Cooked Australian RSPCA Approved Chicken Breast (30%), Coconut Cream [Coconut Cream, Stabiliser (415, 412, 407)], Green Beans, Green Capsicum (4%), Water, Palm Sugar, Thai Green Curry Paste (3%), Vinegar, Fish Sauce, Vegetable Oil, Thickener (Starch), Vegetable Stock Seasoning [contains Natural Flavouring], Chilli, Thai Basil, Kaffir Lime Leaf (0.1%), Modified Starch (1422, 1442).

Cooked Jasmine Rice contains: Jasmine Rice, Vegetable Oil, Salt.",https://www.coles.com.au/product/coles-kitchen-thai-green-chicken-curry-and-rice-350g-2875110,,,2024-06-17T21:38:21.488760-04:00
"Ind56SColes_ADairy, Eggs & Fridge_SADairy, chilled & frozen_IColes Kitchen Family Side Roast Potatoes | 600g",Coles Kitchen Family Side Roast Potatoes | 600g,Coles,"Dairy, Eggs & Fridge","Dairy, chilled & frozen",Ready made meals,,$7.00,,,"$1.17 per 100g
Was $7.50 on Jun 2024",7749000,,,,"Per 100g/ml
Per Serving
%DI
Energy
407.40
611.10
Protein
2.00
3.00
Total Fat
1.20
1.80
Carbohydrate
17.80
26.70
Sugars
0.70
1.05
Sodium
23.00
34.50
Saturated
0.10
0.15
Energy (Cal)
97.46
146.20
Dietary Fibre (total)
3.30
4.95
Trans
0.10
0.15
* Percentage Daily Intakes are based on an average adult diet of 8700 kJ. Your daily intakes may be higher or lower depending on your energy needs.",,https://www.coles.com.au/product/coles-kitchen-family-side-roast-potatoes-600g-7749000,,,2024-06-17T21:38:32.305271-04:00
"Ind56SColes_ADairy, Eggs & Fridge_SAReady to eat meals_ILatina Tomato & Bacon Pasta Sauce | 425g",Latina Tomato & Bacon Pasta Sauce | 425g,Latina,"Dairy, Eggs & Fridge",Ready to eat meals,Italian meals & pasta,,$7.50,,,$1.76 per 100g,7730045,,,,,,https://www.coles.com.au/product/latina-tomato-and-bacon-pasta-sauce-425g-7730045,,,2024-06-17T21:38:42.594995-04:00
"Ind56SColes_ADairy, Eggs & Fridge_SAReady to eat meals_IColes Kitchen BBQ Chicken & Bacon Pizza | 460g",Coles Kitchen BBQ Chicken & Bacon Pizza | 460g,Coles,"Dairy, Eggs & Fridge",Ready to eat meals,Pizzas,,$6.50,Pick any 2 for $12,,$1.41 per 100g,6204604,"KITCHEN INSPIRED CREATIONS From our kitchen to yours......A pizzeria experience at home. We take a stone baked base and top it with vibrant tomato passata and barbecue sauce before finishing with roasted RSPCA Approved Australian chicken, smoked bacon and mozzarella. Generously topped and ready for you in minutes",,,"Per 100g/ml
Per Serving
%DI
Energy
864.70
994.41
Protein
11.10
12.77
Carbohydrate
23.70
27.26
Sugars
6.60
7.59
Sodium
555.00
638.25
Saturated
2.60
2.99
Energy (Cal)
206.87
237.90
Fat
6.30
7.25
Dietary Fibre (total)
5.00
5.75
Trans
0.04
0.05
* Percentage Daily Intakes are based on an average adult diet of 8700 kJ. Your daily intakes may be higher or lower depending on your energy needs.",,https://www.coles.com.au/product/coles-kitchen-bbq-chicken-and-bacon-pizza-460g-6204604,,,2024-06-17T21:38:54.679333-04:00
"Ind56SColes_ADairy, Eggs & Fridge_SAReady to eat meals_IRana Filled Tortellini Basil And Pine Nuts | 325g",Rana Filled Tortellini Basil And Pine Nuts | 325g,Rana,"Dairy, Eggs & Fridge",Ready to eat meals,Italian meals & pasta,,$8.00,,,$2.46 per 100g,3752716,"Basil, Pecorino cheese and pine nuts, wrapped in paper thin pasta. Enjoy the taste of one of the most famous and traditional Italian recipes.",,,,"Filling 53%: Ricotta (Whey, Milk, Salt, Citric Acid), Basil Paste 15% (Basil 60%, Sunflower Oil, Salt, Ascorbic Acid) Mozzarella Cheese (Milk, Salt, Non-Animal Rennet), Sunflower Oil, Vegetable Fibres, Pecorino Romano Cheese (Sheep's Milk, Salt, Animal Rennet), Breadcrumbs (Soft Wheat Flour, Water, Salt, Yeast), Cashew Nuts 4%, Lactose (from Milk), Full Fat Hard Cheese (Milk, Salt, Non-Animal Rennet), Corn Starch, Pine Nuts 1%, Natural Flavouring (contains Barley), Pasta 47%: Soft Wheat Flour, Egg 30%, Durum Wheat Semolina",https://www.coles.com.au/product/rana-filled-tortellini-basil-and-pine-nuts-325g-3752716,,,2024-06-17T21:39:03.567602-04:00
"Ind56SColes_ADairy, Eggs & Fridge_SAReady to eat meals_IColes Kitchen Spinach & Ricotta Cannelloni | 350g",Coles Kitchen Spinach & Ricotta Cannelloni | 350g,Coles,"Dairy, Eggs & Fridge",Ready to eat meals,Italian meals & pasta,,$8.00,Pick any 2 for $14,,$2.29 per 100g,3771277,"Spinach and ricotta cheese rolled in pasta and layered with bechamel and tomato sauces, topped with mozzarella",,,"Per 100g/ml
Per Serving
%DI
Energy
470.00
1645.00
Protein
5.40
18.90
Total Fat
0.90
3.15
Carbohydrate
19.30
67.55
Sugars
1.90
6.65
Sodium
210.00
735.00
Saturated
0.20
0.70
Energy (Cal)
112.44
393.54
Fat
0.90
3.15
Dietary Fibre (total)
2.10
7.35
Trans
0.10
0.35
* Percentage Daily Intakes are based on an average adult diet of 8700 kJ. Your daily intakes may be higher or lower depending on your energy needs.",,https://www.coles.com.au/product/coles-kitchen-spinach-and-ricotta-cannelloni-350g-3771277,,,2024-06-17T21:39:14.697821-04:00
"Ind56SColes_ADairy, Eggs & Fridge_SAReady to eat meals_IColes Nature'S Kitchen Vegetable Tikka Masala And Pilau Rice | 350g",Coles Nature'S Kitchen Vegetable Tikka Masala And Pilau Rice | 350g,Coles,"Dairy, Eggs & Fridge",Ready to eat meals,Indian food & meals,,,,,,3468042,Chickpeas and capsicum cooked in a medium spiced tomato and onion masala sauce served with fragrant pilau rice,,,"Per 100g/ml
Per Serving
%DI
Energy
552.80
1934.80
Protein
3.30
11.55
Total Fat
3.80
13.30
Carbohydrate
20.10
70.35
Sugars
2.10
7.35
Sodium
140.00
490.00
Saturated
1.00
3.50
Energy (Cal)
132.25
462.87
Dietary Fibre (total)
1.80
6.30
Trans
0.10
0.35
* Percentage Daily Intakes are based on an average adult diet of 8700 kJ. Your daily intakes may be higher or lower depending on your energy needs.",,https://www.coles.com.au/product/coles-nature's-kitchen-vegetable-tikka-masala-and-pilau-rice-350g-3468042,,,2024-06-17T21:39:27.483598-04:00
"Ind56SColes_ADairy, Eggs & Fridge_SAReady to eat meals_IColes Kitchen Butter Chicken With Rice | 350g",Coles Kitchen Butter Chicken With Rice | 350g,Coles,"Dairy, Eggs & Fridge",Ready to eat meals,Indian food & meals,,$7.50,Pick any 2 for $14,,$2.14 per 100g,7325091,"Australian marinated chicken breast in a mildly spiced cream and tomato sauce, served with basmati rice",,,"Per 100g/ml
Per Serving
%DI
Energy
652.80
2284.80
Protein
8.70
30.45
Carbohydrate
17.90
62.65
Sugars
2.80
9.80
Sodium
130.00
455.00
Saturated
2.80
9.80
Energy (Cal)
156.17
546.60
Fat
5.40
18.90
Dietary Fibre (total)
0.10
0.35
Trans
0.20
0.70
* Percentage Daily Intakes are based on an average adult diet of 8700 kJ. Your daily intakes may be higher or lower depending on your energy needs.",,https://www.coles.com.au/product/coles-kitchen-butter-chicken-with-rice-350g-7325091,,,2024-06-17T21:39:38.974492-04:00
"Ind56SColes_ADairy, Eggs & Fridge_SAReady to eat meals_IColes Kitchen Braised Beef & Mash | 350g",Coles Kitchen Braised Beef & Mash | 350g,Coles,"Dairy, Eggs & Fridge",Ready to eat meals,Other ready meals,,$8.00,Pick any 2 for $14,,$2.29 per 100g,3467968,"From our kitchen to yours, Coles Kitchen offers you great-tasting food that is ready when you are",,,"Per 100g/ml
Per Serving
%DI
Energy
551.70
1930.95
Protein
6.30
22.05
Total Fat
7.80
27.30
Carbohydrate
8.00
28.00
Sugars
0.90
3.15
Sodium
190.00
665.00
Saturated
4.30
15.05
Energy (Cal)
131.99
461.95
Dietary Fibre (total)
2.50
8.75
Trans
0.40
1.40
* Percentage Daily Intakes are based on an average adult diet of 8700 kJ. Your daily intakes may be higher or lower depending on your energy needs.",,https://www.coles.com.au/product/coles-kitchen-braised-beef-and-mash-350g-3467968,,,2024-06-17T21:39:51.510652-04:00
"Ind56SColes_ADairy, Eggs & Fridge_SAReady to eat meals_IColes Kitchen Family Butter Chicken | 800g",Coles Kitchen Family Butter Chicken | 800g,Coles,"Dairy, Eggs & Fridge",Ready to eat meals,Indian food & meals,,$12.00,,,$1.50 per 100g,7372058,Australian marinated chicken breast in a mildly spiced cream and tomato curry sauce,,,"Per 100g/ml
Per Serving
%DI
Energy
593.10
1186.20
Protein
14.80
29.60
Carbohydrate
7.20
14.40
Sugars
4.20
8.40
Sodium
150.00
300.00
Saturated
3.50
7.00
Energy (Cal)
141.89
283.78
Fat
5.90
11.80
Dietary Fibre (total)
0.10
0.20
Trans
0.20
0.40
* Percentage Daily Intakes are based on an average adult diet of 8700 kJ. Your daily intakes may be higher or lower depending on your energy needs.",,https://www.coles.com.au/product/coles-kitchen-family-butter-chicken-800g-7372058,,,2024-06-17T21:40:02.607487-04:00
"Ind56SColes_ADairy, Eggs & Fridge_SAReady to eat meals_IColes Kitchen Quiche Lorraine | 700g",Coles Kitchen Quiche Lorraine | 700g,Coles,"Dairy, Eggs & Fridge",Ready to eat meals,Pies & pastries,,$14.80,,,$2.11 per 100g,4218437,From our kitchen to yours...... Our Classic quiche range uses carefully selected ingredients to give you homestyle comfort food full of flavour.,,,"Per 100g/ml
Per Serving
%DI
Energy
919.4
1608.95
Protein
8.3
14.53
Total Fat
12.9
22.58
Carbohydrate
17
29.75
Sugars
2.6
4.55
Sodium
408
714
Saturated
6.9
12.08
Energy (Cal)
219.95
384.92
Dietary Fibre (total)
1.5
2.63
* Percentage Daily Intakes are based on an average adult diet of 8700 kJ. Your daily intakes may be higher or lower depending on your energy needs.",,https://www.coles.com.au/product/coles-kitchen-quiche-lorraine-700g-4218437,,,2024-06-17T21:40:13.597314-04:00
"Ind56SColes_ADairy, Eggs & Fridge_SAReady to eat meals_IRana Filled Pasta Pumpkin & Cheese Tortellini | 565g",Rana Filled Pasta Pumpkin & Cheese Tortellini | 565g,Rana,"Dairy, Eggs & Fridge",Ready to eat meals,Italian meals & pasta,,$10.00,,,$1.77 per 100g,5152855,"From humble beginnings in Verona to the tables of the world, Giovanni Rana started a global food revolution.It's been a story of passion, innovation and family.",,,,,https://www.coles.com.au/product/rana-filled-pasta-pumpkin-and-cheese-tortellini-565g-5152855,,,2024-06-17T21:40:23.462142-04:00
"Ind56SColes_ADairy, Eggs & Fridge_SAReady to eat meals_IPitango Free Range Chicken Sweet Corn & Noodle Soup | 600g",Pitango Free Range Chicken Sweet Corn & Noodle Soup | 600g,Pitango,"Dairy, Eggs & Fridge",Ready to eat meals,Soups & stews,,$5.75,,$7.25,$0.96 per 100g,5067304,,,,,,https://www.coles.com.au/product/pitango-free-range-chicken-sweet-corn-and-noodle-soup-600g-5067304,,,2024-06-17T21:40:32.249404-04:00
"Ind56SColes_ADairy, Eggs & Fridge_SAReady to eat meals_IColes Kitchen Garlic Naan 2 | 360g",Coles Kitchen Garlic Naan 2 | 360g,Coles,"Dairy, Eggs & Fridge",Ready to eat meals,Hot snacks & sides,,$3.90,,,$1.08 per 100g,3769990,KITCHEN INSPIRED CREATIONS From our kitchen to yours....To give our naan bread its distinctive pillowy texture we enrich the dough with yoghurt and leave to rest before baking until it bubbles up to create cripsy pockets and a soft centre,,,"Per 100g/ml
Per Serving
%DI
Energy
1351.2
1216.08
Protein
9.5
8.55
Carbohydrate
41.2
37.08
Sugars
4
3.6
Sodium
420
378
Saturated
3.3
2.97
Energy (Cal)
323.2535885
290.9282297
Fat
12.1
10.89
Dietary Fibre (total)
5.2
4.68
Trans
0.01
0.009
* Percentage Daily Intakes are based on an average adult diet of 8700 kJ. Your daily intakes may be higher or lower depending on your energy needs.",,https://www.coles.com.au/product/coles-kitchen-garlic-naan-2-360g-3769990,,,2024-06-17T21:40:43.357393-04:00
"Ind56SColes_ADairy, Eggs & Fridge_SAReady to eat meals_IColes Nature's Kitchen Veggie Sauce | 425g",Coles Nature's Kitchen Veggie Sauce | 425g,Coles,"Dairy, Eggs & Fridge",Ready to eat meals,Italian meals & pasta,,,,,,3649433,"Chunky veggie pasta sauce containing a blend of tomato, onion, carrot, zucchini, capsicum and celery",,,"Per 100g/ml
Per Serving
%DI
Energy
170.90
181.15
Protein
1.10
1.17
Carbohydrate
4.40
4.66
Sugars
2.60
2.76
Sodium
250.00
265.00
Saturated
0.20
0.21
Energy (Cal)
40.89
43.34
Fat
1.40
1.48
Dietary Fibre (total)
3.20
3.39
Trans
0.10
0.11
* Percentage Daily Intakes are based on an average adult diet of 8700 kJ. Your daily intakes may be higher or lower depending on your energy needs.",,https://www.coles.com.au/product/coles-nature's-kitchen-veggie-sauce-425g-3649433,,,2024-06-17T21:40:54.178318-04:00
"Ind56SColes_ADairy, Eggs & Fridge_SAReady to eat meals_IColes Kitchen Quiche Lorraine 2 Pack | 400g",Coles Kitchen Quiche Lorraine 2 Pack | 400g,Coles,"Dairy, Eggs & Fridge",Ready to eat meals,Pies & pastries,,$10.90,,,$2.73 per 100g,4219270,From our kitchen to yours......Our Classic quiche range uses carefully selected ingredients to give you homestyle comfort food full of flavour.,,,"Per 100g/ml
Per Serving
%DI
Energy
1117.20
2234.40
Protein
8.50
17.00
Carbohydrate
23.40
46.80
Sugars
3.10
6.20
Sodium
458.00
916.00
Saturated
8.40
16.80
Energy (Cal)
267.27
534.55
Fat
15.30
30.60
Dietary Fibre (total)
1.10
2.20
Trans
0.30
0.60
* Percentage Daily Intakes are based on an average adult diet of 8700 kJ. Your daily intakes may be higher or lower depending on your energy needs.",,https://www.coles.com.au/product/coles-kitchen-quiche-lorraine-2-pack-400g-4219270,,,2024-06-17T21:41:05.386145-04:00
"Ind56SColes_ADairy, Eggs & Fridge_SAReady to eat meals_IColes Kitchen Butternut Pumpkin Soup | 300g",Coles Kitchen Butternut Pumpkin Soup | 300g,Coles,"Dairy, Eggs & Fridge",Ready to eat meals,Soups & stews,,$4.00,,,$1.33 per 100g,3467447,"From our kitchen to yours, Coles Kitchen offers you great-tasting food that is ready when you are",,,"Per 100g/ml
Per Serving
%DI
Energy
279.20
837.60
Protein
0.60
1.80
Total Fat
4.30
12.90
Carbohydrate
5.10
15.30
Sugars
3.80
11.40
Sodium
130.00
390.00
Saturated
2.20
6.60
Energy (Cal)
66.79
200.38
Dietary Fibre (total)
2.90
8.70
Trans
0.10
0.30
* Percentage Daily Intakes are based on an average adult diet of 8700 kJ. Your daily intakes may be higher or lower depending on your energy needs.",,https://www.coles.com.au/product/coles-kitchen-butternut-pumpkin-soup-300g-3467447,,,2024-06-17T21:41:16.596585-04:00
"Ind56SColes_ADairy, Eggs & Fridge_SAReady to eat meals_IColes Kitchen Satay Style Stir Fry Sauce | 200g",Coles Kitchen Satay Style Stir Fry Sauce | 200g,Coles,"Dairy, Eggs & Fridge",Ready to eat meals,Italian meals & pasta,,$4.50,,,$2.25 per 100g,7748459,Logo: Vegetarian (as per DHO)Logo: NAFNAC (as per DHO)4 serves,,,"Per 100g/ml
Per Serving
%DI
Energy
535
268
3
Protein
3.4
1.7
3
Total Fat
8.4
4.2
6
Saturated Fat
3.1
1.5
6
Carbohydrate
7.4
3.7
1
Sodium
253
127
6
Energy (Cal)
128
64
trans
LESS THAN 0.1g
LESS THAN 0.1g
* Percentage Daily Intakes are based on an average adult diet of 8700 kJ. Your daily intakes may be higher or lower depending on your energy needs.",,https://www.coles.com.au/product/coles-kitchen-satay-style-stir-fry-sauce-200g-7748459,,,2024-06-17T21:41:29.780295-04:00
"Ind56SColes_ADairy, Eggs & Fridge_SAReady to eat meals_IColes Pasta Tortellini Veal | 600g",Coles Pasta Tortellini Veal | 600g,Coles,"Dairy, Eggs & Fridge",Ready to eat meals,Italian meals & pasta,,$5.50,,,$0.92 per 100g,2714289,Coles Veal Tortellini,,,"Per 100g/ml
Per Serving
%DI
Energy
1170
1760
20
Protein
12.4
18.6
37
Total Fat
7.3
11.0
16
Saturated Fat
1.2
1.8
8
Carbohydrate
39.5
59.3
19
Sugars
1.30
1.95
Sodium
258
387
17
Saturated
2.60
3.90
Energy (Cal)
281
421
Dietary Fibre (total)
3.20
4.80
Trans
0.20
0.30
* Percentage Daily Intakes are based on an average adult diet of 8700 kJ. Your daily intakes may be higher or lower depending on your energy needs.",,https://www.coles.com.au/product/coles-pasta-tortellini-veal-600g-2714289,,,2024-06-17T21:41:40.775557-04:00
"Ind56SColes_ADairy, Eggs & Fridge_SAReady to eat meals_IColes Kitchen Beef Massaman Curry & Rice | 350g",Coles Kitchen Beef Massaman Curry & Rice | 350g,Coles,"Dairy, Eggs & Fridge",Ready to eat meals,Thai meals,,$7.50,Pick any 2 for $14,,$2.14 per 100g,2875120,"Australian beef and potato braised in a medium spiced massaman curry sauce, served with jasmine rice",,,"Per 100g/ml
Per Serving
%DI
Energy
663.80
2323.30
Protein
9.20
32.20
Carbohydrate
18.70
65.45
Sugars
1.40
4.90
Sodium
160.00
560.00
Saturated
2.70
9.45
Energy (Cal)
158.80
555.81
Fat
5.10
17.85
Dietary Fibre (total)
0.10
0.35
Trans
0.10
0.35
* Percentage Daily Intakes are based on an average adult diet of 8700 kJ. Your daily intakes may be higher or lower depending on your energy needs.",,https://www.coles.com.au/product/coles-kitchen-beef-massaman-curry-and-rice-350g-2875120,,,2024-06-17T21:41:52.088537-04:00
"Ind56SColes_ADairy, Eggs & Fridge_SAReady to eat meals_IDari's Beef & Barley Soup | 550g",Dari's Beef & Barley Soup | 550g,Daris,"Dairy, Eggs & Fridge",Ready to eat meals,Soups & stews,,$5.50,,$6.80,$1.00 per 100g,5062774,"Nothing says hearty more than Beef and Barley soup, and our version of this classic really satisfies. Made with selected cuts of aged beef brisket for full flavour, we've added vegetables and healthy carbs to create a complete, wholesome dish that's sure to become a year-round favourite.",,,"Per 100g/ml
Per Serving
%DI
Energy
210
578
Protein
5.8
16.0
Total Fat
0.7
1.9
Saturated Fat
0.3
0.8
Carbohydrate
5.0
13.8
Sugars
1.1
3.0
Sodium
265
729
Energy (Cal)
50
138
Dietary Fibre (total)
0.5
1.4
Trans
0
0
* Percentage Daily Intakes are based on an average adult diet of 8700 kJ. Your daily intakes may be higher or lower depending on your energy needs.",,https://www.coles.com.au/product/dari's-beef-and-barley-soup-550g-5062774,,,2024-06-17T21:42:04.550638-04:00
"Ind56SColes_ADairy, Eggs & Fridge_SAReady to eat meals_IColes Perform Build Butter Chicken | 400g",Coles Perform Build Butter Chicken | 400g,Coles,"Dairy, Eggs & Fridge",Ready to eat meals,Other ready meals,,$10.00,Pick any 2 for $18,,$2.50 per 100g,5070819,"Coles PerForm Butter Chicken with chargrilled tandoori marinated chicken pieces (RSPCA approved), drizzled with a creamy, mildly-spiced sauce next to a bed of pilau rice with peas. With up to 38g protein per meal, this is perfect as a fast, nourishing protein-rich meal to complement your exercise, diet or lifestyle goals.",,,"Per 100g/ml
Per Serving
%DI
Energy
544.70
2178.80
Protein
9.50
38.00
Total Fat
3.20
12.80
Saturated Fat
1.30
5.20
Carbohydrate
13.60
54.40
Sugars
0.30
1.20
Saturated
1.30
5.20
Sodium
180.00
720.00
Energy (Cal)
130.31
521.24
Fat
3.20
12.80
Dietary Fibre (total)
4.20
16.80
Trans
0.10
0.40
trans
LESS THAN 1g
LESS THAN 1g
* Percentage Daily Intakes are based on an average adult diet of 8700 kJ. Your daily intakes may be higher or lower depending on your energy needs.",,https://www.coles.com.au/product/coles-perform-build-butter-chicken-400g-5070819,,,2024-06-17T21:42:17.080501-04:00
"Ind56SColes_ADairy, Eggs & Fridge_SAReady to eat meals_IPitango Soup Tomato Basil | 600g",Pitango Soup Tomato Basil | 600g,Pitango,"Dairy, Eggs & Fridge",Ready to eat meals,Soups & stews,,$5.75,,$7.25,$0.96 per 100g,4207929,"True food for us means only using carefully selected natural ingredients with no preservatives, artificial colours, flavours or added sugar. 

Tomatoes, farm fresh carrots, onions & potatoes, a splash of cream.
Vegetable stock. Bit o' basil. Sprinkle of spices.

Loads of goodness
The perfect touch.",,,"Per 100g/ml
Per Serving
%DI
Energy
216kJ
648kJ
7%
Protein
1.1g
3.3g
7%
Total Fat
2.4g
7.2g
10%
Saturated Fat
1.2g
3.6g
15%
Carbohydrate
6.0g
18.0g
6%
Sugars
3.4g
10.2g
11%
Sodium
233mg
699mg
30%
Monounsaturated
>1
>1
>1
Energy (Cal)
52Cal
156Cal
>1
Dietary Fibre (total)
1.4g
4.2g
14%
Polyunsaturated
>1
>1
>1
Gluten
0.0g
0.0g
>1
Trans
>1
>1
>1
* Percentage Daily Intakes are based on an average adult diet of 8700 kJ. Your daily intakes may be higher or lower depending on your energy needs.",,https://www.coles.com.au/product/pitango-soup-tomato-basil-600g-4207929,,,2024-06-17T21:42:29.270439-04:00
"Ind56SColes_ADairy, Eggs & Fridge_SA_IColes Kitchen Chicken Biryani | 350g",Coles Kitchen Chicken Biryani | 350g,Coles,"Dairy, Eggs & Fridge",,,,$8.00,Pick any 2 for $14,,$2.29 per 100g,2389600,"From our kitchen to yours, Coles Kitchen offers you great-tasting food that is ready when you are",,,"Per 100g/ml
Per Serving
%DI
Energy
457.30
1600.55
Protein
4.50
15.75
Total Fat
2.90
10.15
Carbohydrate
15.10
52.85
Sugars
0.70
2.45
Sodium
230.00
805.00
Saturated
0.40
1.40
Energy (Cal)
109.40
382.91
Dietary Fibre (total)
2.10
7.35
Trans
0.10
0.35
* Percentage Daily Intakes are based on an average adult diet of 8700 kJ. Your daily intakes may be higher or lower depending on your energy needs.",,https://www.coles.com.au/product/coles-kitchen-chicken-biryani-350g-2389600,,,2024-06-17T21:42:40.435784-04:00
"Ind56SColes_ADairy, Eggs & Fridge_SAYoufoodz_IYoufoodz Beef Massaman Curry With Brown Rice & Potatoes | 320g",Youfoodz Beef Massaman Curry With Brown Rice & Potatoes | 320g,Youfoodz,"Dairy, Eggs & Fridge",Youfoodz,Ready to eat meal,,$11.00,Pick any 2 for $16,,$3.44 per 100g,4204829,Youfoodz Beef Massaman' is a classic beef and potato massaman curry served with brown rice.,,,"Per 100g/ml
Per Serving
%DI
Energy
705 kJ
2260 kJ
Protein
6.7 g
21.6 g
Total Fat
6.3 g
20.1 g
Saturated Fat
3.8 g
12.3 g
Carbohydrate
20.4 g
65.4 g
Sugars
4.5 g
14.5 g
Sodium
572 mg
1830 mg
Energy (Cal)
169 Cal
539 Cal
Dietary Fibre (total)
1.0 g
3.2 g
* Percentage Daily Intakes are based on an average adult diet of 8700 kJ. Your daily intakes may be higher or lower depending on your energy needs.",,https://www.coles.com.au/product/youfoodz-beef-massaman-curry-with-brown-rice-and-potatoes-320g-4204829,,,2024-06-17T21:42:52.167436-04:00
"Ind56SColes_ADairy, Eggs & Fridge_SAReady to eat meals_IGarlos Chunky Steak Pie | 200g",Garlos Chunky Steak Pie | 200g,Garlos,"Dairy, Eggs & Fridge",Ready to eat meals,Pies & pastries,,$4.30,,$5.40,$2.15 per 100g,7155129,"Garlo's Pies is an Australian owned and operated family business which opened its first pie shop in Maroubra, Sydney 2001. The name Garlo comes from the nickname of father and sons, Terry, Sean and Nathan Garlick. Terry a retired mechanic/wharfie, Sean an ex footballer with the Rabbitohs and Roosters and Nathan a master Pastry Chef and lifetime pie lover.
Heating Instructions
Convection Oven (Preferred)
Preheat oven 175C. Remove from wrapping but leave in foil tray and place on baking tray. If frozen heat for 35-45 mins. If refrigerated heat for 20-25mins
Microwave Oven (800 watt)
A microwave may be used to speed up heating time. Remove from wrapping and foil tray and wrap pie in paper towel. If frozen heat on high for 5 minutes. If refrigerated heat on high for 1 min 30 seconds. To make pastry crispy after microwaving, remove paper towel, return to foil tray and place on baking tray in convention oven for 4 minutes at 200C.",,,,"Filling (65%): Beef 51%, Water, Thickener 1422, Soy Protein, Seasoning (Salt, Sugar, Caramel Colour (e150c), Dehydrated Vegetables (Onion, Garlic), Flavour (635), Hydrolysed Vegetable Protein, Corn Flour, Rice Flour, Spices, Spice Extract), Spices Pastry (35%): Wheat Flour, Margarine (Vegetable Oil, Water, Salt, Emulsifier (471, 472c), Antioxidant (304), Natural Flavour)), Malted Wheat Flour, Whey Powder (Milk, Sugar, Acidity Regulator (262)), Pastry Conditioner, Glaze (Milk Solids, Acidity Regulators (500, 451), Dried Glucose Syrup, Colour (160b)) Beef is 32% of filling and pastry combined.",https://www.coles.com.au/product/garlos-chunky-steak-pie-200g-7155129,,,2024-06-17T21:43:01.295637-04:00
"Ind56SColes_ADairy, Eggs & Fridge_SAReady to eat meals_IColes Creamy Cheese Pasta Sauce | 425g",Coles Creamy Cheese Pasta Sauce | 425g,Coles,"Dairy, Eggs & Fridge",Ready to eat meals,Italian meals & pasta,,,,,,3776962,"From our kitchen to yours, Coles Kitchen offers you great-tasting food that is ready when you are",,,"Per 100g/ml
Per Serving
%DI
Energy
561.70
595.40
Protein
4.30
4.56
Carbohydrate
7.80
8.27
Sugars
1.00
1.06
Sodium
180.00
190.80
Saturated
6.80
7.21
Energy (Cal)
134.38
142.44
Fat
9.60
10.18
Dietary Fibre (total)
0.10
0.11
Trans
0.40
0.42
* Percentage Daily Intakes are based on an average adult diet of 8700 kJ. Your daily intakes may be higher or lower depending on your energy needs.",,https://www.coles.com.au/product/coles-creamy-cheese-pasta-sauce-425g-3776962,,,2024-06-17T21:43:12.554881-04:00
"Ind56SColes_ADairy, Eggs & Fridge_SAReady to eat meals_IDari's Chicken & Vegetable Soup | 350g",Dari's Chicken & Vegetable Soup | 350g,Daris,"Dairy, Eggs & Fridge",Ready to eat meals,Soups & stews,,$4.80,,,$1.37 per 100g,7831439,"This is a classic family pleaser. Succulent chicken, flavoursome stock, and classic vegetables combine to create a soup that recalls memories as a child. Mild in flavour yet so nutritious, delicious, and easy to eat, this soup gives you the taste and comfort of home.",,,"Per 100g/ml
Per Serving
%DI
Energy
138
484
Protein
3.5
12.1
Total Fat
0.4
1.2
Saturated Fat
0.2
0.5
Carbohydrate
3.5
12.4
Sugars
1.2
4.1
Sodium
330
1150
Energy (Cal)
33
116
Dietary Fibre (total)
0.6
2.2
* Percentage Daily Intakes are based on an average adult diet of 8700 kJ. Your daily intakes may be higher or lower depending on your energy needs.",,https://www.coles.com.au/product/dari's-chicken-and-vegetable-soup-350g-7831439,,,2024-06-17T21:43:23.668017-04:00
"Ind56SColes_ADairy, Eggs & Fridge_SAReady to eat meals_IColes Natures Kitchen Lentil Spaghetti Bolognese | 350g",Coles Natures Kitchen Lentil Spaghetti Bolognese | 350g,Coles,"Dairy, Eggs & Fridge",Ready to eat meals,Italian meals & pasta,,$7.50,Pick any 2 for $14,,$2.14 per 100g,3468031,Spaghetti topped with a hearty red sauce made with lentils,,,"Per 100g/ml
Per Serving
%DI
Energy
473.50
1657.25
Protein
4.80
16.80
Total Fat
1.70
5.95
Carbohydrate
17.80
62.30
Sugars
0.60
2.10
Sodium
180.00
630.00
Saturated
0.20
0.70
Energy (Cal)
113.28
396.47
Dietary Fibre (total)
3.30
11.55
Trans
0.10
0.35
* Percentage Daily Intakes are based on an average adult diet of 8700 kJ. Your daily intakes may be higher or lower depending on your energy needs.",,https://www.coles.com.au/product/coles-natures-kitchen-lentil-spaghetti-bolognese-350g-3468031,,,2024-06-17T21:43:34.934889-04:00
"Ind56SColes_ADairy, Eggs & Fridge_SAReady to eat meals_IRana Prosciutto DI Parma Ravioli | 300g",Rana Prosciutto DI Parma Ravioli | 300g,Rana,"Dairy, Eggs & Fridge",Ready to eat meals,Italian meals & pasta,,$6.50,,$8.50,$2.17 per 100g,7840575,,,,,,https://www.coles.com.au/product/rana-prosciutto-di-parma-ravioli-300g-7840575,,,2024-06-17T21:43:43.844075-04:00
"Ind56SColes_ADairy, Eggs & Fridge_SA_IColes Perform Build Chicken Minestrone Soup | 450g",Coles Perform Build Chicken Minestrone Soup | 450g,Coles,"Dairy, Eggs & Fridge",,,,$5.00,Pick any 2 for $18,,$1.11 per 100g,6009904,,,,"Per 100g/ml
Per Serving
%DI
Energy
357.00
1606.50
Protein
5.90
26.55
Total Fat
2.20
9.90
Saturated Fat
0.30
1.35
Carbohydrate
8.90
40.05
Sugars
1.70
7.65
Sodium
180.00
810.00
Energy (Cal)
85.41
384.33
Dietary Fibre (total)
3.00
13.50
Trans
0.10
0.45
* Percentage Daily Intakes are based on an average adult diet of 8700 kJ. Your daily intakes may be higher or lower depending on your energy needs.",,https://www.coles.com.au/product/coles-perform-build-chicken-minestrone-soup-450g-6009904,,,2024-06-17T21:43:54.743889-04:00
"Ind56SColes_ADairy, Eggs & Fridge_SAReady to eat meals_IColes Kitchen Quiche Pumpkin Fetta & Spinach | 700g",Coles Kitchen Quiche Pumpkin Fetta & Spinach | 700g,Coles,"Dairy, Eggs & Fridge",Ready to eat meals,Pies & pastries,,$14.80,,,$2.11 per 100g,4219418,From our kitchen to yours......Our Classic quiche range uses carefully selected ingredients to give you homestyle comfort food full of flavour.,,,"Per 100g/ml
Per Serving
%DI
Energy
885
1548.75
18
Protein
6.6
11.55
23
Total Fat
12.8
22.4
32
Saturated Fat
7.5
13.13
55
Carbohydrate
16.8
29.4
9
Sodium
298
521.5
23
Energy (Cal)
211.72
370.51
Trans
0.3
0.53
Dietary Fibre
1.7
2.98
* Percentage Daily Intakes are based on an average adult diet of 8700 kJ. Your daily intakes may be higher or lower depending on your energy needs.",,https://www.coles.com.au/product/coles-kitchen-quiche-pumpkin-fetta-and-spinach-700g-4219418,,,2024-06-17T21:44:05.624556-04:00
"Ind56SColes_ADairy, Eggs & Fridge_SAReady to eat meals_IPitango Organic Soup Pumpkin & Ginger | 600g",Pitango Organic Soup Pumpkin & Ginger | 600g,Pitango,"Dairy, Eggs & Fridge",Ready to eat meals,Soups & stews,,$5.75,,$7.25,$0.96 per 100g,4207190,"True food for us means only using carefully selected natural ingredients with no preservatives, artificial colours, flavours or added sugar. 

Organic pumpkin crammed with potatoes, carrots & onion. 
A splash of cream. With a zing of ginger & a hint of spice. 

Grown in NZ
Peeled by hand. ",,,"Per 100g/ml
Per Serving
%DI
Energy
310kJ
931kJ
11%
Protein
1.7g
5.1g
10%
Total Fat
4.7g
14.2g
20%
Saturated Fat
2.8g
8.5g
35%
Carbohydrate
5.7g
17.1g
6%
Sugars
2.9g
9.0g
10%
Sodium
220mg
660mg
29%
Monounsaturated
>1
>1
>1
Energy (Cal)
74Cal
224Cal
>1
Dietary Fibre (total)
1.1g
3.3g
11%
Polyunsaturated
>1
>1
>1
Gluten
0.0g
0.0g
>1
Trans
>1
>1
>1
* Percentage Daily Intakes are based on an average adult diet of 8700 kJ. Your daily intakes may be higher or lower depending on your energy needs.",,https://www.coles.com.au/product/pitango-organic-soup-pumpkin-and-ginger-600g-4207190,,,2024-06-17T21:44:16.792039-04:00
"Ind56SColes_ADairy, Eggs & Fridge_SAReady to eat meals_IIpastai Bolognese Sauce | 300g",Ipastai Bolognese Sauce | 300g,Ipastai,"Dairy, Eggs & Fridge",Ready to eat meals,Italian meals & pasta,,$7.50,,,$2.50 per 100g,6474904,Bolognese Tomato and Meat Sauce. Slow cooked Italian sauce. ,,,,,https://www.coles.com.au/product/ipastai-bolognese-sauce-300g-6474904,,,2024-06-17T21:44:26.000323-04:00
"Ind56SColes_ADairy, Eggs & Fridge_SAReady to eat meals_IColes Spinach And Ricotta Cannelloni | 1.2kg",Coles Spinach And Ricotta Cannelloni | 1.2kg,Coles,"Dairy, Eggs & Fridge",Ready to eat meals,Italian meals & pasta,,,,,,3992549,"From our kitchen to yours, Coles Kitchen offers you great-tasting food that is ready when you are",,,"Per 100g/ml
Per Serving
%DI
Energy
593.30
1779.90
Protein
5.70
17.10
Total Fat
5.10
15.30
Carbohydrate
17.30
51.90
Sugars
4.00
12.00
Sodium
180.00
540.00
Saturated
3.40
10.20
Energy (Cal)
141.94
425.81
Dietary Fibre (total)
1.70
5.10
Trans
0.20
0.60
* Percentage Daily Intakes are based on an average adult diet of 8700 kJ. Your daily intakes may be higher or lower depending on your energy needs.",,https://www.coles.com.au/product/coles-spinach-and-ricotta-cannelloni-1.2kg-3992549,,,2024-06-17T21:44:38.191390-04:00
"Ind56SColes_ADairy, Eggs & Fridge_SAReady to eat meals_IColes Kitchen Beef Stroganoff And Rice | 350g",Coles Kitchen Beef Stroganoff And Rice | 350g,Coles,"Dairy, Eggs & Fridge",Ready to eat meals,Other ready meals,,$8.00,Pick any 2 for $14,,$2.29 per 100g,3771109,"KITCHEN INSPIRED CREATIONS From our kitchen to yours......Our Classic meals use carefully selected Australian meat, vegetables and herbs and spices to give you home-style comfort food full of flavour and ready for you in minutes.",,,"Per 100g/ml
Per Serving
%DI
Energy
678.60
2375.10
Protein
8.20
28.70
Carbohydrate
19.40
67.90
Sugars
0.70
2.45
Sodium
260.00
910.00
Saturated
2.40
8.40
Energy (Cal)
162.34
568.21
Fat
5.40
18.90
Dietary Fibre (total)
1.20
4.20
Trans
0.20
0.70
* Percentage Daily Intakes are based on an average adult diet of 8700 kJ. Your daily intakes may be higher or lower depending on your energy needs.",,https://www.coles.com.au/product/coles-kitchen-beef-stroganoff-and-rice-350g-3771109,,,2024-06-17T21:44:49.292959-04:00
"Ind56SColes_ADairy, Eggs & Fridge_SADairy, chilled & frozen_IColes Kitchen Roast Chat Potatoes | 300g",Coles Kitchen Roast Chat Potatoes | 300g,Coles,"Dairy, Eggs & Fridge","Dairy, chilled & frozen",Ready made meals,,$6.00,,,"$2.00 per 100g
Was $7.50 on Jun 2024",7750031,,,,"Per 100g/ml
Per Serving
%DI
Energy
404.00
606.00
Protein
2.60
3.90
Total Fat
1.40
2.10
Carbohydrate
16.80
25.20
Sugars
0.70
1.05
Sodium
177.00
265.50
Saturated
0.20
0.30
Energy (Cal)
96.65
144.98
Dietary Fibre (total)
2.80
4.20
Trans
0.01
0.02
* Percentage Daily Intakes are based on an average adult diet of 8700 kJ. Your daily intakes may be higher or lower depending on your energy needs.",,https://www.coles.com.au/product/coles-kitchen-roast-chat-potatoes-300g-7750031,,,2024-06-17T21:45:00.655811-04:00
"Ind56SColes_ADairy, Eggs & Fridge_SAReady to eat meals_ILatina Fresh Gluten Free Lasagne Sheets | 280g",Latina Fresh Gluten Free Lasagne Sheets | 280g,Latina,"Dairy, Eggs & Fridge",Ready to eat meals,Italian meals & pasta,,$8.75,Pick any 2 for $13,,$3.13 per 100g,3758676,,,,,,https://www.coles.com.au/product/latina-fresh-gluten-free-lasagne-sheets-280g-3758676,,,2024-06-17T21:45:09.672298-04:00
"Ind56SColes_ADairy, Eggs & Fridge_SAReady to eat meals_IYoufoodz Chicken Burrito Bowl | 354g",Youfoodz Chicken Burrito Bowl | 354g,Youfoodz,"Dairy, Eggs & Fridge",Ready to eat meals,Other ready meals,,$11.00,Pick any 2 for $16,,$3.11 per 100g,7825345,"Youfoodz' Chicken Burrito Bowl is tender slices of chicken served with a vegetable mix of savoury black beans, capsicum and sweet corn on a bed of coriander rice. Complete with a tangy avocado salsa verde and sour cream to dress to your liking.",,,"Per 100g/ml
Per Serving
%DI
Energy
538 kJ
1900 kJ
Protein
7.2 g
25.4 g
Total Fat
4.4 g
15.7 g
Saturated Fat
1.3 g
4.6 g
Carbohydrate
13.8 g
48.8 g
Sugars
1.9 g
6.7 g
Sodium
411 mg
1450 mg
Energy (Cal)
129 Cal
455 Cal
Dietary Fibre (total)
2 g
7.2 g
* Percentage Daily Intakes are based on an average adult diet of 8700 kJ. Your daily intakes may be higher or lower depending on your energy needs.",,https://www.coles.com.au/product/youfoodz-chicken-burrito-bowl-354g-7825345,,,2024-06-17T21:45:21.101714-04:00
"Ind56SColes_ADairy, Eggs & Fridge_SAReady to eat meals_IColes Kitchen Beef Ragu Lasagne | 350g",Coles Kitchen Beef Ragu Lasagne | 350g,Coles,"Dairy, Eggs & Fridge",Ready to eat meals,Italian meals & pasta,,$8.00,Pick any 2 for $14,,$2.29 per 100g,5587100,,,,,,https://www.coles.com.au/product/coles-kitchen-beef-ragu-lasagne-350g-5587100,,,2024-06-17T21:45:30.636757-04:00
"Ind56SColes_ADairy, Eggs & Fridge_SAReady to eat meals_IColes Kitchen Chicken Korma And Rice | 350g",Coles Kitchen Chicken Korma And Rice | 350g,Coles,"Dairy, Eggs & Fridge",Ready to eat meals,Indian food & meals,,$8.00,Pick any 2 for $14,,$2.29 per 100g,3771368,"Australian marinated chicken breast in a mildly spiced coconut, cream and yoghurt sauce, served with basmati rice",,,"Per 100g/ml
Per Serving
%DI
Energy
708.10
2478.35
Protein
9.40
32.90
Carbohydrate
18.10
63.35
Sugars
0.30
1.05
Sodium
150.00
525.00
Saturated
3.00
10.50
Energy (Cal)
169.40
592.91
Fat
6.20
21.70
Dietary Fibre (total)
1.40
4.90
Trans
0.10
0.35
* Percentage Daily Intakes are based on an average adult diet of 8700 kJ. Your daily intakes may be higher or lower depending on your energy needs.",,https://www.coles.com.au/product/coles-kitchen-chicken-korma-and-rice-350g-3771368,,,2024-06-17T21:45:42.557533-04:00
"Ind56SColes_ADairy, Eggs & Fridge_SAReady to eat meals_ILatina Dy Pasta Sauce Creamy Carbonara | 700g",Latina Dy Pasta Sauce Creamy Carbonara | 700g,Latina,"Dairy, Eggs & Fridge",Ready to eat meals,Italian meals & pasta,,$7.50,,,$1.07 per 100g,8999400,"Latina Fresh Creamy Carbonara Pasta Sauce is perfect for family night and a great sauce to keep in the fridge for busy nights. Simply delicious over pasta or gnocchi, it's made with fresh Australian cream, bacon, Parmesan, parsley and more.
Carbonara carbonara pasta sauce

Made with fresh Australian Cream & Milk

Cooks in 6 mins

Perfect with any Latina Fresh pasta

Serves six",,,,,https://www.coles.com.au/product/latina-dy-pasta-sauce-creamy-carbonara-700g-8999400,,,2024-06-17T21:45:51.702785-04:00
"Ind56SColes_ADairy, Eggs & Fridge_SAReady to eat meals_IColes Kitchen Broccoli Cauliflower & Parmesan Soup | 300g",Coles Kitchen Broccoli Cauliflower & Parmesan Soup | 300g,Coles,"Dairy, Eggs & Fridge",Ready to eat meals,Soups & stews,,$4.00,,,$1.33 per 100g,3766798,"From our kitchen to yours, Coles Kitchen offers you great-tasting food that is ready when you are",,,"Per 100g/ml
Per Serving
%DI
Energy
231.70
695.10
Protein
1.30
3.90
Total Fat
3.30
9.90
Carbohydrate
5.10
15.30
Sugars
1.20
3.60
Sodium
180.00
540.00
Saturated
1.30
3.90
Energy (Cal)
55.43
166.29
Dietary Fibre (total)
0.10
0.30
Trans
0.10
0.30
* Percentage Daily Intakes are based on an average adult diet of 8700 kJ. Your daily intakes may be higher or lower depending on your energy needs.",,https://www.coles.com.au/product/coles-kitchen-broccoli-cauliflower-and-parmesan-soup-300g-3766798,,,2024-06-17T21:46:02.845920-04:00
"Ind56SColes_ADairy, Eggs & Fridge_SAReady to eat meals_ILatina Lasagne with Angus Beef & Vegetables | 1.6kg",Latina Lasagne with Angus Beef & Vegetables | 1.6kg,Latina,"Dairy, Eggs & Fridge",Ready to eat meals,Italian meals & pasta,,$19.95,,,$1.25 per 100g,9992814,Layers of delicious pasta in an Australian beef and tomato sauce with vegetables.,,,"Per 100g/ml
Per Serving
%DI
Energy
536kJ
2140kJ
25.0%
Protein
5.4g
21.6g
43.0%
Total Fat
6.0g
24.0g
34.0%
Saturated Fat
3.0g
12.0g
50.0%
Carbohydrate
12.1g
48.4g
16.0%
Sugars
3.0g
12.0g
13.0%
Sodium
220mg
880mg
38.0%
Dietary Fibre (total)
2.1g
8.4g
28.000000000000004%
* Percentage Daily Intakes are based on an average adult diet of 8700 kJ. Your daily intakes may be higher or lower depending on your energy needs.",,https://www.coles.com.au/product/latina-lasagne-with-angus-beef-and-vegetables-1.6kg-9992814,,,2024-06-17T21:46:14.594207-04:00
"Ind56SColes_ADairy, Eggs & Fridge_SAYoufoodz_IYoufoodz Creamy Garlic Chicken Kyiv With Chips & Broccoli | 312g",Youfoodz Creamy Garlic Chicken Kyiv With Chips & Broccoli | 312g,Youfoodz,"Dairy, Eggs & Fridge",Youfoodz,Ready to eat meal,,$11.00,Pick any 2 for $16,,$3.53 per 100g,6261313,"Our Creamy Garlic Chicken Kyiv with Chips & Broccoli is so good you'll be licking your plate (and fingers) clean! Simply heat and bite into crispy, yet tender, Southern-fried chicken pieces that are topped with a cheeky serve of garlic kyiv sauce. It's balanced with broccoli and sweet potato chips dusted with salt, pepper and thyme.",,,"Per 100g/ml
Per Serving
%DI
Energy
512 kJ
1600 kJ
Protein
7.9 g
24.6 g
Total Fat
4.7 g
14.8 g
Saturated Fat
1.7 g
5.4 g
Carbohydrate
11.1 g
34.5 g
Sugars
4.7 g
14.7 g
Sodium
371 mg
1160 mg
Energy (Cal)
122 Cal
382 Cal
Dietary Fibre (total)
2.0 g
6.3 g
* Percentage Daily Intakes are based on an average adult diet of 8700 kJ. Your daily intakes may be higher or lower depending on your energy needs.",,https://www.coles.com.au/product/youfoodz-creamy-garlic-chicken-kyiv-with-chips-and-broccoli-312g-6261313,,,2024-06-17T21:46:25.771748-04:00
"Ind56SColes_ADairy, Eggs & Fridge_SAReady to eat meals_IColes Kitchen Tomato Pizza Base | 300g",Coles Kitchen Tomato Pizza Base | 300g,Coles,"Dairy, Eggs & Fridge",Ready to eat meals,Pizzas,,$3.00,,,$1.00 per 100g,6187447,"Kitchen Inspired Creations From our kitchen to yours......A pizzeria experience at home. We've used Australian flour to form a stone baked pizza base with tomato passata, ready for you to add your favourite toppings.",,,"Per 100g/ml
Per Serving
%DI
Energy
980.90
735.68
Protein
7.30
5.48
Total Fat
4.90
3.68
Saturated Fat
0.50
0.38
Carbohydrate
37.10
27.83
Sugars
5.80
4.35
Sodium
410.00
307.50
Energy (Cal)
234.67
176.00
Dietary Fibre (total)
5.60
4.20
Trans
0.01
0.01
* Percentage Daily Intakes are based on an average adult diet of 8700 kJ. Your daily intakes may be higher or lower depending on your energy needs.",,https://www.coles.com.au/product/coles-kitchen-tomato-pizza-base-300g-6187447,,,2024-06-17T21:46:36.660513-04:00
"Ind56SColes_ADairy, Eggs & Fridge_SAReady to eat meals_IColes Kitchen BBQ Meat Deluxe Pizza | 470g",Coles Kitchen BBQ Meat Deluxe Pizza | 470g,Coles,"Dairy, Eggs & Fridge",Ready to eat meals,Pizzas,,$6.50,Pick any 2 for $12,,$1.38 per 100g,6187629,"From our kitchen to yours......A pizzeria experience at home. We take a stone baked base and top it with vibrant tomato passata and barbecue sauce before finishing with ham, bacon, pepperoni & minced beef. Generously topped and ready for you in minutes",,,"Per 100g/ml
Per Serving
%DI
Energy
947.70
1108.81
Protein
11.30
13.22
Carbohydrate
24.50
28.67
Sugars
6.80
7.96
Sodium
684.00
800.28
Saturated
3.20
3.74
Energy (Cal)
226.72
265.27
Fat
8.30
9.71
Dietary Fibre (total)
4.00
4.68
Trans
0.04
0.05
* Percentage Daily Intakes are based on an average adult diet of 8700 kJ. Your daily intakes may be higher or lower depending on your energy needs.",,https://www.coles.com.au/product/coles-kitchen-bbq-meat-deluxe-pizza-470g-6187629,,,2024-06-17T21:46:48.284096-04:00
"Ind56SColes_ADairy, Eggs & Fridge_SAReady to eat meals_ILatina Fresh Creamy Carbonara Pasta Sauce | 425g",Latina Fresh Creamy Carbonara Pasta Sauce | 425g,Latina,"Dairy, Eggs & Fridge",Ready to eat meals,Italian meals & pasta,,$7.50,,,$1.76 per 100g,5404109,"Latina Fresh Creamy Carbonara Pasta Sauce combines fresh Australian cream with bacon, Parmesan and various spices to instantly bring any pasta dish to life. Pair with Latina Fresh Classic Veal Tortellini Pasta for a fast and easy work lunch or dinner you'll love to enjoy again and again!
Creamy Italian-style carbonara sauce

Made with fresh Australian Milk & Cream

Cooks in 4 minutes

Perfect with any Latina Fresh pasta

Serves four",,,,,https://www.coles.com.au/product/latina-fresh-creamy-carbonara-pasta-sauce-425g-5404109,,,2024-06-17T21:46:57.117946-04:00
"Ind56SColes_ADairy, Eggs & Fridge_SAReady to eat meals_I25 Degrees South Baby Spinach and Fetta Ravioli Pasta | 325g",25 Degrees South Baby Spinach and Fetta Ravioli Pasta | 325g,25 Degrees South,"Dairy, Eggs & Fridge",Ready to eat meals,Italian meals & pasta,,$6.50,,$9.00,$2.00 per 100g,5152833,,,,,,https://www.coles.com.au/product/25-degrees-south-baby-spinach-and-fetta-ravioli-pasta-325g-5152833,,,2024-06-17T21:47:06.008693-04:00
"Ind56SColes_ADairy, Eggs & Fridge_SAReady to eat meals_IColes Bolognese Bake | 1.8kg",Coles Bolognese Bake | 1.8kg,Coles,"Dairy, Eggs & Fridge",Ready to eat meals,Italian meals & pasta,,$12.00,,,$0.67 per 100g,3166043,Made with fresh & quality ingredients. Enjoy convenient and ready to cook Rana Porcini Mushroom Ravioli,,,"Per 100g/ml
Per Serving
%DI
Energy
526.70
1580.10
Protein
4.70
14.10
Total Fat
5.00
15.00
Saturated Fat
2.4
7.2
30
Carbohydrate
13.80
41.40
Sugars
2.20
6.60
Sodium
210.00
630.00
Saturated
2.60
7.80
Energy (Cal)
126.00
378.01
Fat
5.00
15.00
Dietary Fibre (total)
3.40
10.20
Trans
0.20
0.60
* Percentage Daily Intakes are based on an average adult diet of 8700 kJ. Your daily intakes may be higher or lower depending on your energy needs.",,https://www.coles.com.au/product/coles-bolognese-bake-1.8kg-3166043,,,2024-06-17T21:47:18.152400-04:00
"Ind56SColes_ADairy, Eggs & Fridge_SADairy, chilled & frozen_IColes Kitchen Onion Bhaji | 180g",Coles Kitchen Onion Bhaji | 180g,Coles,"Dairy, Eggs & Fridge","Dairy, chilled & frozen",Ready made meals,,$6.00,,,"$3.33 per 100g
Was $7.50 on Jun 2024",7750246,"Coles Kitchen REAL FOOD, FAST VEGETABLE SAMOSAS",,,"Per 100g/ml
Per Serving
%DI
Energy
916.40
549.84
Protein
6.90
4.14
Total Fat
7.60
4.56
Carbohydrate
23.50
14.10
Sugars
0.80
0.48
Sodium
544.00
326.40
Saturated
1.00
0.60
Energy (Cal)
219.23
131.54
Dietary Fibre (total)
14.80
8.88
Trans
0.01
0.01
* Percentage Daily Intakes are based on an average adult diet of 8700 kJ. Your daily intakes may be higher or lower depending on your energy needs.",,https://www.coles.com.au/product/coles-kitchen-onion-bhaji-180g-7750246,,,2024-06-17T21:47:29.685475-04:00
"Ind56SColes_ADairy, Eggs & Fridge_SAReady to eat meals_IColes Perform Build Chipotle Chicken Burrito Bowl | 400g",Coles Perform Build Chipotle Chicken Burrito Bowl | 400g,Coles,"Dairy, Eggs & Fridge",Ready to eat meals,Other ready meals,,$10.00,Pick any 2 for $18,,$2.50 per 100g,5070830,"Coles PerForm Chicken Burrito with tender chargrilled cajun chicken breast (RSPCA approved)., chipotle sauce, cooked rice and beans. With up to 43g protein per meal, this is perfect as a fast, nourishing protein-rich meal to complement your exercise, diet or lifestyle goals.",,,"Per 100g/ml
Per Serving
%DI
Energy
474.00
1896.00
Protein
12.90
51.60
Carbohydrate
8.90
35.60
Sugars
0.20
0.80
Sodium
210.00
840.00
Saturated
0.70
2.80
Energy (Cal)
113.40
453.59
Fat
2.60
10.40
Dietary Fibre (total)
0.90
3.60
Trans
0.09
0.36
* Percentage Daily Intakes are based on an average adult diet of 8700 kJ. Your daily intakes may be higher or lower depending on your energy needs.",,https://www.coles.com.au/product/coles-perform-build-chipotle-chicken-burrito-bowl-400g-5070830,,,2024-06-17T21:47:40.573418-04:00
"Ind56SColes_ADairy, Eggs & Fridge_SAReady to eat meals_IGrand Italian Potato Gnocchi | 500g",Grand Italian Potato Gnocchi | 500g,Grand Italian,"Dairy, Eggs & Fridge",Ready to eat meals,Italian meals & pasta,,$6.00,,,$1.20 per 100g,3776882,"Our Grand Italian range of gnocchi are specially made with steamed fresh potato to create fluffy pillows of delicious goodness! The range offers a variety of natural and traditional Italian flavours.  No preservatives or artificials, made with natural or fresh ingredients locally sourced, give the Grand Italian Gnocchi range its hand-made taste experience.
Made with steamed fresh potato!",,,"Per 100g/ml
Per Serving
%DI
Energy
552kJ
690kJ
8%
Protein
4.7g
5.9g
12%
Total Fat
0.6g
0.8g
1%
Saturated Fat
0.1g
0.1g
<1%
Carbohydrate
25.4g
31.8g
10%
Sugars
3.0g
3.8g
4%
Sodium
165mg
206mg
9%
Energy (Cal)
132Cal
165Cal
8%
Dietary Fibre (total)
2.3g
2.9g
10%
* Percentage Daily Intakes are based on an average adult diet of 8700 kJ. Your daily intakes may be higher or lower depending on your energy needs.",,https://www.coles.com.au/product/grand-italian-potato-gnocchi-500g-3776882,,,2024-06-17T21:47:51.539786-04:00
"Ind56SColes_ADairy, Eggs & Fridge_SAReady to eat meals_IHerbert Adams Roasted Capsicum Spanish Onion Cheddar Quiche | 200g",Herbert Adams Roasted Capsicum Spanish Onion Cheddar Quiche | 200g,Herbert Adams,"Dairy, Eggs & Fridge",Ready to eat meals,Pies & pastries,,$7.30,,,$3.65 per 100g,4707320,"Herbert Adams Gourmet Quiche Selection Roast Capsicum, Spanish Onion & Cheddar 200g. Perfect addition to your meal.",,,"Per 100g/ml
Per Serving
%DI
Energy
1080kJ
2160kJ
25%
Protein
8.7g
17.4g
35%
Total Fat
14.9g
29.8g
43%
Saturated Fat
8.0g
16.0g
67%
Carbohydrate
21.5g
43.1g
14%
Sugars
3.0g
6.0g
7%
Sodium
389mg
778mg
34%
Energy (Cal)
258Cal
515Cal
Dietary Fibre (total)
1.8g
3.7g
12%
* Percentage Daily Intakes are based on an average adult diet of 8700 kJ. Your daily intakes may be higher or lower depending on your energy needs.",,https://www.coles.com.au/product/herbert-adams-roasted-capsicum-spanish-onion-cheddar-quiche-200g-4707320,,,2024-06-17T21:48:02.826535-04:00
"Ind56SColes_ADairy, Eggs & Fridge_SAReady to eat meals_IColes Pasta Sauce Tomato And Basil | 425g",Coles Pasta Sauce Tomato And Basil | 425g,Coles,"Dairy, Eggs & Fridge",Ready to eat meals,Italian meals & pasta,,,,,,2877330,"Coles Pasta Sauce is made from tomato & basil. It is Ideal for pasta, pizza or a baked gnocchi dish",,,"Per 100g/ml
Per Serving
%DI
Energy
211.08
223.74
Protein
1.50
1.59
Total Fat
1.20
1.27
Carbohydrate
8.30
8.80
Sugars
4.80
5.09
Sodium
190.00
201.40
Saturated
0.20
0.21
Energy (Cal)
50.50
53.53
Dietary Fibre (total)
0.01
0.01
Trans
0.01
0.01
* Percentage Daily Intakes are based on an average adult diet of 8700 kJ. Your daily intakes may be higher or lower depending on your energy needs.",,https://www.coles.com.au/product/coles-pasta-sauce-tomato-and-basil-425g-2877330,,,2024-06-17T21:48:13.752026-04:00
"Ind56SColes_ADairy, Eggs & Fridge_SAReady to eat meals_IColes Meals Beef Lasagne | 350g",Coles Meals Beef Lasagne | 350g,Coles,"Dairy, Eggs & Fridge",Ready to eat meals,Italian meals & pasta,,$5.00,,,$1.43 per 100g,3166054,Coles Brand meals are made with quality ingredients. Enjoy delicious and convenient ready to cook Beef Lasagne.,,,"Per 100g/ml
Per Serving
%DI
Energy
487.20
1705.20
Protein
3.50
12.25
Carbohydrate
12.00
42.00
Sugars
2.20
7.70
Sodium
260.00
910.00
Saturated
3.40
11.90
Energy (Cal)
116.56
407.94
Fat
5.70
19.95
Dietary Fibre (total)
1.60
5.60
Trans
0.20
0.70
* Percentage Daily Intakes are based on an average adult diet of 8700 kJ. Your daily intakes may be higher or lower depending on your energy needs.",,https://www.coles.com.au/product/coles-meals-beef-lasagne-350g-3166054,,,2024-06-17T21:48:25.115872-04:00
"Ind56SColes_ADairy, Eggs & Fridge_SAColes Finest_IColes Finest Angus Beef Ragu Ravioli | 350g",Coles Finest Angus Beef Ragu Ravioli | 350g,Coles,"Dairy, Eggs & Fridge",Coles Finest,meals,,$6.50,,,$1.86 per 100g,3920195,"Crafted by Giovanni Di Sebastiano, a traditional style pasta maker who creates authentic Italian pasta in Australia. These thin, delicate pasta sheets are filled with the finest ingredients for a delicious meal.",,,"Per 100g/ml
Per Serving
%DI
Energy
1176.8
2059.4
24
Protein
13.3
23.28
47
Total Fat
11.7
20.48
29
Saturated Fat
5.2
9.1
38
Carbohydrate
29
50.75
16
Sodium
310
542.5
24
Energy (Cal)
281.53
492.68
Potassium
240
420
Trans
0.4
0.7
Dietary Fibre
3.1
5.43
* Percentage Daily Intakes are based on an average adult diet of 8700 kJ. Your daily intakes may be higher or lower depending on your energy needs.",,https://www.coles.com.au/product/coles-finest-angus-beef-ragu-ravioli-350g-3920195,,,2024-06-17T21:48:36.264645-04:00
"Ind56SColes_ADairy, Eggs & Fridge_SAReady to eat meals_IGarlos Spinach & Feta Roll | 180g",Garlos Spinach & Feta Roll | 180g,Garlos,"Dairy, Eggs & Fridge",Ready to eat meals,Pies & pastries,,$4.80,,,$2.67 per 100g,3376578,"Garlo's Pies is an Australian owned and operated family business which opened its first pie shop in Maroubra, Sydney 2001. The name Garlo comes from the nickname of father and sons, Terry, Sean and Nathan Garlick. Terry a retired mechanic/wharfie, Sean an ex footballer with the Rabbitohs and Roosters and Nathan a master Pastry Chef and lifetime pie lover.
Heating Instructions
Convection Oven (Preferred)
Preheat oven 175C. Remove from wrapping but leave in foil tray and place on baking tray. If frozen heat for 35-45 mins. If refrigerated heat for 20-25mins
Microwave Oven (800 watt)
A microwave may be used to speed up heating time. Remove from wrapping and foil tray and wrap pie in paper towel. If frozen heat on high for 5 minutes. If refrigerated heat on high for 1 min 30 seconds. To make pastry crispy after microwaving, remove paper towel, return to foil tray and place on baking tray in convention oven for 4 minutes at 200C.",,,,"Water, Wheat Flour (Thiamine, Folic Acid), Spinach (14%), Margarine (Vegetable Oil, Water, Salt, Emulsifiers (471, 472c), Antioxidant (304), Natural Flavour), Egg, Cheeses (Feta Cheese (3%)(Milk, Cultures, Rennet, Cream, Milk Solids, Vegetable Gum (410)), Potato (Potato, Stabiliser (450), Preservative (223)), Seasoning (Salt, Sugar, Flavour Enhancer (635), Dehydrated Vegetables (Potato, Onion, Garlic), Spices & Spice Extract, Food Acid (330), Flavour, Stabiliser (450)), Garlic (Vinegar (260), Preservative (223)), Black Pepper, Glaze (Milk Solids, Acidity Regulators (500, 451), Colour (160b)).",https://www.coles.com.au/product/garlos-spinach-and-feta-roll-180g-3376578,,,2024-06-17T21:48:45.238547-04:00
"Ind56SColes_ADairy, Eggs & Fridge_SAReady to eat meals_IRana Burrata & Arrabbiata Ravioli | 300g",Rana Burrata & Arrabbiata Ravioli | 300g,Rana,"Dairy, Eggs & Fridge",Ready to eat meals,Italian meals & pasta,,$6.50,,$8.50,$2.17 per 100g,7162259,,,,"Per 100g/ml
Per Serving
%DI
Energy
1110kJ
1670kJ
Protein
8.9g
13.4g
Total Fat
9.3g
14g
Saturated Fat
3.6g
5.4g
Carbohydrate
34g
51g
Sugars
6g
9g
Sodium
355mg
533mg
* Percentage Daily Intakes are based on an average adult diet of 8700 kJ. Your daily intakes may be higher or lower depending on your energy needs.",,https://www.coles.com.au/product/rana-burrata-and-arrabbiata-ravioli-300g-7162259,,,2024-06-17T21:48:56.633283-04:00
"Ind56SColes_ADairy, Eggs & Fridge_SAReady to eat meals_IColes Kitchen Chicken & Vegetable Noodle Soup | 550g",Coles Kitchen Chicken & Vegetable Noodle Soup | 550g,Coles,"Dairy, Eggs & Fridge",Ready to eat meals,Soups & stews,,$5.50,,,$1.00 per 100g,7750304,Chunky & Hearty,,,"Per 100g/ml
Per Serving
%DI
Energy
174.10
478.78
Protein
3.40
9.35
Total Fat
0.70
1.93
Carbohydrate
4.80
13.20
Sugars
1.40
3.85
Sodium
200.00
550.00
Saturated
0.20
0.55
Energy (Cal)
41.65
114.54
Dietary Fibre (total)
1.10
3.03
Trans
0.10
0.28
* Percentage Daily Intakes are based on an average adult diet of 8700 kJ. Your daily intakes may be higher or lower depending on your energy needs.",,https://www.coles.com.au/product/coles-kitchen-chicken-and-vegetable-noodle-soup-550g-7750304,,,2024-06-17T21:49:07.591398-04:00
"Ind56SColes_ADairy, Eggs & Fridge_SAReady to eat meals_IYoufoodz Roast Chicken & Gravy With Loaded Mash & Veg | 350g",Youfoodz Roast Chicken & Gravy With Loaded Mash & Veg | 350g,Youfoodz,"Dairy, Eggs & Fridge",Ready to eat meals,Other ready meals,,$11.00,Pick any 2 for $16,,$3.14 per 100g,7825050,"Youfoodz' Roast Chicken & Gravy is succulent slices of roast chicken topped with gravy, served with plenty of veg and mash that's loaded with bacon and cabbage.",,,"Per 100g/ml
Per Serving
%DI
Energy
362kJ
1270kJ
Protein
7.3g
25.5g
Total Fat
3.0g
10.5g
Saturated Fat
1.6g
5.7g
Carbohydrate
6.9g
24.1g
Sugars
1.4g
5.0g
Sodium
437mg
1530mg
Energy (Cal)
86Cal
303Cal
Dietary Fibre (total)
1.5g
5.2g
* Percentage Daily Intakes are based on an average adult diet of 8700 kJ. Your daily intakes may be higher or lower depending on your energy needs.",,https://www.coles.com.au/product/youfoodz-roast-chicken-and-gravy-with-loaded-mash-and-veg-350g-7825050,,,2024-06-17T21:49:18.691328-04:00
"Ind56SColes_ADairy, Eggs & Fridge_SAYoufoodz_IYoufoodz Regular Chicken Penne With Sundried Tomato Sauce | 316g",Youfoodz Regular Chicken Penne With Sundried Tomato Sauce | 316g,Youfoodz,"Dairy, Eggs & Fridge",Youfoodz,Ready to eat meal,,$11.00,Pick any 2 for $16,,$3.48 per 100g,5061160,"Youfoodz Chicken Penne with Sundried Tomato Sauce is slices of chicken in a mushroom & sundried tomato sauce, served atop penne coated in salsa verde.",,,"Per 100g/ml
Per Serving
%DI
Energy
648 kJ
2050 kJ
Protein
9.2 g
29.0 g
Total Fat
6.7 g
21.2 g
Saturated Fat
1.8 g
5.6 g
Carbohydrate
13.6 g
43.0 g
Sugars
1.6 g
5.1 g
Sodium
414 mg
1310 mg
Energy (Cal)
155 Cal
490 Cal
Dietary Fibre (total)
1.6 g
5.0 g
* Percentage Daily Intakes are based on an average adult diet of 8700 kJ. Your daily intakes may be higher or lower depending on your energy needs.",,https://www.coles.com.au/product/youfoodz-regular-chicken-penne-with-sundried-tomato-sauce-316g-5061160,,,2024-06-17T21:49:30.467832-04:00
"Ind56SColes_ADairy, Eggs & Fridge_SAReady to eat meals_IColes Kitchen Chicken Teriyaki & Rice | 350g",Coles Kitchen Chicken Teriyaki & Rice | 350g,Coles,"Dairy, Eggs & Fridge",Ready to eat meals,Thai meals,,$7.50,Pick any 2 for $14,,$2.14 per 100g,7748754,"Australian chicken breast in a sweet soy, ginger and sesame sauce, served with rice",,,"Per 100g/ml
Per Serving
%DI
Energy
492.40
1723.40
Protein
7.10
24.85
Total Fat
2.80
9.80
Carbohydrate
14.50
50.75
Sugars
2.30
8.05
Sodium
180.00
630.00
Saturated
0.40
1.40
Energy (Cal)
117.80
412.30
Dietary Fibre (total)
2.70
9.45
Trans
0.10
0.35
* Percentage Daily Intakes are based on an average adult diet of 8700 kJ. Your daily intakes may be higher or lower depending on your energy needs.",,https://www.coles.com.au/product/coles-kitchen-chicken-teriyaki-and-rice-350g-7748754,,,2024-06-17T21:49:41.460101-04:00
"Ind56SColes_ADairy, Eggs & Fridge_SAReady to eat meals_IColes Kitchen Chipotle Chicken With Rice & Beans | 350g",Coles Kitchen Chipotle Chicken With Rice & Beans | 350g,Coles,"Dairy, Eggs & Fridge",Ready to eat meals,Other ready meals,,$7.50,Pick any 2 for $14,,$2.14 per 100g,7749189,"Australian chicken breast in a smokey tex mex sauce, served with rice & black beans",,,"Per 100g/ml
Per Serving
%DI
Energy
458.70
1605.45
Protein
5.40
18.90
Total Fat
1.80
6.30
Carbohydrate
17.10
59.85
Sugars
1.70
5.95
Sodium
140.00
490.00
Saturated
0.80
2.80
Energy (Cal)
109.74
384.08
Dietary Fibre (total)
1.20
4.20
Trans
0.10
0.35
* Percentage Daily Intakes are based on an average adult diet of 8700 kJ. Your daily intakes may be higher or lower depending on your energy needs.",,https://www.coles.com.au/product/coles-kitchen-chipotle-chicken-with-rice-and-beans-350g-7749189,,,2024-06-17T21:49:52.768188-04:00
"Ind56SColes_ADairy, Eggs & Fridge_SAReady to eat meals_IColes Kitchen Pizza Dough Ball | 250g",Coles Kitchen Pizza Dough Ball | 250g,Coles,"Dairy, Eggs & Fridge",Ready to eat meals,Pizzas,,$2.00,,,$0.80 per 100g,3467935,"From our kitchen to yours, Coles Kitchen offers you great-tasting food that is ready when you are",,,"Per 100g/ml
Per Serving
%DI
Energy
885.60
553.50
Protein
7.80
4.88
Total Fat
1.10
0.69
Saturated Fat
0.20
0.13
Carbohydrate
39.50
24.69
Sugars
3.20
2.00
Sodium
734.00
458.75
Energy (Cal)
211.87
132.42
Dietary Fibre (total)
5.10
3.19
Trans
0.01
0.01
* Percentage Daily Intakes are based on an average adult diet of 8700 kJ. Your daily intakes may be higher or lower depending on your energy needs.",,https://www.coles.com.au/product/coles-kitchen-pizza-dough-ball-250g-3467935,,,2024-06-17T21:50:05.055214-04:00
"Ind56SColes_ADairy, Eggs & Fridge_SAYoufoodz_IYoufoodz Fueld Steak Chips & Gravy | 403g",Youfoodz Fueld Steak Chips & Gravy | 403g,Youfoodz,"Dairy, Eggs & Fridge",Youfoodz,Ready to eat meal,,$12.00,,,$2.82 per 100g,4687391,"Tender, slow-cooked beef served with a side of paprika chips and a creamy mustard gravy. Our FUEL'D range is larger in portion size and packed with protein.",,,"Per 100g/ml
Per Serving
%DI
Energy
522 kJ
2110 kJ
Protein
8.0 g
32.4 g
Total Fat
4.9 g
19.6 g
Saturated Fat
3.2 g
12.8 g
Carbohydrate
11.1 g
44.7 g
Sugars
1.6 g
6.5 g
Sodium
526 mg
2120 mg
Energy (Cal)
125 Cal
503 Cal
Dietary Fibre (total)
2.5 g
10.2 g
* Percentage Daily Intakes are based on an average adult diet of 8700 kJ. Your daily intakes may be higher or lower depending on your energy needs.",,https://www.coles.com.au/product/youfoodz-fueld-steak-chips-and-gravy-403g-4687391,,,2024-06-17T21:50:17.062952-04:00
"Ind56SColes_ADairy, Eggs & Fridge_SAReady to eat meals_IGarlos Beef & Mushroom Pie | 200g",Garlos Beef & Mushroom Pie | 200g,Garlos,"Dairy, Eggs & Fridge",Ready to eat meals,Pies & pastries,,$4.30,,$5.40,$2.15 per 100g,7155093,"Garlo's Pies is an Australian owned and operated family business which opened its first pie shop in Maroubra, Sydney 2001. The name Garlo comes from the nickname of father and sons, Terry, Sean and Nathan Garlick. Terry a retired mechanic/wharfie, Sean an ex footballer with the Rabbitohs and Roosters and Nathan a master Pastry Chef and lifetime pie lover.
Heating Instructions
Convection Oven (Preferred)
Preheat oven 175C. Remove from wrapping but leave in foil tray and place on baking tray. If frozen heat for 35-45 mins. If refrigerated heat for 20-25mins
Microwave Oven (800 watt)
A microwave may be used to speed up heating time. Remove from wrapping and foil tray and wrap pie in paper towel. If frozen heat on high for 5 minutes. If refrigerated heat on high for 1 min 30 seconds. To make pastry crispy after microwaving, remove paper towel, return to foil tray and place on baking tray in convention oven for 4 minutes at 200C.",,,,"Filling (65%): Mushrooms 20%, Beef 17%, Water, Soy Protein, Thickener 1422, Seasoning (Salt, Sugar, Caramel Colour (e150c), Dehydrated Vegetables (Onion, Garlic), Flavour (635), Hydrolysed Vegetable Protein, Corn Flour, Rice Flour, Spices, Spice Extract), Mushroom Booster (Salt, Flavour (635), Sugar, Dextrose, Canola Oil, Dehydrated Vegetables (Mushroom & Onion), Yeast Extract, Maize Starch, Rice Flour, Spices), Spice Pastry (35%): Wheat Flour, Margarine (Vegetable Oil, Water, Salt, Emulsifier (471, 472c), Antioxidant (304), Natural Flavour)), Malted Wheat Flour, Whey Powder (Milk, Sugar, Acidity Regulator (262)), Pastry Conditioner, Glaze (Milk Solids, Acidity Regulators (500, 451), Dried Glucose Syrup, Colour (160b))",https://www.coles.com.au/product/garlos-beef-and-mushroom-pie-200g-7155093,,,2024-06-17T21:50:26.369662-04:00
"Ind56SColes_ADairy, Eggs & Fridge_SAReady to eat meals_IColes Kitchen Family Braised Beef | 800g",Coles Kitchen Family Braised Beef | 800g,Coles,"Dairy, Eggs & Fridge",Ready to eat meals,Other ready meals,,$14.00,,,$1.75 per 100g,7372524,Tender braised Australian beef with vegetables in a rich gravy,,,"Per 100g/ml
Per Serving
%DI
Sugars
2.60
5.20
Saturated
1.00
2.00
Energy (Cal)
89.33
178.66
Fat
2.80
5.60
Dietary Fibre (total)
1.00
2.00
Trans
0.10
0.20
* Percentage Daily Intakes are based on an average adult diet of 8700 kJ. Your daily intakes may be higher or lower depending on your energy needs.",,https://www.coles.com.au/product/coles-kitchen-family-braised-beef-800g-7372524,,,2024-06-17T21:50:37.383140-04:00
"Ind56SColes_ADairy, Eggs & Fridge_SAReady to eat meals_IColes Chicken Curry & Rice | 350g",Coles Chicken Curry & Rice | 350g,Coles,"Dairy, Eggs & Fridge",Ready to eat meals,Indian food & meals,,$5.00,,,$1.43 per 100g,3166087,Australian chicken breast in a Indian style curry sauce with basmati rice,,,"Per 100g/ml
Per Serving
%DI
Sugars
1.20
4.20
Saturated
1.00
3.50
Fat
3.20
11.20
Dietary Fibre (total)
1.00
3.50
* Percentage Daily Intakes are based on an average adult diet of 8700 kJ. Your daily intakes may be higher or lower depending on your energy needs.",,https://www.coles.com.au/product/coles-chicken-curry-and-rice-350g-3166087,,,2024-06-17T21:50:48.252187-04:00
"Ind56SColes_ADairy, Eggs & Fridge_SAColes Finest_IColes Finest Chicken & Chorizo Paella | 370g",Coles Finest Chicken & Chorizo Paella | 370g,Coles,"Dairy, Eggs & Fridge",Coles Finest,meals,,$9.50,,,$2.57 per 100g,7078866,"This Spanish inspired chicken and chorizo paella has been tasted and tweaked by our dedicated chefs to ignite the sense's and is ready in moments. Tender pieces of Australian RSPCA Approved chicken breast, chargrilled & marinated in smokey paprika, combined with slices of chorizo and roasted red capsicum served on a bed of vegetable and paprika rice.",,,"Per 100g/ml
Per Serving
%DI
Energy
545.90
2019.83
Protein
8.70
32.19
Carbohydrate
12.40
45.88
Sugars
0.10
0.37
Sodium
270.00
999.00
Saturated
1.00
3.70
Energy (Cal)
130.60
483.21
Fat
4.80
17.76
Dietary Fibre (total)
1.20
4.44
Trans
0.10
0.37
* Percentage Daily Intakes are based on an average adult diet of 8700 kJ. Your daily intakes may be higher or lower depending on your energy needs.",,https://www.coles.com.au/product/coles-finest-chicken-and-chorizo-paella-370g-7078866,,,2024-06-17T21:50:59.531628-04:00
"Ind56SColes_ADairy, Eggs & Fridge_SAReady to eat meals_IColes Perform Build Chicken Pesto Gnocchi | 430g",Coles Perform Build Chicken Pesto Gnocchi | 430g,Coles,"Dairy, Eggs & Fridge",Ready to eat meals,Other ready meals,,$10.00,Pick any 2 for $18,,$2.33 per 100g,5070921,"Coles PerForm Pesto Chicken & Gnocchi with tender chargrilled paprika chicken breast, parmesan cheese and pesto sauce drizzled over fluffy potato gnocchi. With up to 42g protein per meal, this is perfect as a fast, nourishing protein-rich meal to complement your exercise, diet or lifestyle goals.",,,"Per 100g/ml
Per Serving
%DI
Energy
520.00
2236.00
Protein
9.80
42.14
Total Fat
2.50
10.75
Saturated Fat
0.90
3.87
Carbohydrate
15.30
65.79
Sugars
3.40
14.62
Saturated
0.90
3.87
Sodium
220.00
946.00
Energy (Cal)
124.40
534.93
Fat
2.50
10.75
Dietary Fibre (total)
0.10
0.43
Trans
0.10
0.43
trans
LESS THAN 1g
LESS THAN 1g
* Percentage Daily Intakes are based on an average adult diet of 8700 kJ. Your daily intakes may be higher or lower depending on your energy needs.",,https://www.coles.com.au/product/coles-perform-build-chicken-pesto-gnocchi-430g-5070921,,,2024-06-17T21:51:10.462490-04:00
"Ind56SColes_ADairy, Eggs & Fridge_SAReady to eat meals_IColes Nature's Kitchen Minestrone Soup | 300g",Coles Nature's Kitchen Minestrone Soup | 300g,Coles,"Dairy, Eggs & Fridge",Ready to eat meals,Soups & stews,,$4.00,,,$1.33 per 100g,4215836,Coles Brand meals are made with quality ingredients. Enjoy delicious and convenient ready to heat Minestrone Soup.,,,"Per 100g/ml
Per Serving
%DI
Energy
181.00
543.00
Protein
1.10
3.30
Carbohydrate
5.20
15.60
Sugars
2.40
7.20
Sodium
180.00
540.00
Saturated
0.10
0.30
Energy (Cal)
43.30
129.90
Fat
1.50
4.50
Dietary Fibre (total)
2.30
6.90
Trans
0.09
0.27
* Percentage Daily Intakes are based on an average adult diet of 8700 kJ. Your daily intakes may be higher or lower depending on your energy needs.",,https://www.coles.com.au/product/coles-nature's-kitchen-minestrone-soup-300g-4215836,,,2024-06-17T21:51:21.849646-04:00
"Ind56SColes_ADairy, Eggs & Fridge_SAReady to eat meals_IDari's Tomato Soup | 350g",Dari's Tomato Soup | 350g,Daris,"Dairy, Eggs & Fridge",Ready to eat meals,Soups & stews,,$4.80,,,$1.37 per 100g,7831381,"An original soup icon, tomato is universally appealing and loved by all ages. We've elevated the classic tomato soup recipe, by adding a touch of cream and a hint of oregano, to create a decadent, creamy, and comforting tomato soup that's full of the flavours of its simple ingredients.
 ",,,"Per 100g/ml
Per Serving
%DI
Energy
161
564
Protein
1.1
3.9
Total Fat
1.7
6.0
Saturated Fat
1.3
4.5
Carbohydrate
4.4
15.4
Sugars
3.8
13.3
Sodium
220
770
Energy (Cal)
38
135
Dietary Fibre (total)
0.6
2.1
Trans
0.0
0.0
* Percentage Daily Intakes are based on an average adult diet of 8700 kJ. Your daily intakes may be higher or lower depending on your energy needs.",,https://www.coles.com.au/product/dari's-tomato-soup-350g-7831381,,,2024-06-17T21:51:33.052528-04:00
"Ind56SColes_ADairy, Eggs & Fridge_SAReady to eat meals_IColes Kitchen Pumpkin Risotto | 350g",Coles Kitchen Pumpkin Risotto | 350g,Coles,"Dairy, Eggs & Fridge",Ready to eat meals,Italian meals & pasta,,$8.00,Pick any 2 for $14,,$2.29 per 100g,3467990,"From our kitchen to yours, Coles Kitchen offers you great-tasting food that is ready when you are",,,"Per 100g/ml
Per Serving
%DI
Energy
419.90
1469.65
Protein
2.50
8.75
Total Fat
3.90
13.65
Carbohydrate
13.10
45.85
Sugars
2.50
8.75
Sodium
140.00
490.00
Saturated
1.60
5.60
Energy (Cal)
100.45
351.59
Dietary Fibre (total)
1.30
4.55
Trans
0.10
0.35
* Percentage Daily Intakes are based on an average adult diet of 8700 kJ. Your daily intakes may be higher or lower depending on your energy needs.",,https://www.coles.com.au/product/coles-kitchen-pumpkin-risotto-350g-3467990,,,2024-06-17T21:51:44.375326-04:00
"Ind56SColes_ADairy, Eggs & Fridge_SAReady to eat meals_IColes Kitchen Beef Bolognese Sauce | 425g",Coles Kitchen Beef Bolognese Sauce | 425g,Coles,"Dairy, Eggs & Fridge",Ready to eat meals,Italian meals & pasta,,,,,,3920242,Rich Australian beef and tomato sauce with carrots and red wine,,,"Per 100g/ml
Per Serving
%DI
Energy
361.20
382.87
Protein
6.60
7.00
Total Fat
4.00
4.24
Carbohydrate
5.00
5.30
Sugars
3.50
3.71
Sodium
260.00
275.60
Saturated
1.50
1.59
Energy (Cal)
86.41
91.60
Dietary Fibre (total)
2.00
2.12
Trans
0.10
0.11
* Percentage Daily Intakes are based on an average adult diet of 8700 kJ. Your daily intakes may be higher or lower depending on your energy needs.",,https://www.coles.com.au/product/coles-kitchen-beef-bolognese-sauce-425g-3920242,,,2024-06-17T21:51:55.486409-04:00
"Ind56SColes_ADairy, Eggs & Fridge_SAYoufoodz_IYoufoodz Chargrill Chicken Chipotle Mayo | 326g",Youfoodz Chargrill Chicken Chipotle Mayo | 326g,Youfoodz,"Dairy, Eggs & Fridge",Youfoodz,Ready to eat meal,,$11.00,Pick any 2 for $16,,$3.37 per 100g,3769560,"Want a meal big on flavour? Look no further than our Chargrilled Chicken, packed with 32 grams of protein.

The meal features chicken rubbed with cajun seasoning before being cooked to perfection and sliced. On the side, we serve up a Napoli sauce and our special 'dirty' rice which is packed with red capsicum, onion, garlic and paprika. For an extra kick, we've thrown in a sachet of chipotle mayo.",,,"Per 100g/ml
Per Serving
%DI
Energy
729 kJ
2380 kJ
Protein
10.2 g
33.3 g
Total Fat
7.3 g
23.7 g
Saturated Fat
1.3 g
4.3 g
Carbohydrate
16.3 g
53.2 g
Sugars
4.4 g
14.3 g
Sodium
366 mg
1190 mg
Energy (Cal)
174 Cal
568 Cal
Dietary Fibre (total)
1.0 g
3.3 g
* Percentage Daily Intakes are based on an average adult diet of 8700 kJ. Your daily intakes may be higher or lower depending on your energy needs.",,https://www.coles.com.au/product/youfoodz-chargrill-chicken-chipotle-mayo-326g-3769560,,,2024-06-17T21:52:06.975455-04:00
"Ind56SColes_ADairy, Eggs & Fridge_SAReady to eat meals_IColes Nature's Kitchen Cauliflower Pizza Base | 170g",Coles Nature's Kitchen Cauliflower Pizza Base | 170g,Coles,"Dairy, Eggs & Fridge",Ready to eat meals,Pizzas,,$4.20,,,$2.47 per 100g,6187527,,,,,,https://www.coles.com.au/product/coles-nature's-kitchen-cauliflower-pizza-base-170g-6187527,,,2024-06-17T21:52:16.357521-04:00
"Ind56SColes_ADairy, Eggs & Fridge_SAReady to eat meals_IReady Chef Cheesy Mash | 800g",Ready Chef Cheesy Mash | 800g,Ready Chef,"Dairy, Eggs & Fridge",Ready to eat meals,Hot snacks & sides,,$10.00,,,$1.25 per 100g,6282619,"Ready Chef Cheesy Potato Mash is creamy mashed potato combined with butter, cream and cheese. Family size side dish. Ready to eat in 7 mins.",,,"Per 100g/ml
Per Serving
%DI
Energy
606kJ
1210kJ
14%
Protein
2.9g
5.8g
12%
Total Fat
10.4g
20.7g
30%
Saturated Fat
6.7g
13.4g
56%
Carbohydrate
9.7g
19.5g
6%
Sugars
1.1g
2.2g
2%
Sodium
126mg
252mg
11%
Monounsaturated
>1
>1
>1
Energy (Cal)
146Cal
292Cal
>1
Dietary Fibre (total)
0.9g
1.8g
6%
Polyunsaturated
>1
>1
>1
Trans
>1
>1
>1
* Percentage Daily Intakes are based on an average adult diet of 8700 kJ. Your daily intakes may be higher or lower depending on your energy needs.",,https://www.coles.com.au/product/ready-chef-cheesy-mash-800g-6282619,,,2024-06-17T21:52:29.416829-04:00
"Ind56SColes_ADairy, Eggs & Fridge_SAReady to eat meals_IYoufoodz Chicken Cashew With Broccoli & Rice | 338g",Youfoodz Chicken Cashew With Broccoli & Rice | 338g,Youfoodz,"Dairy, Eggs & Fridge",Ready to eat meals,Other ready meals,,$11.00,Pick any 2 for $16,,$3.25 per 100g,7824954,"Youfoodz' Chicken & Cashew is a healthy spin on a Chinese takeout staple, featuring succulent chicken sitting on a bed of brown rice and broccoli. Dressed in a sweet and savoury stir-fry sauce, then sprinkled with crunchy cashews.",,,"Per 100g/ml
Per Serving
%DI
Energy
576 kJ
1950 kJ
Protein
7.6 g
25.8 g
Total Fat
3.3 g
11.3 g
Saturated Fat
Less than 1 g
2.1 g
Carbohydrate
18.3 g
61.9 g
Sugars
4.5 g
15.2 g
Sodium
254 mg
860 mg
Energy (Cal)
138 Cal
465 Cal
Dietary Fibre (total)
1.2 g
4.1 g
* Percentage Daily Intakes are based on an average adult diet of 8700 kJ. Your daily intakes may be higher or lower depending on your energy needs.",,https://www.coles.com.au/product/youfoodz-chicken-cashew-with-broccoli-and-rice-338g-7824954,,,2024-06-17T21:52:40.424413-04:00
"Ind56SColes_ADairy, Eggs & Fridge_SAReady to eat meals_ICucina Classica Rigatoni Bolognese | 320g",Cucina Classica Rigatoni Bolognese | 320g,Cucina Classica,"Dairy, Eggs & Fridge",Ready to eat meals,Italian meals & pasta,,$9.90,,,$3.09 per 100g,4682365,Cucina Classica 1serve Rigatoni Bolognese 320g,,,"Per 100g/ml
Per Serving
%DI
Energy
635kJ
2030kJ
Protein
5.8g
18.6g
Total Fat
4.8g
15.4g
Saturated Fat
1.2g
4g
Carbohydrate
20.4g
65.1g
Sugars
1.8g
5.9g
Sodium
246mg
787mg
Energy (Cal)
151.769Cal
485.18Cal
* Percentage Daily Intakes are based on an average adult diet of 8700 kJ. Your daily intakes may be higher or lower depending on your energy needs.",,https://www.coles.com.au/product/cucina-classica-rigatoni-bolognese-320g-4682365,,,2024-06-17T21:52:51.287806-04:00
"Ind56SColes_ADairy, Eggs & Fridge_SAReady to eat meals_IColes Perform Build Beef Ragu Bolognese | 400g",Coles Perform Build Beef Ragu Bolognese | 400g,Coles,"Dairy, Eggs & Fridge",Ready to eat meals,Other ready meals,,$10.00,Pick any 2 for $18,,$2.50 per 100g,5070976,"Coles PerForm Beef Ragu Bolognese with rich no-added-hormone beef, vegetable & red wine sauce coupled with herbs. With up to 44g protein per meal, this is perfect as a fast, nourishing protein-rich meal to complement your exercise, diet or lifestyle goals.",,,"Per 100g/ml
Per Serving
%DI
Energy
473.90
1895.60
Protein
11.10
44.40
Total Fat
1.90
7.60
Carbohydrate
11.70
46.80
Sugars
1.60
6.40
Sodium
160.00
640.00
Saturated
0.80
3.20
Energy (Cal)
113.37
453.49
Fat
1.90
7.60
Dietary Fibre (total)
2.00
8.00
Trans
0.10
0.40
* Percentage Daily Intakes are based on an average adult diet of 8700 kJ. Your daily intakes may be higher or lower depending on your energy needs.",,https://www.coles.com.au/product/coles-perform-build-beef-ragu-bolognese-400g-5070976,,,2024-06-17T21:53:02.576515-04:00
"Ind56SColes_ADairy, Eggs & Fridge_SAReady to eat meals_IColes Kitchen Sweet & Sour Stir Fry Sauce | 200g",Coles Kitchen Sweet & Sour Stir Fry Sauce | 200g,Coles,"Dairy, Eggs & Fridge",Ready to eat meals,Italian meals & pasta,,$4.50,,,$2.25 per 100g,7748324,"Coles Kitchen Sweet and Sour Stir Fry Sauce 200g.

Vegetarian
Traditional sweet and sour sauce
No artificial colours and flavours

Coles Sweet Sour Stir Fry Sauce is a quick and a convenient way to get delicious mid-week meals on the table with no fuss.

This tangy blend of spices is perfectly balanced with sweet pineapple and aromatic herbs providing a refreshing contrast to a variety of ingredients. For protein, chicken or pork strips are classic choices, especially when paired with pineapple chunks and crunchy vegetables like broccoli and carrots. For a tasty meat-free option, try Coles Sweet and Sour Stir Fry Sauce with fried tofu and vegetables to add colour and texture to the dish. Feel free to get creative and customise your stir-fries with whatever ingredients you have on hand.

Serve over noodles or rice and garnish with fresh spring onion and a sprinkling of sesame seeds for a vibrant family-friendly meal that's sure to be a hit.

Chefs Tip: For a spicy twist, add some sliced red chilli or chilli flakes.",,,"Per 100g/ml
Per Serving
%DI
Energy
257
128
1
Protein
LESS THAN 1g
LESS THAN 1g
0
Total Fat
1.4
LESS THAN 1g
1
Saturated Fat
LESS THAN 1g
LESS THAN 1g
0
Carbohydrate
9.5
4.8
2
Sodium
262
131
6
Energy (Cal)
61
31
* Percentage Daily Intakes are based on an average adult diet of 8700 kJ. Your daily intakes may be higher or lower depending on your energy needs.",,https://www.coles.com.au/product/coles-kitchen-sweet-and-sour-stir-fry-sauce-200g-7748324,,,2024-06-17T21:53:13.580150-04:00
"Ind56SColes_ADairy, Eggs & Fridge_SAReady to eat meals_IColes Chicken Tortellini | 600g",Coles Chicken Tortellini | 600g,Coles,"Dairy, Eggs & Fridge",Ready to eat meals,Italian meals & pasta,,$5.50,,,$0.92 per 100g,3920118,Coles Pasta Chicken Tortellini,,,"Per 100g/ml
Per Serving
%DI
Energy
1055.30
1582.95
Protein
12.60
18.90
Total Fat
4.60
6.90
Carbohydrate
37.30
55.95
Sugars
0.30
0.45
Sodium
260.00
390.00
Saturated
1.90
2.85
Energy (Cal)
252.46
378.70
Dietary Fibre (total)
4.60
6.90
* Percentage Daily Intakes are based on an average adult diet of 8700 kJ. Your daily intakes may be higher or lower depending on your energy needs.",,https://www.coles.com.au/product/coles-chicken-tortellini-600g-3920118,,,2024-06-17T21:53:24.546422-04:00
"Ind56SColes_ADairy, Eggs & Fridge_SAReady to eat meals_IColes Kitchen Chicken Pesto Pasta Bake | 350g",Coles Kitchen Chicken Pesto Pasta Bake | 350g,Coles,"Dairy, Eggs & Fridge",Ready to eat meals,Italian meals & pasta,,$8.00,Pick any 2 for $14,,$2.29 per 100g,6009880,From our kitchen to yours So you can experience the food of Italy at home we take durum wheat pasta and match to delicious simmered sauces before finishing with cheese. Food that is full of flavour and ready for you in minutes,,,"Per 100g/ml
Per Serving
%DI
Energy
518.20
1813.70
Protein
8.20
28.70
Total Fat
2.10
7.35
Carbohydrate
15.50
54.25
Sugars
0.20
0.70
Sodium
230.00
805.00
Saturated
0.60
2.10
Energy (Cal)
123.97
433.90
Dietary Fibre (total)
4.70
16.45
Trans
0.10
0.35
* Percentage Daily Intakes are based on an average adult diet of 8700 kJ. Your daily intakes may be higher or lower depending on your energy needs.",,https://www.coles.com.au/product/coles-kitchen-chicken-pesto-pasta-bake-350g-6009880,,,2024-06-17T21:53:35.539794-04:00
"Ind56SColes_ADairy, Eggs & Fridge_SAYoufoodz_IYoufoodz Fueld Portuguese Chicken & Rice | 430g",Youfoodz Fueld Portuguese Chicken & Rice | 430g,Youfoodz,"Dairy, Eggs & Fridge",Youfoodz,Ready to eat meal,,$12.00,,,$2.79 per 100g,4687325,"Full of flavour and packed with protein, our Portugese Chicken & Rice is one meal you're going to want to add to your cart.

The meal features tender slices of chicken rubbed with Portuguese-inspired spices and a generous side of fluffy rice made flavourful with sweet corn kernels and spices like smoked paprika and turmeric. Then, there's the creamy smoked paprika sauce that's to die for.

It takes our chefs approximately two hours to make all the elements of this meal, but for you, it's done in a few minutes.",,,"Per 100g/ml
Per Serving
%DI
Energy
667 kJ
2870 kJ
Protein
10.3 g
44.5 g
Total Fat
4.9 g
21.2 g
Saturated Fat
1.9 g
8.3 g
Carbohydrate
17.7 g
76.0 g
Sugars
3.9 g
16.8 g
Sodium
330 mg
1420 mg
Energy (Cal)
159 Cal
686 Cal
Dietary Fibre (total)
1.1 g
4.7 g
* Percentage Daily Intakes are based on an average adult diet of 8700 kJ. Your daily intakes may be higher or lower depending on your energy needs.",,https://www.coles.com.au/product/youfoodz-fueld-portuguese-chicken-and-rice-430g-4687325,,,2024-06-17T21:53:46.511106-04:00
"Ind56SColes_ADairy, Eggs & Fridge_SAReady to eat meals_IGarlos Sausage Roll | 200g",Garlos Sausage Roll | 200g,Garlos,"Dairy, Eggs & Fridge",Ready to eat meals,Pies & pastries,,$4.80,,,$2.40 per 100g,7155559,"Garlo's Pies is an Australian owned and operated family business which opened its first pie shop in Maroubra, Sydney 2001. The name Garlo comes from the nickname of father and sons, Terry, Sean and Nathan Garlick. Terry a retired mechanic/wharfie, Sean an ex footballer with the Rabbitohs and Roosters and Nathan a master Pastry Chef and lifetime pie lover.
Heating Instructions
Convection Oven (Preferred)
Preheat oven 175C. Remove from wrapping but leave in foil tray and place on baking tray. If frozen heat for 35-45 mins. If refrigerated heat for 20-25mins
Microwave Oven (800 watt)
A microwave may be used to speed up heating time. Remove from wrapping and foil tray and wrap pie in paper towel. If frozen heat on high for 5 minutes. If refrigerated heat on high for 1 min 30 seconds. To make pastry crispy after microwaving, remove paper towel, return to foil tray and place on baking tray in convention oven for 4 minutes at 200C.",,,,"Filling (63%): Beef 33%, Water, Breadcrumb, Onion, Seasoning (Salt, Sugar, Dehydrated Vegetables (Onion, Garlic), Caramel Colour (150c), Herbs, Spices, Corn Flour, Flavour (635), Hydrolysed Vegetable Protein), Herbs, Spices Pastry (37%): Wheat Flour, Margarine (Vegetable Oil, Water, Salt, Emulsifier (471, 472c), Antioxidant (304), Natural Flavour)), Malted Wheat Flour, Whey Powder (Milk, Sugar, Acidity Regulator (262)), Pastry Conditioner, Glaze (Milk Solids, Acidity Regulators (500, 451), Dried Glucose Syrup, Colour (160b))",https://www.coles.com.au/product/garlos-sausage-roll-200g-7155559,,,2024-06-17T21:53:57.567012-04:00
"Ind56SColes_ADairy, Eggs & Fridge_SAReady to eat meals_I25 Degrees South Prosciutto & Ricotta Ravioli | 325g",25 Degrees South Prosciutto & Ricotta Ravioli | 325g,25 Degrees,"Dairy, Eggs & Fridge",Ready to eat meals,Italian meals & pasta,,$6.50,,$9.00,$2.00 per 100g,6399591,,,,,,https://www.coles.com.au/product/25-degrees-south-prosciutto-and-ricotta-ravioli-325g-6399591,,,2024-06-17T21:54:06.543988-04:00
"Ind56SColes_ADairy, Eggs & Fridge_SAReady to eat meals_IColes Kitchen Butter Chicken | 350g",Coles Kitchen Butter Chicken | 350g,Coles,"Dairy, Eggs & Fridge",Ready to eat meals,Indian food & meals,,$8.00,Pick any 2 for $14,,$2.29 per 100g,7156915,"From our kitchen to yours, Coles Kitchen offers you great-tasting food that is ready when you are",,,"Per 100g/ml
Per Serving
%DI
Energy
593.10
2075.85
Protein
14.80
51.80
Carbohydrate
7.20
25.20
Sugars
4.20
14.70
Sodium
150.00
525.00
Saturated
3.50
12.25
Energy (Cal)
141.89
496.61
Fat
5.90
20.65
Dietary Fibre (total)
0.10
0.35
Trans
0.20
0.70
* Percentage Daily Intakes are based on an average adult diet of 8700 kJ. Your daily intakes may be higher or lower depending on your energy needs.",,https://www.coles.com.au/product/coles-kitchen-butter-chicken-350g-7156915,,,2024-06-17T21:54:17.675459-04:00
"Ind56SColes_ADairy, Eggs & Fridge_SAReady to eat meals_ISenza Gluten Free Pizza Base | 220g",Senza Gluten Free Pizza Base | 220g,Senza,"Dairy, Eggs & Fridge",Ready to eat meals,Pizzas,,$5.30,,,$2.41 per 100g,3467902,Made with fresh & quality ingredients. Enjoy convenient and ready to go Senza Gluten Free Pizza Base,,,,,https://www.coles.com.au/product/senza-gluten-free-pizza-base-220g-3467902,,,2024-06-17T21:54:26.255823-04:00
"Ind56SColes_ADairy, Eggs & Fridge_SAReady to eat meals_ILatina Fresh Beef Bolognese Pasta Sauce | 425g",Latina Fresh Beef Bolognese Pasta Sauce | 425g,Latina,"Dairy, Eggs & Fridge",Ready to eat meals,Italian meals & pasta,,$7.50,,,$1.76 per 100g,5220241,"Perfect for topping pasta, Latina Fresh Beef Bolognese Pasta Sauce turns any last-minute dinner idea into something special. Fast to prepare, it's a delicious blend of ripe tomatoes and tender Australian beef with onion, olive oil, garlic and various spices. No artificial colours, flavours or preservatives.
Bolognese made with Australian Beef

No artificial colours or flavours

No preservatives

Perfect with any Latina Fresh pasta

Serves four",,,,,https://www.coles.com.au/product/latina-fresh-beef-bolognese-pasta-sauce-425g-5220241,,,2024-06-17T21:54:35.252503-04:00
"Ind56SColes_ADairy, Eggs & Fridge_SAReady to eat meals_IColes Beef Lasagne | 1.8kg",Coles Beef Lasagne | 1.8kg,Coles,"Dairy, Eggs & Fridge",Ready to eat meals,Italian meals & pasta,,$12.00,,,$0.67 per 100g,3165991,"CHEF'S TIP Halfway through cooking, sprinkle with grated parmesan and mozzarella and serve with a fresh green salad.",,,"Per 100g/ml
Per Serving
%DI
Energy
537.40
1612.20
Protein
6.70
20.10
Carbohydrate
15.20
45.60
Sugars
2.30
6.90
Sodium
230.00
690.00
Saturated
2.10
6.30
Energy (Cal)
128.56
385.69
Fat
3.90
11.70
Dietary Fibre (total)
2.60
7.80
Trans
0.20
0.60
* Percentage Daily Intakes are based on an average adult diet of 8700 kJ. Your daily intakes may be higher or lower depending on your energy needs.",,https://www.coles.com.au/product/coles-beef-lasagne-1.8kg-3165991,,,2024-06-17T21:54:46.329027-04:00
"Ind56SColes_ADairy, Eggs & Fridge_SAReady to eat meals_IColes Beef Ravioli Pasta | 600g",Coles Beef Ravioli Pasta | 600g,Coles,"Dairy, Eggs & Fridge",Ready to eat meals,Italian meals & pasta,,$5.50,,,$0.92 per 100g,2716080,Coles Pasta Beef Ravioli,,,"Per 100g/ml
Per Serving
%DI
Energy
1231.70
1847.55
Protein
12.80
19.20
Total Fat
8.70
13.05
Saturated Fat
2.9
4.4
18
Carbohydrate
39.40
59.10
Sugars
0.90
1.35
Sodium
320.00
480.00
Saturated
3.80
5.70
Energy (Cal)
294.67
442.00
Dietary Fibre (total)
2.80
4.20
Potassium
230.00
345.00
Trans
0.30
0.45
* Percentage Daily Intakes are based on an average adult diet of 8700 kJ. Your daily intakes may be higher or lower depending on your energy needs.",,https://www.coles.com.au/product/coles-beef-ravioli-pasta-600g-2716080,,,2024-06-17T21:54:57.557344-04:00
"Ind56SColes_ADairy, Eggs & Fridge_SAYoufoodz_IYoufoodz Slow Cooked Lamb With Loaded Mash | 350g",Youfoodz Slow Cooked Lamb With Loaded Mash | 350g,Youfoodz,"Dairy, Eggs & Fridge",Youfoodz,Ready to eat meal,,$11.00,Pick any 2 for $16,,$3.14 per 100g,3891665,"Sunday roast done in 2mins? You bet!

Our Slow-Cooked Lamb with Loaded Mash is a winner for dinner or hearty lunch. We're talking melt-in-your-mouth lamb in a rich, French-style braise with a side of creamy potato mash ad mushrooms packed with bacon and cabbage.",,,"Per 100g/ml
Per Serving
%DI
Energy
397 kJ
1390 kJ
Protein
5.4 g
18.9 g
Total Fat
5.1 g
18.0 g
Saturated Fat
3.0 g
10.4 g
Carbohydrate
6.3 g
22.2 g
Sugars
2.6 g
9.1 g
Sodium
560 mg
1960 mg
Energy (Cal)
95 Cal
332 Cal
Dietary Fibre (total)
1.9 g
6.6 g
* Percentage Daily Intakes are based on an average adult diet of 8700 kJ. Your daily intakes may be higher or lower depending on your energy needs.",,https://www.coles.com.au/product/youfoodz-slow-cooked-lamb-with-loaded-mash-350g-3891665,,,2024-06-17T21:55:08.911589-04:00
"Ind56SColes_ADairy, Eggs & Fridge_SAReady to eat meals_IColes Kitchen Family Meatball Pasta Bake | 1.2kg",Coles Kitchen Family Meatball Pasta Bake | 1.2kg,Coles,"Dairy, Eggs & Fridge",Ready to eat meals,Italian meals & pasta,,$15.00,,,$1.25 per 100g,7749917,From our kitchen to yours.. So you can experience the food of Italy at home we take durum wheat pasta and match to delicious simmered sauces before finishing with cheese. Food that is full of flavour and ready for you in minutes,,,"Per 100g/ml
Per Serving
%DI
Energy
635.30
1905.90
Protein
6.70
20.10
Total Fat
6.00
18.00
Carbohydrate
16.20
48.60
Sugars
2.90
8.70
Sodium
157.00
471.00
Saturated
2.20
6.60
Energy (Cal)
151.99
455.96
Dietary Fibre (total)
3.00
9.00
Trans
0.08
0.24
* Percentage Daily Intakes are based on an average adult diet of 8700 kJ. Your daily intakes may be higher or lower depending on your energy needs.",,https://www.coles.com.au/product/coles-kitchen-family-meatball-pasta-bake-1.2kg-7749917,,,2024-06-17T21:55:19.960459-04:00
"Ind56SColes_ADairy, Eggs & Fridge_SAReady to eat meals_IGarlos Curry Beef Pie | 200g",Garlos Curry Beef Pie | 200g,Garlos,"Dairy, Eggs & Fridge",Ready to eat meals,Pies & pastries,,$4.80,,,$2.40 per 100g,7155060,"Garlo's Pies is an Australian owned and operated family business which opened its first pie shop in Maroubra, Sydney 2001. The name Garlo comes from the nickname of father and sons, Terry, Sean and Nathan Garlick. Terry a retired mechanic/wharfie, Sean an ex footballer with the Rabbitohs and Roosters and Nathan a master Pastry Chef and lifetime pie lover.
Heating Instructions
Convection Oven (Preferred)
Preheat oven 175C. Remove from wrapping but leave in foil tray and place on baking tray. If frozen heat for 35-45 mins. If refrigerated heat for 20-25mins
Microwave Oven (800 watt)
A microwave may be used to speed up heating time. Remove from wrapping and foil tray and wrap pie in paper towel. If frozen heat on high for 5 minutes. If refrigerated heat on high for 1 min 30 seconds. To make pastry crispy after microwaving, remove paper towel, return to foil tray and place on baking tray in convention oven for 4 minutes at 200C.",,,,"Filling (65%): Beef 27%, Water, Thickener 1422, Soy Protein, Seasoning (Salt, Sugar, Caramel Colour (e150c), Dehydrated Vegetables (Onion, Garlic), Flavour (635), Hydrolysed Vegetable Protein, Corn Flour, Rice Flour, Spices, Spice Extract), Spices Pastry (35%): Wheat Flour, Margarine (Vegetable Oil, Water, Salt, Emulsifier (471, 472c), Antioxidant (304), Natural Flavour)), Malted Wheat Flour, Whey Powder (Milk, Sugar, Acidity Regulator (262)), Pastry Conditioner, Glaze (Milk Solids, Acidity Regulators (500, 451), Dried Glucose Syrup, Colour (160b))",https://www.coles.com.au/product/garlos-curry-beef-pie-200g-7155060,,,2024-06-17T21:55:28.968330-04:00
"Ind56SColes_ADairy, Eggs & Fridge_SAReady to eat meals_IDari's Creamy Pumpkin Soup | 550g",Dari's Creamy Pumpkin Soup | 550g,Daris,"Dairy, Eggs & Fridge",Ready to eat meals,Soups & stews,,$5.50,,$6.80,$1.00 per 100g,6257418,,,,,"Water, pumpkin (48%), cream (2%), vegetable stock, salt, butter, pepper.",https://www.coles.com.au/product/dari's-creamy-pumpkin-soup-550g-6257418,,,2024-06-17T21:55:39.888385-04:00
"Ind56SColes_ADairy, Eggs & Fridge_SAReady to eat meals_IGarlos Family Lean Beef Pie | 550g",Garlos Family Lean Beef Pie | 550g,Garlos,"Dairy, Eggs & Fridge",Ready to eat meals,Pies & pastries,,$11.60,,,$2.11 per 100g,7339063,"Garlo's Pies is an Australian owned and operated family business which opened its first pie shop in Maroubra, Sydney 2001. The name Garlo comes from the nickname of father and sons, Terry, Sean and Nathan Garlick. Terry a retired mechanic/wharfie, Sean an ex footballer with the Rabbitohs and Roosters and Nathan a master Pastry Chef and lifetime pie lover.
Heating Instructions
Convection Oven (Preferred)
Preheat oven 175C. Remove from wrapping but leave in foil tray and place on baking tray. If frozen heat for 35-45 mins. If refrigerated heat for 20-25mins
Microwave Oven (800 watt)
A microwave may be used to speed up heating time. Remove from wrapping and foil tray and wrap pie in paper towel. If frozen heat on high for 5 minutes. If refrigerated heat on high for 1 min 30 seconds. To make pastry crispy after microwaving, remove paper towel, return to foil tray and place on baking tray in convention oven for 4 minutes at 200C.",,,,"Filling (63%): Beef 40%, Water, Thickener 1422, Soy Protein, Seasoning (Salt, Sugar, Caramel Colour (e150c), Dehydrated Vegetables (Onion, Garlic), Flavour (635), Hydrolysed Vegetable Protein, Corn Flour, Rice Flour, Spices, Spice Extract), Spices Pastry (37%): Wheat Flour, Margarine (Vegetable Oil, Water, Salt, Emulsifier (471, 472c), Antioxidant (304), Natural Flavour)), Malted Wheat Flour, Whey Powder (Milk, Sugar, Acidity Regulator (262)), Pastry Conditioner, Glaze (Milk Solids, Acidity Regulators (500, 451), Dried Glucose Syrup, Colour (160b)) Beef is 25% of filling and pastry combined.",https://www.coles.com.au/product/garlos-family-lean-beef-pie-550g-7339063,,,2024-06-17T21:55:49.140602-04:00
"Ind56SColes_ADairy, Eggs & Fridge_SAReady to eat meals_IDari's FOTW Chicken Laksa Soup | 550g",Dari's FOTW Chicken Laksa Soup | 550g,Daris,"Dairy, Eggs & Fridge",Ready to eat meals,Soups & stews,,$8.20,,,$1.49 per 100g,7830866,"Experience the delicious taste of Malaysia! Fragrant spices, shreds of chicken breast and silky noodles in a coconut-infused broth. Enjoy the quality of a restaurant-style dish in the comfort of your own home.",,,"Per 100g/ml
Per Serving
%DI
Energy
807
2220
Protein
5.9
16.3
Total Fat
15.3
42.0
Saturated Fat
11.3
31.0
Carbohydrate
7.9
21.8
Sugars
1.5
4.1
Sodium
454
1250
Energy (Cal)
193
530
Dietary Fibre (total)
0.9
2.6
* Percentage Daily Intakes are based on an average adult diet of 8700 kJ. Your daily intakes may be higher or lower depending on your energy needs.",,https://www.coles.com.au/product/dari's-fotw-chicken-laksa-soup-550g-7830866,,,2024-06-17T21:56:00.529534-04:00
"Ind56SColes_ADairy, Eggs & Fridge_SAReady to eat meals_ILatina Fresh Kids Mini Ravioli Pasta Beef & Vegetable | 200g",Latina Fresh Kids Mini Ravioli Pasta Beef & Vegetable | 200g,Latina,"Dairy, Eggs & Fridge",Ready to eat meals,Italian meals & pasta,,$6.00,Pick any 2 for $9,,$3.00 per 100g,6393915,,,,,,https://www.coles.com.au/product/latina-fresh-kids-mini-ravioli-pasta-beef-and-vegetable-200g-6393915,,,2024-06-17T21:56:09.887989-04:00
"Ind56SColes_ADairy, Eggs & Fridge_SAReady to eat meals_IColes Pappardelle | 300g",Coles Pappardelle | 300g,Coles,"Dairy, Eggs & Fridge",Ready to eat meals,Italian meals & pasta,,$4.50,,,$1.50 per 100g,3360024,Coles Brand meals are made with quality ingredients. Enjoy delicious and convenient ready to heat Pappardelle.,,,"Per 100g/ml
Per Serving
%DI
Energy
1205.60
1808.40
Protein
12.90
19.35
Total Fat
1.50
2.25
Carbohydrate
53.20
79.80
Sugars
0.90
1.35
Sodium
7.00
10.50
Saturated
0.40
0.60
Energy (Cal)
288.42
432.63
Dietary Fibre (total)
3.30
4.95
* Percentage Daily Intakes are based on an average adult diet of 8700 kJ. Your daily intakes may be higher or lower depending on your energy needs.",,https://www.coles.com.au/product/coles-pappardelle-300g-3360024,,,2024-06-17T21:56:20.853522-04:00
"Ind56SColes_ADairy, Eggs & Fridge_SAReady to eat meals_IYoufoodz Fueld Spagetti Bolognese | 412g",Youfoodz Fueld Spagetti Bolognese | 412g,Youfoodz,"Dairy, Eggs & Fridge",Ready to eat meals,Other ready meals,,$12.00,,,$2.91 per 100g,7825389,"Youfoodz' FUEL'D Spaghetti Bolognese is Nonna's fave beefy bolognese sauce served atop al dente spaghetti. Big in size, big on taste & packed with protein!",,,"Per 100g/ml
Per Serving
%DI
Energy
559 kJ
2300 kJ
Protein
8.2 g
33.7 g
Total Fat
3.2 g
13.2 g
Saturated Fat
1.4 g
5.9 g
Carbohydrate
17.7 g
72.9 g
Sugars
2.9 g
11.8 g
Sodium
258 mg
1060 mg
Energy (Cal)
134 Cal
551 Cal
Dietary Fibre (total)
1.4 g
5.6 g
* Percentage Daily Intakes are based on an average adult diet of 8700 kJ. Your daily intakes may be higher or lower depending on your energy needs.",,https://www.coles.com.au/product/youfoodz-fueld-spagetti-bolognese-412g-7825389,,,2024-06-17T21:56:32.079569-04:00
"Ind56SColes_ADairy, Eggs & Fridge_SAReady to eat meals_IDari's Hearty Vegetable Soup | 550g",Dari's Hearty Vegetable Soup | 550g,Daris,"Dairy, Eggs & Fridge",Ready to eat meals,Soups & stews,,$5.50,,$6.80,$1.00 per 100g,7895067,"Our Hearty Vegetable soup is classic veggie soup with a modern Mediterranean twist! We've combined herbs, chickpeas, and delicate spices with staple vegetables for a fresh new take and flavour. Perfect for those who like their soups to have a bit more zing!",,,"Per 100g/ml
Per Serving
%DI
Energy
122
336
Protein
1.0
2.8
Total Fat
0.4
1.1
Saturated Fat
0
0.3
Carbohydrate
5.3
14.6
Sugars
2.0
5.5
Sodium
358
985
Energy (Cal)
29
81
Dietary Fibre (total)
1.7
4.7
Trans
0
0
* Percentage Daily Intakes are based on an average adult diet of 8700 kJ. Your daily intakes may be higher or lower depending on your energy needs.",,https://www.coles.com.au/product/dari's-hearty-vegetable-soup-550g-7895067,,,2024-06-17T21:56:43.161043-04:00
"Ind56SColes_ADairy, Eggs & Fridge_SAReady to eat meals_ILatina Fresh Italian Style Tomato & Garlic Pasta Sauce | 425g",Latina Fresh Italian Style Tomato & Garlic Pasta Sauce | 425g,Latina,"Dairy, Eggs & Fridge",Ready to eat meals,Italian meals & pasta,,$7.50,,,$1.76 per 100g,5233232,"Packed with umami goodness, Latina Fresh Italian Style Tomato & Garlic Pasta Sauce contains no artificial colours or flavours. This delicious blend of tomatoes, onion and olive oil with various herbs and spices makes a perfect topping for all sorts of pasta dishes. Try it in lasagna for a vegetarian-friendly twist.
Pasta sauce made with Australian Tomatoes

Great for lasagne

No artificial colours or flavours

Perfect with any Latina Fresh pasta

Serves four",,,,,https://www.coles.com.au/product/latina-fresh-italian-style-tomato-and-garlic-pasta-sauce-425g-5233232,,,2024-06-17T21:56:51.774430-04:00
"Ind56SColes_ADairy, Eggs & Fridge_SAReady to eat meals_ILatina Fresh Gluten Free Beef Ravioli Pasta | 280g",Latina Fresh Gluten Free Beef Ravioli Pasta | 280g,Latina,"Dairy, Eggs & Fridge",Ready to eat meals,Italian meals & pasta,,$8.75,Pick any 2 for $13,,$3.13 per 100g,2271450,,,,,,https://www.coles.com.au/product/latina-fresh-gluten-free-beef-ravioli-pasta-280g-2271450,,,2024-06-17T21:57:02.165493-04:00
"Ind56SColes_ADairy, Eggs & Fridge_SAReady to eat meals_IRana Spinach & Ricotta Tortellini | 565g",Rana Spinach & Ricotta Tortellini | 565g,Rana,"Dairy, Eggs & Fridge",Ready to eat meals,Italian meals & pasta,,$10.00,,,$1.77 per 100g,4274890,"Roughly chopped spinach and fabulously creamy, fresh ricotta, wrapped in paper thin pasta. Try serving them with a drizzle of extra-virgin olive oil, chilli flakes and a squeeze of fresh lemon. Now available in family size pack with 4 serves.",,,"Per 100g/ml
Per Serving
%DI
Energy
1167kJ
1645kJ
Protein
9g
12.7g
Total Fat
12g
16.9g
Saturated Fat
6.1g
8.6g
Carbohydrate
32g
45.1g
Sugars
4.1g
5.8g
Sodium
555mg
783mg
* Percentage Daily Intakes are based on an average adult diet of 8700 kJ. Your daily intakes may be higher or lower depending on your energy needs.",,https://www.coles.com.au/product/rana-spinach-and-ricotta-tortellini-565g-4274890,,,2024-06-17T21:57:13.305800-04:00
"Ind56SColes_ADairy, Eggs & Fridge_SAReady to eat meals_IRana Sundried Tomato Pesto Ravioli | 325g",Rana Sundried Tomato Pesto Ravioli | 325g,Rana,"Dairy, Eggs & Fridge",Ready to eat meals,Italian meals & pasta,,$8.00,,,$2.46 per 100g,7840586,,,,,,https://www.coles.com.au/product/rana-sundried-tomato-pesto-ravioli-325g-7840586,,,2024-06-17T21:57:22.752276-04:00
"Ind56SColes_ADairy, Eggs & Fridge_SAReady to eat meals_ILatina Fresh Ricotta & Spinach Agnolotti Pasta | 625g",Latina Fresh Ricotta & Spinach Agnolotti Pasta | 625g,Latina,"Dairy, Eggs & Fridge",Ready to eat meals,Italian meals & pasta,,$11.00,,,$1.76 per 100g,5469181,,,,,,https://www.coles.com.au/product/latina-fresh-ricotta-and-spinach-agnolotti-pasta-625g-5469181,,,2024-06-17T21:57:31.715458-04:00
"Ind56SColes_ADairy, Eggs & Fridge_SAReady to eat meals_IYoufoodz Char Siu Pork Fried Rice | 316g",Youfoodz Char Siu Pork Fried Rice | 316g,Youfoodz,"Dairy, Eggs & Fridge",Ready to eat meals,Other ready meals,,$11.00,Pick any 2 for $16,,$3.48 per 100g,7824987,"You can't go wrong with this tasty take-away classic. Youfoodz' Char Siu Pork is sweet, salty and sticky BBQ pork in Char Siu style marinade with a side of fragrant vegetable-tossed rice.",,,"Per 100g/ml
Per Serving
%DI
Energy
633kJ
2000kJ
Protein
9.2g
29.1g
Total Fat
3.2g
10.1g
Saturated Fat
1.1g
3.6g
Carbohydrate
20.6g
65.2g
Sugars
5.2g
16.4g
Sodium
269mg
851mg
Energy (Cal)
151Cal
478Cal
Dietary Fibre (total)
1
3.2g
* Percentage Daily Intakes are based on an average adult diet of 8700 kJ. Your daily intakes may be higher or lower depending on your energy needs.","White Rice (41%), Pork (27%), Water, Honey, Soy Sauce, Peas, Bacon (Mineral Salts (451, 450), Antioxidant (316), Preservative (250)), Carrot, Corn, Onion, Capsicum, Sesame Oil, Oyster Sauce (Mollusc), Garlic, Modified Starch (1422), Peanut Butter (Peanuts, Stabiliser (471)), Natural Flavour, Five Spice.",https://www.coles.com.au/product/youfoodz-char-siu-pork-fried-rice-316g-7824987,,,2024-06-17T21:57:43.354483-04:00
"Ind56SColes_ADairy, Eggs & Fridge_SAReady to eat meals_IReady Chef Savoury Rice | 800g",Ready Chef Savoury Rice | 800g,Ready Chef,"Dairy, Eggs & Fridge",Ready to eat meals,Hot snacks & sides,,$10.00,,,$1.25 per 100g,6282594,"Ready Chef Savoury Rice is fragrant and aromatic rice mixed with onion, peas, sweet corn and carrot. Family size side dish. Ready to eat in 7 mins.",,,"Per 100g/ml
Per Serving
%DI
Energy
584kJ
1170kJ
13%
Protein
2.5g
5.0g
10%
Total Fat
2.7g
5.3g
8%
Saturated Fat
0.9g
1.8g
7%
Carbohydrate
25.3g
50.6g
16%
Sugars
2.4g
4.8g
5%
Sodium
204mg
409mg
18%
Monounsaturated
>1
>1
>1
Energy (Cal)
138Cal
277Cal
>1
Dietary Fibre (total)
1.5g
3.0g
10%
Polyunsaturated
>1
>1
>1
Trans
>1
>1
>1
* Percentage Daily Intakes are based on an average adult diet of 8700 kJ. Your daily intakes may be higher or lower depending on your energy needs.",,https://www.coles.com.au/product/ready-chef-savoury-rice-800g-6282594,,,2024-06-17T21:57:56.751942-04:00
"Ind56SColes_ADairy, Eggs & Fridge_SAReady to eat meals_IColes Kitchen Pea & Ham Soup | 300g",Coles Kitchen Pea & Ham Soup | 300g,Coles,"Dairy, Eggs & Fridge",Ready to eat meals,Soups & stews,,$4.00,,,$1.33 per 100g,3467470,"From our kitchen to yours, Coles Kitchen offers you great-tasting food that is ready when you are",,,"Per 100g/ml
Per Serving
%DI
Energy
453.30
1359.90
Protein
6.60
19.80
Total Fat
2.90
8.70
Carbohydrate
12.20
36.60
Sugars
1.20
3.60
Sodium
220.00
660.00
Saturated
0.60
1.80
Energy (Cal)
108.44
325.33
Dietary Fibre (total)
3.30
9.90
Trans
0.10
0.30
* Percentage Daily Intakes are based on an average adult diet of 8700 kJ. Your daily intakes may be higher or lower depending on your energy needs.",,https://www.coles.com.au/product/coles-kitchen-pea-and-ham-soup-300g-3467470,,,2024-06-17T21:58:07.990525-04:00
"Ind56SColes_ADairy, Eggs & Fridge_SAReady to eat meals_IColes Kitchen Family Vegetable Lasagne | 1.2kg",Coles Kitchen Family Vegetable Lasagne | 1.2kg,Coles,"Dairy, Eggs & Fridge",Ready to eat meals,Italian meals & pasta,,,,,,3992550,From our kitchen to yours...... So you can experience the food of Italy at home we take durum wheat pasta and match to delicious simmered sauces before finishing with cheese.,,,"Per 100g/ml
Per Serving
%DI
Energy
557.90
1673.70
Protein
5.30
15.90
Total Fat
5.50
16.50
Saturated Fat
3.7
11.1
46
Carbohydrate
14.70
44.10
Sugars
3.60
10.80
Saturated
3.70
11.10
Sodium
160.00
480.00
Energy (Cal)
133.47
400.41
Fat
5.50
16.50
Dietary Fibre (total)
1.80
5.40
Trans
0.20
0.60
trans
LESS THAN 1g
LESS THAN 1g
Dietary Fibre
0.1
0.3
* Percentage Daily Intakes are based on an average adult diet of 8700 kJ. Your daily intakes may be higher or lower depending on your energy needs.","INGREDIENTS: Vegetable Sauce (56.5%) [Vegetables (42%) (Spinach, Eggplant, Zucchini, Onion, Carrot, Red Capsicum), Water, Diced Tomato (24%) (Tomato, Acidity Regulator (330), Mineral Salt (509)), Tomato Paste, Red Wine, Crushed Garlic, Thickener (Starch), Brown Sugar, Vegetable Oil, Basil, Salt, Smokey Paprika (contains Smoke Flavouring), Oregano, Natural Preservative (234), Modified Starch (1422, 1442)], Mature Cheddar Cheese Sauce (21%) [Water, Milk Powder (Milk, Lactose (Milk)), Mature Cheddar Cheese (11%) (Milk, Salt, Starter Culture, Vegetarian Rennet, Lipase, Anticaking Agent (460)), Salted Butter (Milk), Wheat Starch, Thickener (Starch), Wheat Flour, Salt, Natural Preservative (234), Nutmeg, Modified Starch (1422, 1442)], Lasagne Sheets (21%) [Durum Wheat Semolina, Water], Vegetarian Cheddar Cheese (Milk) (1%), Parsley (0.05%).",https://www.coles.com.au/product/coles-kitchen-family-vegetable-lasagne-1.2kg-3992550,,,2024-06-17T21:58:19.923809-04:00
"Ind56SColes_ADairy, Eggs & Fridge_SAColes Finest_IColes Finest Filled Gnocchi Genovese Pesto | 350g",Coles Finest Filled Gnocchi Genovese Pesto | 350g,Coles,"Dairy, Eggs & Fridge",Coles Finest,meals,,$6.00,,,$1.71 per 100g,4689295,"Light, fluffy Italian gnocchi made with fresh potatoes and filled with Genovese pesto, Italian ricotta and pecorino cheese.",,,"Per 100g/ml
Per Serving
%DI
Energy
726.48
1271.34
15
Protein
5.14
9
18
Total Fat
5.33
9.33
13
Saturated Fat
1.75
3.06
13
Carbohydrate
24.9
43.5
14
Sugars
4.11
7.18
8
Sodium
343
600.25
26
Energy (Cal)
173.8
304.15
0
Dietary Fibre (total)
2.43
4.25
14
Trans
0.06
0.1
0
* Percentage Daily Intakes are based on an average adult diet of 8700 kJ. Your daily intakes may be higher or lower depending on your energy needs.","INGREDIENTS: Potato (60%), Wheat Flour, Spreadable Ricotta Cheese (7%) [Ricotta Cheese (Whey (Milk), Cream (Milk), Salt, Acidity Regulators (330, 270)), Whey Protein Concentrate (Milk), Starter Culture (Milk)], Genovese Pesto Sauce (6%) [Genovese Pesto (59%) (Extra Virgin Olive Oil, Concentrated Genovese Basil DOP (27%), Salt, Pine Nuts, Vinegar, Acidity Regulator (330)), Parmigiano Reggiano PDO (21%) (Milk, Salt, Rennet), Pecorino Romano PDO (16%) (Sheeps Milk, Salt, Rennet), Potato Starch], Potato Starch, Free Range Egg (2.5%), Salt, Sunflower Oil.",https://www.coles.com.au/product/coles-finest-filled-gnocchi-genovese-pesto-350g-4689295,,,2024-06-17T21:58:31.071615-04:00
"Ind56SColes_ADairy, Eggs & Fridge_SAReady to eat meals_IColes Kitchen Loaded Hawaiian Pizza | 455g",Coles Kitchen Loaded Hawaiian Pizza | 455g,Coles,"Dairy, Eggs & Fridge",Ready to eat meals,Pizzas,,$6.50,Pick any 2 for $12,,$1.43 per 100g,6188042,From our kitchen to yours......A pizzeria experience at home. We take a stone baked base and top it with vibrant tomato sauce before finishing with ham and pineapple. Generously topped and ready for you in minutes.,,,"Per 100g/ml
Per Serving
%DI
Energy
824.60
940.04
Protein
9.10
10.37
Carbohydrate
24.10
27.47
Sugars
5.90
6.73
Sodium
491.00
559.74
Saturated
2.40
2.74
Energy (Cal)
197.27
224.89
Fat
5.80
6.61
Dietary Fibre (total)
5.70
6.50
Trans
0.03
0.03
* Percentage Daily Intakes are based on an average adult diet of 8700 kJ. Your daily intakes may be higher or lower depending on your energy needs.",,https://www.coles.com.au/product/coles-kitchen-loaded-hawaiian-pizza-455g-6188042,,,2024-06-17T21:58:42.709376-04:00
"Ind56SColes_ADairy, Eggs & Fridge_SAReady to eat meals_IColes Kitchen Cottage Pie | 350g",Coles Kitchen Cottage Pie | 350g,Coles,"Dairy, Eggs & Fridge",Ready to eat meals,Other ready meals,,$8.00,Pick any 2 for $14,,$2.29 per 100g,5586833,A rich Australian beef and vegetable gravy topped with buttery mash and cheese,,,"Per 100g/ml
Per Serving
%DI
Energy
501.30
1754.55
Protein
5.70
19.95
Total Fat
7.20
25.20
Carbohydrate
6.80
23.80
Sugars
0.30
1.05
Sodium
140.00
490.00
Saturated
4.80
16.80
Energy (Cal)
119.93
419.75
Dietary Fibre (total)
2.80
9.80
Trans
0.20
0.70
* Percentage Daily Intakes are based on an average adult diet of 8700 kJ. Your daily intakes may be higher or lower depending on your energy needs.",,https://www.coles.com.au/product/coles-kitchen-cottage-pie-350g-5586833,,,2024-06-17T21:58:53.558784-04:00
"Ind56SColes_ADairy, Eggs & Fridge_SAReady to eat meals_IGarlos Lean Beef Pie | 200g",Garlos Lean Beef Pie | 200g,Garlos,"Dairy, Eggs & Fridge",Ready to eat meals,Pies & pastries,,$4.80,,,$2.40 per 100g,7154997,"Garlo's Pies is an Australian owned and operated family business which opened its first pie shop in Maroubra, Sydney 2001. The name Garlo comes from the nickname of father and sons, Terry, Sean and Nathan Garlick. Terry a retired mechanic/wharfie, Sean an ex footballer with the Rabbitohs and Roosters and Nathan a master Pastry Chef and lifetime pie lover.
Heating Instructions
Convection Oven (Preferred)
Preheat oven 175C. Remove from wrapping but leave in foil tray and place on baking tray. If frozen heat for 35-45 mins. If refrigerated heat for 20-25mins
Microwave Oven (800 watt)
A microwave may be used to speed up heating time. Remove from wrapping and foil tray and wrap pie in paper towel. If frozen heat on high for 5 minutes. If refrigerated heat on high for 1 min 30 seconds. To make pastry crispy after microwaving, remove paper towel, return to foil tray and place on baking tray in convention oven for 4 minutes at 200C.",,,,"Filling (65%): Beef 40%, Water, Thickener 1422, Soy Protein, Seasoning (Salt, Sugar, Caramel Colour (e150c), Dehydrated Vegetables (Onion, Garlic), Flavour (635), Hydrolysed Vegetable Protein, Corn Flour, Rice Flour, Spices, Spice Extract), Spices Pastry (35%): Wheat Flour, Margarine (Vegetable Oil, Water, Salt, Emulsifier (471, 472c), Antioxidant (304), Natural Flavour)), Malted Wheat Flour, Whey Powder (Milk, Sugar, Acidity Regulator (262)), Pastry Conditioner, Glaze (Milk Solids, Acidity Regulators (500, 451), Dried Glucose Syrup, Colour (160b)) Beef is 26% of filling and pastry combined.",https://www.coles.com.au/product/garlos-lean-beef-pie-200g-7154997,,,2024-06-17T21:59:02.453859-04:00
"Ind56SColes_ADairy, Eggs & Fridge_SAReady to eat meals_IDari's Creamy Chicken Soup | 550g",Dari's Creamy Chicken Soup | 550g,Daris,"Dairy, Eggs & Fridge",Ready to eat meals,Soups & stews,,$5.50,,$6.80,$1.00 per 100g,7830550,A classic and traditional soup in Australia. Shredded free range chicken breast in a delicious chicken broth mixed with cream and vegetables.,,,"Per 100g/ml
Per Serving
%DI
Energy
293
807
Protein
4.3
11.9
Total Fat
3.6
9.8
Saturated Fat
2.2
6.1
Carbohydrate
4.8
13.2
Sugars
0.9
2.5
Sodium
285
784
Energy (Cal)
70
193
* Percentage Daily Intakes are based on an average adult diet of 8700 kJ. Your daily intakes may be higher or lower depending on your energy needs.",,https://www.coles.com.au/product/dari's-creamy-chicken-soup-550g-7830550,,,2024-06-17T21:59:13.848637-04:00
"Ind56SColes_ADairy, Eggs & Fridge_SAReady to eat meals_ICucina Classica Beef Lasagna | 350g",Cucina Classica Beef Lasagna | 350g,Cucina Classica,"Dairy, Eggs & Fridge",Ready to eat meals,Italian meals & pasta,,$9.90,,,$2.83 per 100g,2272726,Cucina Classica 1serve Lasagne Tradizionali 350g,,,"Per 100g/ml
Per Serving
%DI
Energy
561kJ
1960kJ
Protein
6g
21.2g
Total Fat
6.4g
22.2g
Saturated Fat
2.8g
9.7g
Carbohydrate
12.4g
43.4g
Sugars
2g
6.8g
Sodium
440mg
1540mg
Energy (Cal)
134.082Cal
468.451Cal
* Percentage Daily Intakes are based on an average adult diet of 8700 kJ. Your daily intakes may be higher or lower depending on your energy needs.",,https://www.coles.com.au/product/cucina-classica-beef-lasagna-350g-2272726,,,2024-06-17T21:59:24.906503-04:00
"Ind56SColes_ADairy, Eggs & Fridge_SAReady to eat meals_IDari's Hearty Chicken Soup | 550g",Dari's Hearty Chicken Soup | 550g,Daris,"Dairy, Eggs & Fridge",Ready to eat meals,Soups & stews,,$5.50,,$6.80,$1.00 per 100g,1196600,"Our Hearty Chicken soup is good, honest, old-school soup, like grandmother used to make'. Succulent chicken, flavoursome stock, and classic vegetables combine to create a soup that takes you back to childhood. Mild in flavour yet so nutritious, delicious, and easy to eat, this soup gives you all the taste and comfort of home.",,,"Per 100g/ml
Per Serving
%DI
Energy
106
292
Protein
2.6
7.2
Total Fat
0.4
1.1
Saturated Fat
0.1
0.3
Carbohydrate
2.7
7.4
Sugars
0.8
2.2
Sodium
315
866
Energy (Cal)
25
69
Dietary Fibre (total)
0.5
1.4
Trans
0
0
* Percentage Daily Intakes are based on an average adult diet of 8700 kJ. Your daily intakes may be higher or lower depending on your energy needs.",,https://www.coles.com.au/product/dari's-hearty-chicken-soup-550g-1196600,,,2024-06-17T21:59:37.476656-04:00
"Ind56SColes_ADairy, Eggs & Fridge_SAReady to eat meals_IHome Chef Quiche Lorraine | 700g",Home Chef Quiche Lorraine | 700g,Home Chef,"Dairy, Eggs & Fridge",Ready to eat meals,Pies & pastries,,$12.00,,,$1.71 per 100g,7829380,Quiche Lorraine,,,"Per 100g/ml
Per Serving
%DI
Energy
982
Protein
8
Total Fat
15.1
Saturated Fat
8
Carbohydrate
16.3
Sugars
2.8
Sodium
440
Energy (Cal)
235
* Percentage Daily Intakes are based on an average adult diet of 8700 kJ. Your daily intakes may be higher or lower depending on your energy needs.",,https://www.coles.com.au/product/home-chef-quiche-lorraine-700g-7829380,,,2024-06-17T21:59:48.477326-04:00
"Ind56SColes_ADairy, Eggs & Fridge_SAColes Finest_IColes Finest Italian Passata Sauced Pizza Base | 250g",Coles Finest Italian Passata Sauced Pizza Base | 250g,Coles,"Dairy, Eggs & Fridge",Coles Finest,meals,,$3.20,,,$1.28 per 100g,4691560,"Inspired by the tastes of Italy, every pizza is made with 00 finely milled Australian flour, hand stretched for a rustic shape, then baked in a 350 degree granite oven for a wonderfully bubbly crust and charred notes.",,,"Per 100g/ml
Per Serving
%DI
Energy
984.7
1230.875
Protein
8.3
10.375
Carbohydrate
42.6
53.25
Sugars
4.3
5.375
Sodium
497
621.25
Saturated
0.3
0.375
Energy (Cal)
235.5741627
294.4677034
Fat
2.6
3.25
Dietary Fibre (total)
2.9
3.625
Trans
0.01
0.0125
* Percentage Daily Intakes are based on an average adult diet of 8700 kJ. Your daily intakes may be higher or lower depending on your energy needs.",,https://www.coles.com.au/product/coles-finest-italian-passata-sauced-pizza-base-250g-4691560,,,2024-06-17T22:00:00.178642-04:00
"Ind56SColes_ADairy, Eggs & Fridge_SAReady to eat meals_IColes Kitchen Creamy Carbonara Sauce | 425g",Coles Kitchen Creamy Carbonara Sauce | 425g,Coles,"Dairy, Eggs & Fridge",Ready to eat meals,Italian meals & pasta,,,,,,3920457,"From our kitchen to yours, Coles Kitchen offers you great-tasting food that is ready when you are",,,"Per 100g/ml
Per Serving
%DI
Energy
551.60
584.70
Protein
3.90
4.13
Carbohydrate
6.00
6.36
Sugars
1.80
1.91
Sodium
220.00
233.20
Saturated
6.20
6.57
Energy (Cal)
131.96
139.88
Fat
10.10
10.71
Dietary Fibre (total)
1.20
1.27
Trans
0.40
0.42
* Percentage Daily Intakes are based on an average adult diet of 8700 kJ. Your daily intakes may be higher or lower depending on your energy needs.",,https://www.coles.com.au/product/coles-kitchen-creamy-carbonara-sauce-425g-3920457,,,2024-06-17T22:00:12.468319-04:00
"Ind56SColes_ADairy, Eggs & Fridge_SADairy, chilled & frozen_IColes Kitchen Scalloped Potato | 350g",Coles Kitchen Scalloped Potato | 350g,Coles,"Dairy, Eggs & Fridge","Dairy, chilled & frozen",Ready made meals,,$6.00,,,"$1.71 per 100g
Was $7.50 on Jun 2024",3771142,Sliced potatoes in a creamy garlic sauce,,,"Per 100g/ml
Per Serving
%DI
Energy
474.60
830.55
Protein
3.20
5.60
Total Fat
4.90
8.58
Saturated Fat
3.5
6.1
25
Carbohydrate
13.30
23.28
Sugars
4.10
7.18
Sodium
260.00
455.00
Energy (Cal)
113.54
198.70
Dietary Fibre (total)
1.60
2.80
Trans
0.20
0.35
* Percentage Daily Intakes are based on an average adult diet of 8700 kJ. Your daily intakes may be higher or lower depending on your energy needs.",,https://www.coles.com.au/product/coles-kitchen-scalloped-potato-350g-3771142,,,2024-06-17T22:00:26.239611-04:00
"Ind56SColes_ADairy, Eggs & Fridge_SAReady to eat meals_IColes Perform Build Lemon & Herb Chicken | 435g",Coles Perform Build Lemon & Herb Chicken | 435g,Coles,"Dairy, Eggs & Fridge",Ready to eat meals,Other ready meals,,$10.00,Pick any 2 for $18,,$2.30 per 100g,5070987,"PerForm Lemon & Herb Chicken with chargrilled chicken pieces and a rich potato, pea and feta mash. Served with carrot batons and a creamy tomato sauce. With up to 48g protein per meal, this is perfect as a fast, nourishing protein-rich meal to complement your exercise, diet or lifestyle goals.",,,"Per 100g/ml
Per Serving
%DI
Energy
388.62
1690.50
Protein
11.10
48.29
Total Fat
2.00
8.70
Saturated Fat
1.00
4.35
Carbohydrate
6.80
29.58
Sugars
0.10
0.44
Sodium
220.00
957.00
Energy (Cal)
93
404
Dietary Fibre (total)
1.29
5.61
Trans
0.10
0.44
* Percentage Daily Intakes are based on an average adult diet of 8700 kJ. Your daily intakes may be higher or lower depending on your energy needs.",,https://www.coles.com.au/product/coles-perform-build-lemon-and-herb-chicken-435g-5070987,,,2024-06-17T22:00:41.443392-04:00
"Ind56SColes_ADairy, Eggs & Fridge_SAReady to eat meals_INevana Pizza Base 12 pack | 700g",Nevana Pizza Base 12 pack | 700g,Nevana,"Dairy, Eggs & Fridge",Ready to eat meals,Pizzas,,$4.80,,,$0.69 per 100g,5618146,Made with fresh & quality ingredients. Enjoy convenient and ready to cook Nevana Pizza Base,,,"Per 100g/ml
Per Serving
%DI
Energy
1150kJ
Protein
12.1g
Total Fat
2.2g
Saturated Fat
0.3g
Carbohydrate
50g
Sugars
6.6g
Sodium
3.9mg
Monounsaturated
1.1g
Polyunsaturated
1.1g
Cholesterol
Less than 0.1g
* Percentage Daily Intakes are based on an average adult diet of 8700 kJ. Your daily intakes may be higher or lower depending on your energy needs.","Wheat Flour, Water, Salt, Vegetable Oil, Yeast, Folate, Preservative (282), Flour Treatment Agents (920, 223), Colour (102).",https://www.coles.com.au/product/nevana-pizza-base-12-pack-700g-5618146,,,2024-06-17T22:00:53.576864-04:00
"Ind56SColes_ADairy, Eggs & Fridge_SAReady to eat meals_IColes Plain Fettucine | 300g",Coles Plain Fettucine | 300g,Coles,"Dairy, Eggs & Fridge",Ready to eat meals,Italian meals & pasta,,$4.50,,,$1.50 per 100g,4293501,Coles Brand meals are made with quality ingredients. Enjoy delicious and convenient ready to heat creamy Fettucine.,,,"Per 100g/ml
Per Serving
%DI
Energy
1205.60
1808.40
Protein
12.90
19.35
Carbohydrate
53.20
79.80
Sugars
0.90
1.35
Sodium
7.00
10.50
Saturated
0.40
0.60
Energy (Cal)
288.42
432.63
Fat
1.50
2.25
Dietary Fibre (total)
3.30
4.95
* Percentage Daily Intakes are based on an average adult diet of 8700 kJ. Your daily intakes may be higher or lower depending on your energy needs.",,https://www.coles.com.au/product/coles-plain-fettucine-300g-4293501,,,2024-06-17T22:01:05.135667-04:00
"Ind56SColes_ADairy, Eggs & Fridge_SADairy, chilled & frozen_IColes Kitchen Cauliflower Cheese | 350g",Coles Kitchen Cauliflower Cheese | 350g,Coles,"Dairy, Eggs & Fridge","Dairy, chilled & frozen",Ready made meals,,,,,,3771131,"Cauliflower florets in a mature Cheddar cheese sauce, topped with Cheddar cheese.",,,"Per 100g/ml
Per Serving
%DI
Energy
453.40
793.45
Protein
4.70
8.23
Carbohydrate
5.00
8.75
Sugars
3.20
5.60
Sodium
160.00
280.00
Saturated
5.20
9.10
Energy (Cal)
108.47
189.82
Fat
7.30
12.78
Dietary Fibre (total)
2.30
4.03
Trans
0.30
0.53
* Percentage Daily Intakes are based on an average adult diet of 8700 kJ. Your daily intakes may be higher or lower depending on your energy needs.",,https://www.coles.com.au/product/coles-kitchen-cauliflower-cheese-350g-3771131,,,2024-06-17T22:01:20.740507-04:00
"Ind56SColes_ADairy, Eggs & Fridge_SAReady to eat meals_IYoufoodz Chilli Peanut Pork With Broccoli & Rice | 330g",Youfoodz Chilli Peanut Pork With Broccoli & Rice | 330g,Youfoodz,"Dairy, Eggs & Fridge",Ready to eat meals,Other ready meals,,$11.00,Pick any 2 for $16,,$3.33 per 100g,7825083,"Youfoodz Chilli Peanut Pork is a comforting Asian-inspired dish that features tender Sous Vide Pork with our house-made chilli peanut sauce. Plus, a side of fluffy Basmati Rice, steamed Broccoli and veg.",,,"Per 100g/ml
Per Serving
%DI
Energy
681kJ
2250kJ
Protein
9.8g
32.4g
Total Fat
7.2g
23.8g
Saturated Fat
3.7g
12.3g
Carbohydrate
13.8g
45.7g
Sugars
4.3g
14.1g
Sodium
336mg
1110mg
Energy (Cal)
163Cal
537Cal
Dietary Fibre (total)
1.5g
5.1g
* Percentage Daily Intakes are based on an average adult diet of 8700 kJ. Your daily intakes may be higher or lower depending on your energy needs.",,https://www.coles.com.au/product/youfoodz-chilli-peanut-pork-with-broccoli-and-rice-330g-7825083,,,2024-06-17T22:01:32.213963-04:00
"Ind56SColes_ADairy, Eggs & Fridge_SAReady to eat meals_IColes Perform Build Black Pepper Beef & Noodles | 420g",Coles Perform Build Black Pepper Beef & Noodles | 420g,Coles,"Dairy, Eggs & Fridge",Ready to eat meals,Other ready meals,,$10.00,Pick any 2 for $18,,$2.38 per 100g,7749247,,,,"Per 100g/ml
Per Serving
%DI
Energy
498.60
2094.12
Protein
9.10
38.22
Total Fat
3.10
13.02
Carbohydrate
13.20
55.44
Sugars
0.10
0.42
Sodium
170.00
714.00
Saturated
0.80
3.36
Energy (Cal)
119.28
500.99
Dietary Fibre (total)
0.60
2.52
Trans
0.10
0.42
* Percentage Daily Intakes are based on an average adult diet of 8700 kJ. Your daily intakes may be higher or lower depending on your energy needs.",,https://www.coles.com.au/product/coles-perform-build-black-pepper-beef-and-noodles-420g-7749247,,,2024-06-17T22:01:44.458176-04:00
"Ind56SColes_ADairy, Eggs & Fridge_SAReady to eat meals_ILatina Filled Pasta Chicken Tomato & Mozzarella | 625g",Latina Filled Pasta Chicken Tomato & Mozzarella | 625g,Latina,"Dairy, Eggs & Fridge",Ready to eat meals,Italian meals & pasta,,$11.00,,,$1.76 per 100g,7730930,,,,,,https://www.coles.com.au/product/latina-filled-pasta-chicken-tomato-and-mozzarella-625g-7730930,,,2024-06-17T22:01:53.302751-04:00
"Ind56SColes_ADairy, Eggs & Fridge_SAReady to eat meals_ILatina Protein Pasta Chicken & Pesto | 400g",Latina Protein Pasta Chicken & Pesto | 400g,Latina,"Dairy, Eggs & Fridge",Ready to eat meals,Italian meals & pasta,,$9.00,,,$2.25 per 100g,7729986,"Delicious Chicken & Pesto Ravioli with 30g of protein per serve. Serves two, cooked in 5 minutes.
30g of protein per serve.

Serves two, cooked in 5 minutes.",,,,,https://www.coles.com.au/product/latina-protein-pasta-chicken-and-pesto-400g-7729986,,,2024-06-17T22:02:02.921377-04:00
"Ind56SColes_ADairy, Eggs & Fridge_SAReady to eat meals_IYoufoodz Mushroom & Cheese Tortellini With Creamy Sauce | 330g",Youfoodz Mushroom & Cheese Tortellini With Creamy Sauce | 330g,Youfoodz,"Dairy, Eggs & Fridge",Ready to eat meals,Other ready meals,,$11.00,Pick any 2 for $16,,$3.33 per 100g,7825039,"Youfoodz' Creamy Mushroom & Cheese Tortellini is perfectly plump cheese tortellini tossed in a creamy sauce made with butter, onion, mushrooms, thickened cream, parmesan cheese, thyme and just a touch of lemon juice.",,,"Per 100g/ml
Per Serving
%DI
Energy
625kJ
2060kJ
Protein
5.2g
17.3g
Total Fat
7.4g
24.4g
Saturated Fat
4.2g
13.9g
Carbohydrate
14.6g
48.2g
Sugars
2.0g
6.5g
Sodium
401mg
1320mg
Energy (Cal)
149Cal
493Cal
Dietary Fibre (total)
1.6g
5.4g
* Percentage Daily Intakes are based on an average adult diet of 8700 kJ. Your daily intakes may be higher or lower depending on your energy needs.",,https://www.coles.com.au/product/youfoodz-mushroom-and-cheese-tortellini-with-creamy-sauce-330g-7825039,,,2024-06-17T22:02:14.435812-04:00
"Ind56SColes_ADairy, Eggs & Fridge_SAReady to eat meals_IColes Kitchen Chicken & Corn Soup | 300g",Coles Kitchen Chicken & Corn Soup | 300g,Coles,"Dairy, Eggs & Fridge",Ready to eat meals,Soups & stews,,$4.00,,,$1.33 per 100g,3467403,"From our kitchen to yours, Coles Kitchen offers you great-tasting food that is ready when you are",,,"Per 100g/ml
Per Serving
%DI
Energy
258.80
776.40
Protein
5.80
17.40
Total Fat
2.20
6.60
Carbohydrate
3.60
10.80
Sugars
1.60
4.80
Sodium
200.00
600.00
Saturated
0.40
1.20
Energy (Cal)
61.91
185.74
Dietary Fibre (total)
2.20
6.60
Trans
0.10
0.30
* Percentage Daily Intakes are based on an average adult diet of 8700 kJ. Your daily intakes may be higher or lower depending on your energy needs.",,https://www.coles.com.au/product/coles-kitchen-chicken-and-corn-soup-300g-3467403,,,2024-06-17T22:02:25.691008-04:00
"Ind56SColes_ADairy, Eggs & Fridge_SA_ILatina Fresh Spinach & Ricotta Agnolotti Pasta | 375g",Latina Fresh Spinach & Ricotta Agnolotti Pasta | 375g,Latina,"Dairy, Eggs & Fridge",,,,$6.50,,$8.00,$1.73 per 100g,5280232,,,,,,https://www.coles.com.au/product/latina-fresh-spinach-and-ricotta-agnolotti-pasta-375g-5280232,,,2024-06-17T22:02:35.874463-04:00
"Ind56SColes_ADairy, Eggs & Fridge_SADairy, chilled & frozen_IColes Kitchen Family Side Mashed Potato | 600g",Coles Kitchen Family Side Mashed Potato | 600g,Coles,"Dairy, Eggs & Fridge","Dairy, chilled & frozen",Ready made meals,,$7.00,,,"$1.17 per 100g
Was $7.50 on Jun 2024",7748925,,,,"Per 100g/ml
Per Serving
%DI
Energy
414.40
621.60
Protein
1.40
2.10
Total Fat
4.50
6.75
Carbohydrate
12.10
18.15
Sugars
0.80
1.20
Sodium
190.00
285.00
Saturated
3.20
4.80
Energy (Cal)
99.14
148.71
Dietary Fibre (total)
2.30
3.45
Trans
0.20
0.30
* Percentage Daily Intakes are based on an average adult diet of 8700 kJ. Your daily intakes may be higher or lower depending on your energy needs.",,https://www.coles.com.au/product/coles-kitchen-family-side-mashed-potato-600g-7748925,,,2024-06-17T22:02:47.459554-04:00
"Ind56SColes_ADairy, Eggs & Fridge_SAReady to eat meals_IColes Kitchen Special Fried Rice | 350g",Coles Kitchen Special Fried Rice | 350g,Coles,"Dairy, Eggs & Fridge",Ready to eat meals,Thai meals,,$7.50,Pick any 2 for $14,,$2.14 per 100g,2875095,"Jasmine rice fried with free range eggs, Australian RSPCA Approved Chicken breast, char sui pork and vegetables",,,"Per 100g/ml
Per Serving
%DI
Energy
660.70
2312.45
Protein
8.10
28.35
Total Fat
3.40
11.90
Carbohydrate
22.80
79.80
Sugars
1.20
4.20
Sodium
270.00
945.00
Saturated
0.60
2.10
Energy (Cal)
158.06
553.22
Dietary Fibre (total)
1.20
4.20
Trans
0.10
0.35
* Percentage Daily Intakes are based on an average adult diet of 8700 kJ. Your daily intakes may be higher or lower depending on your energy needs.",,https://www.coles.com.au/product/coles-kitchen-special-fried-rice-350g-2875095,,,2024-06-17T22:02:58.614391-04:00
"Ind56SColes_ADairy, Eggs & Fridge_SAReady to eat meals_IColes Kitchen Family Thai Green Chicken Curry | 800g",Coles Kitchen Family Thai Green Chicken Curry | 800g,Coles,"Dairy, Eggs & Fridge",Ready to eat meals,Thai meals,,$14.00,,,$1.75 per 100g,7372499,Australian chicken breast in an aromatic green curry sauce with green capsicum and kaffir lime,,,"Per 100g/ml
Per Serving
%DI
Energy
529.70
1059.40
Protein
12.00
24.00
Carbohydrate
4.90
9.80
Sugars
4.30
8.60
Sodium
335.00
670.00
Saturated
4.70
9.40
Energy (Cal)
126.72
253.44
Fat
6.40
12.80
Dietary Fibre (total)
0.70
1.40
Trans
0.10
0.20
* Percentage Daily Intakes are based on an average adult diet of 8700 kJ. Your daily intakes may be higher or lower depending on your energy needs.",,https://www.coles.com.au/product/coles-kitchen-family-thai-green-chicken-curry-800g-7372499,,,2024-06-17T22:03:09.616922-04:00
"Ind56SColes_ADairy, Eggs & Fridge_SAReady to eat meals_IJC's Quality Foods Delicious Energy Mix | 100g",JC's Quality Foods Delicious Energy Mix | 100g,JCs Quality Foods,"Dairy, Eggs & Fridge",Ready to eat meals,Grab & go snacks,,$3.60,,,$3.60 per 100g,7829051,"Here at JC's, we've been bringing fun to snack time since 1994. We know that good food is a source of good health, happiness and vitality; we simply mix this with deliciousness to create snacks you'll love.",,,"Per 100g/ml
Per Serving
%DI
Energy
2030kJ
610kJ
Protein
8.5g
2.5g
Total Fat
28.7g
8.6g
Saturated Fat
10.5g
3.1g
Carbohydrate
46.9g
14.1g
Sugars
44.2g
13.3g
Sodium
32mg
10mg
* Percentage Daily Intakes are based on an average adult diet of 8700 kJ. Your daily intakes may be higher or lower depending on your energy needs.",,https://www.coles.com.au/product/jc's-quality-foods-delicious-energy-mix-100g-7829051,,,2024-06-17T22:03:21.041237-04:00
"Ind56SColes_ADairy, Eggs & Fridge_SAReady to eat meals_IColes Kitchen Family Chicken & Bacon Pasta Bake | 1.2kg",Coles Kitchen Family Chicken & Bacon Pasta Bake | 1.2kg,Coles,"Dairy, Eggs & Fridge",Ready to eat meals,Italian meals & pasta,,$15.00,,,$1.25 per 100g,7749848,From our kitchen to yours......So you can experience the food of Italy at home we take durum wheat pasta and match to delicious simmered sauces before finishing with cheese. Food that is full of flavour and ready for you in minutes,,,"Per 100g/ml
Per Serving
%DI
Energy
575.40
1726.20
Protein
8.70
26.10
Total Fat
5.70
17.10
Carbohydrate
11.80
35.40
Sugars
0.10
0.30
Sodium
288.00
864.00
Saturated
2.80
8.40
Energy (Cal)
137.66
412.97
Dietary Fibre (total)
2.00
6.00
Trans
0.05
0.15
* Percentage Daily Intakes are based on an average adult diet of 8700 kJ. Your daily intakes may be higher or lower depending on your energy needs.",,https://www.coles.com.au/product/coles-kitchen-family-chicken-and-bacon-pasta-bake-1.2kg-7749848,,,2024-06-17T22:03:31.925317-04:00
"Ind56SColes_ADairy, Eggs & Fridge_SAReady to eat meals_IColes Kitchen Mongolian Beef And Rice | 350g",Coles Kitchen Mongolian Beef And Rice | 350g,Coles,"Dairy, Eggs & Fridge",Ready to eat meals,Thai meals,,,,,,4217999,"Made with Australian beef strips in a sweet & savoury sauce, served with jasmine rice.",,,"Per 100g/ml
Per Serving
%DI
Energy
552.60
1934.10
Protein
9.60
33.60
Total Fat
2.60
9.10
Carbohydrate
17.20
60.20
Sugars
1.50
5.25
Sodium
210.00
735.00
Saturated
0.60
2.10
Energy (Cal)
132.20
462.70
Fat
2.60
9.10
Dietary Fibre (total)
0.10
0.35
Trans
0.10
0.35
* Percentage Daily Intakes are based on an average adult diet of 8700 kJ. Your daily intakes may be higher or lower depending on your energy needs.",,https://www.coles.com.au/product/coles-kitchen-mongolian-beef-and-rice-350g-4217999,,,2024-06-17T22:03:44.246789-04:00
"Ind56SColes_ADairy, Eggs & Fridge_SAColes Finest_IColes Finest Thai Red Chicken Curry | 400g",Coles Finest Thai Red Chicken Curry | 400g,Coles,"Dairy, Eggs & Fridge",Coles Finest,meals,,,,,,3771539,"Using carefully selected fragrant herbs and spices blended together and cooked with creamy coconut, our experts ensure we give our delicious range of premium Thai curries an authentic flavour. Making it easy for you to get your favourite curry at home. Let us do the hard work for you.",,,"Per 100g/ml
Per Serving
%DI
Energy
510.20
2040.80
Protein
6.70
26.80
Total Fat
7.80
31.20
Carbohydrate
5.30
21.20
Sugars
4.50
18.00
Sodium
330.00
1320.00
Saturated
5.30
21.20
Energy (Cal)
122.06
488.23
Dietary Fibre (total)
2.20
8.80
Trans
0.10
0.40
* Percentage Daily Intakes are based on an average adult diet of 8700 kJ. Your daily intakes may be higher or lower depending on your energy needs.",,https://www.coles.com.au/product/coles-finest-thai-red-chicken-curry-400g-3771539,,,2024-06-17T22:03:56.311631-04:00
"Ind56SColes_ADairy, Eggs & Fridge_SADairy, chilled & frozen_IColes Kitchen Vegetable Samosas | 180g",Coles Kitchen Vegetable Samosas | 180g,Coles,"Dairy, Eggs & Fridge","Dairy, chilled & frozen",Ready made meals,,$6.00,,,"$3.33 per 100g
Was $7.50 on Jun 2024",7750268,"Coles Kitchen REAL FOOD, FAST ONION BHAJI",,,"Per 100g/ml
Per Serving
%DI
Energy
1152.70
691.62
Protein
6.40
3.84
Total Fat
19.80
11.88
Carbohydrate
15.30
9.18
Sugars
3.50
2.10
Sodium
295.00
177.00
Saturated
2.60
1.56
Energy (Cal)
275.77
165.46
Dietary Fibre (total)
6.40
3.84
Trans
0.08
0.05
* Percentage Daily Intakes are based on an average adult diet of 8700 kJ. Your daily intakes may be higher or lower depending on your energy needs.","INGREDIENTS: Onion Bhaji Mixture (97%) [Onion (65%), Chickpea Flour (17%), Rice Flour, Ghee (Milk), Yoghurt (Milk), Crushed Garlic, Minced Ginger, Coriander, Baking Powder (Raising Agent (500, 541, 341), Corn Starch), Curry Leaf, Fennel Seed, Salt, Water, Cumin, Turmeric, Chilli Powder], Canola Oil.",https://www.coles.com.au/product/coles-kitchen-vegetable-samosas-180g-7750268,,,2024-06-17T22:04:07.660370-04:00
"Ind56SColes_ADairy, Eggs & Fridge_SAReady to eat meals_IRana Porcini Mushroom Ravioli | 325g",Rana Porcini Mushroom Ravioli | 325g,Rana,"Dairy, Eggs & Fridge",Ready to eat meals,Italian meals & pasta,,$8.00,,,$2.46 per 100g,3296071,"Enjoy the richness of our filling. Made to perfection with flavoursome diced mushrooms and delicate creamy ricotta cheese, wrapped in paper thin pasta parcels.",,,,"Filling 53%: Porcini Mushroom 15% (Boletus Edulis and Related Group), Vegetable Fibres, Ricotta (Whey, Milk, Salt, Citric Acid), Champignon Mushroom 9.2% (Agaricus Bisporus), Breadcrumbs (Soft Wheat Flour, Salt, Yeast), Mozzarella Cheese (Milk, Salt, Non-Animal Rennet), Mascarpone Cheese (Cream, Milk, Citric Acid), Starches, Sunflower Oil, Onion, Whey Powder, White Wine, Natural Flavouring (contains Barley), Salt, Parsley, Lactose (from Milk), Acidity Regulator: Lactic Acid, Garlic, Skimmed Milk Powder, Black Pepper, Pasta 47%: Soft Wheat Flour, Egg 30%, Durum Wheat Semolina",https://www.coles.com.au/product/rana-porcini-mushroom-ravioli-325g-3296071,,,2024-06-17T22:04:17.230565-04:00
"Ind56SColes_ADairy, Eggs & Fridge_SAReady to eat meals_IPitango Free Range Soup Chicken & Vegetable | 600g",Pitango Free Range Soup Chicken & Vegetable | 600g,Pitango,"Dairy, Eggs & Fridge",Ready to eat meals,Soups & stews,,$5.75,,$7.25,$0.96 per 100g,4207463,"True food for us means only using carefully selected natural ingredients with no preservatives, artificial colours, flavours or added sugar. 

Free range chicken stock, packed with potatoes, carrots, corn & sweet potatoes, free range chicken, dash of white wine, thyme & sweet paprika. 

Only the good stuff.
Get your veggies in. ",,,"Per 100g/ml
Per Serving
%DI
Energy
167kJ
502kJ
6%
Protein
2.7g
8.1g
16%
Total Fat
0.8g
2.5g
4%
Saturated Fat
0.34g
1.0g
4%
Carbohydrate
4.67g
14.0g
5%
Sugars
1.45g
4.3g
5%
Sodium
239mg
718mg
31%
Monounsaturated
>1
>1
>1
Energy (Cal)
39.8Cal
119Cal
>1
Dietary Fibre (total)
1.22g
3.7g
12%
Polyunsaturated
>1
>1
>1
Gluten
0.0g
0.0g
>1
Trans
>1
>1
>1
* Percentage Daily Intakes are based on an average adult diet of 8700 kJ. Your daily intakes may be higher or lower depending on your energy needs.",,https://www.coles.com.au/product/pitango-free-range-soup-chicken-and-vegetable-600g-4207463,,,2024-06-17T22:04:28.308313-04:00
"Ind56SColes_ADairy, Eggs & Fridge_SAReady to eat meals_IColes Finest Thai Red Chicken Curry | 400g",Coles Finest Thai Red Chicken Curry | 400g,Coles,"Dairy, Eggs & Fridge",Ready to eat meals,Thai meals,,,,,,3771539,"Using carefully selected fragrant herbs and spices blended together and cooked with creamy coconut, our experts ensure we give our delicious range of premium Thai curries an authentic flavour. Making it easy for you to get your favourite curry at home. Let us do the hard work for you.",,,"Per 100g/ml
Per Serving
%DI
Energy
510.20
2040.80
Protein
6.70
26.80
Total Fat
7.80
31.20
Carbohydrate
5.30
21.20
Sugars
4.50
18.00
Sodium
330.00
1320.00
Saturated
5.30
21.20
Energy (Cal)
122.06
488.23
Dietary Fibre (total)
2.20
8.80
Trans
0.10
0.40
* Percentage Daily Intakes are based on an average adult diet of 8700 kJ. Your daily intakes may be higher or lower depending on your energy needs.",,https://www.coles.com.au/product/coles-finest-thai-red-chicken-curry-400g-3771539,,,2024-06-17T22:28:43.334469-04:00
"Ind56SColes_ADairy, Eggs & Fridge_SAReady to eat meals_IColes Kitchen Laksa Chicken & Noodles | 350g",Coles Kitchen Laksa Chicken & Noodles | 350g,Coles,"Dairy, Eggs & Fridge",Ready to eat meals,Thai meals,,$7.50,Pick any 2 for $14,,$2.14 per 100g,7748685,Hokkien noodles with vegetables and Australian chicken breast in a fragrant coconut sauce,,,"Per 100g/ml
Per Serving
%DI
Energy
397.70
1391.95
Protein
6.80
23.80
Total Fat
3.30
11.55
Carbohydrate
8.00
28.00
Sugars
0.10
0.35
Sodium
140.00
490.00
Saturated
1.80
6.30
Energy (Cal)
95.14
333.00
Dietary Fibre (total)
3.00
10.50
Trans
0.10
0.35
* Percentage Daily Intakes are based on an average adult diet of 8700 kJ. Your daily intakes may be higher or lower depending on your energy needs.",,https://www.coles.com.au/product/coles-kitchen-laksa-chicken-and-noodles-350g-7748685,,,2024-06-17T22:59:13.869936-04:00
"Ind56SColes_ADairy, Eggs & Fridge_SAReady to eat meals_IColes Nature's Kitchen Veggie Sauce | 425g",Coles Nature's Kitchen Veggie Sauce | 425g,Coles,"Dairy, Eggs & Fridge",Ready to eat meals,Italian meals & pasta,,,,,,3649433,"Chunky veggie pasta sauce containing a blend of tomato, onion, carrot, zucchini, capsicum and celery",,,"Per 100g/ml
Per Serving
%DI
Energy
170.90
181.15
Protein
1.10
1.17
Carbohydrate
4.40
4.66
Sugars
2.60
2.76
Sodium
250.00
265.00
Saturated
0.20
0.21
Energy (Cal)
40.89
43.34
Fat
1.40
1.48
Dietary Fibre (total)
3.20
3.39
Trans
0.10
0.11
* Percentage Daily Intakes are based on an average adult diet of 8700 kJ. Your daily intakes may be higher or lower depending on your energy needs.",,https://www.coles.com.au/product/coles-nature's-kitchen-veggie-sauce-425g-3649433,,,2024-06-17T22:59:25.020753-04:00
"Ind56SColes_ADairy, Eggs & Fridge_SAReady to eat meals_ILatina Fresh Veal Tortellini Pasta | 625g",Latina Fresh Veal Tortellini Pasta | 625g,Latina,"Dairy, Eggs & Fridge",Ready to eat meals,Italian meals & pasta,,$11.00,,,$1.76 per 100g,5404131,,,,,,https://www.coles.com.au/product/latina-fresh-veal-tortellini-pasta-625g-5404131,,,2024-06-17T22:59:34.738046-04:00
"Ind56SColes_ADairy, Eggs & Fridge_SAReady to eat meals_IColes Kitchen Margherita Pizza | 450g",Coles Kitchen Margherita Pizza | 450g,Coles,"Dairy, Eggs & Fridge",Ready to eat meals,Pizzas,,,,,,7748460,,,,,,https://www.coles.com.au/product/coles-kitchen-margherita-pizza-450g-7748460,,,2024-06-17T22:59:43.418491-04:00
"Ind56SColes_ADairy, Eggs & Fridge_SAReady to eat meals_IColes Kitchen Lamb Rogan Josh & Rice | 350g",Coles Kitchen Lamb Rogan Josh & Rice | 350g,Coles,"Dairy, Eggs & Fridge",Ready to eat meals,Indian food & meals,,$7.50,Pick any 2 for $14,,$2.14 per 100g,3468144,"From our kitchen to yours, Coles Kitchen offers you great-tasting food that is ready when you are",,,"Per 100g/ml
Per Serving
%DI
Energy
543.30
1901.55
Protein
7.90
27.65
Total Fat
3.40
11.90
Saturated Fat
1
3.5
Carbohydrate
16.00
56.00
Sugars
1.00
3.50
Sodium
180.00
630.00
Saturated
1.00
3.50
Energy (Cal)
129.98
454.92
Dietary Fibre (total)
1.40
4.90
Dietary Fibre
1.4
4.9
* Percentage Daily Intakes are based on an average adult diet of 8700 kJ. Your daily intakes may be higher or lower depending on your energy needs.","INGREDIENTS LIST:

Lamb Rogan Josh (57%), Cooked Basmati Rice (43%).

Lamb Rogan Josh Curry contains: Cooked Marinated Lamb (40%) [Australian Lamb, Water, Tomato Paste (Tomato, Acidity Regulator (330)), Corn Starch], Red Masala Paste (22%) [Onion Paste, Water, Tomato Paste (Acidity Regulator (330)), Sunflower Oil, Garlic Paste, Ginger Puree, Spices, Salt, Acidity Regulator (330), Garam Masala, Natural Colour (Paprika Oleoresins)], Water, Tomato (7%) [Acidity Regulator (330), Mineral Salt (509)], Chopped Masala (5.0%) [Onion, Tomato, Sunflower Oil, Garlic, Ginger, Tomato Paste (Acidity Regulator (330)), Spices, Salt, Acidity Regulator (330), Cumin Seeds, Chilli Powder, Preservative (224)], Canola Oil, Cumin, Ground Coriander Seed, Cardamom, Turmeric, Red Chilli, Garam Masala, Salt.

Cooked Basmati Rice contains: Basmati Rice, Canola Oil, Salt",https://www.coles.com.au/product/coles-kitchen-lamb-rogan-josh-and-rice-350g-3468144,,,2024-06-17T22:59:54.391758-04:00
"Ind56SColes_ADairy, Eggs & Fridge_SA_ISenza Gluten Free Pizza Base | 220g",Senza Gluten Free Pizza Base | 220g,Senza,"Dairy, Eggs & Fridge",,,,$5.30,,,$2.41 per 100g,3467902,Made with fresh & quality ingredients. Enjoy convenient and ready to go Senza Gluten Free Pizza Base,,,,,https://www.coles.com.au/product/senza-gluten-free-pizza-base-220g-3467902,,,2024-06-17T23:26:20.908960-04:00
"Ind56SColes_ADairy, Eggs & Fridge_SAReady to eat meals_ICucina Classica Rigatoni Bolognese | 320g",Cucina Classica Rigatoni Bolognese | 320g,Cucina Classica,"Dairy, Eggs & Fridge",Ready to eat meals,Italian meals & pasta,,$9.90,,,$3.09 per 100g,4682365,Cucina Classica 1serve Rigatoni Bolognese 320g,,,"Per 100g/ml
Per Serving
%DI
Energy
635kJ
2030kJ
Protein
5.8g
18.6g
Total Fat
4.8g
15.4g
Saturated Fat
1.2g
4g
Carbohydrate
20.4g
65.1g
Sugars
1.8g
5.9g
Sodium
246mg
787mg
Energy (Cal)
151.769Cal
485.18Cal
* Percentage Daily Intakes are based on an average adult diet of 8700 kJ. Your daily intakes may be higher or lower depending on your energy needs.",,https://www.coles.com.au/product/cucina-classica-rigatoni-bolognese-320g-4682365,,,2024-06-17T23:26:31.810743-04:00
"Ind56SColes_ADairy, Eggs & Fridge_SAReady to eat meals_IColes Kitchen Sweet & Sour Stir Fry Sauce | 200g",Coles Kitchen Sweet & Sour Stir Fry Sauce | 200g,Coles,"Dairy, Eggs & Fridge",Ready to eat meals,Italian meals & pasta,,$4.50,,,$2.25 per 100g,7748324,"Coles Kitchen Sweet and Sour Stir Fry Sauce 200g.

Vegetarian
Traditional sweet and sour sauce
No artificial colours and flavours

Coles Sweet Sour Stir Fry Sauce is a quick and a convenient way to get delicious mid-week meals on the table with no fuss.

This tangy blend of spices is perfectly balanced with sweet pineapple and aromatic herbs providing a refreshing contrast to a variety of ingredients. For protein, chicken or pork strips are classic choices, especially when paired with pineapple chunks and crunchy vegetables like broccoli and carrots. For a tasty meat-free option, try Coles Sweet and Sour Stir Fry Sauce with fried tofu and vegetables to add colour and texture to the dish. Feel free to get creative and customise your stir-fries with whatever ingredients you have on hand.

Serve over noodles or rice and garnish with fresh spring onion and a sprinkling of sesame seeds for a vibrant family-friendly meal that's sure to be a hit.

Chefs Tip: For a spicy twist, add some sliced red chilli or chilli flakes.",,,"Per 100g/ml
Per Serving
%DI
Energy
257
128
1
Protein
LESS THAN 1g
LESS THAN 1g
0
Total Fat
1.4
LESS THAN 1g
1
Saturated Fat
LESS THAN 1g
LESS THAN 1g
0
Carbohydrate
9.5
4.8
2
Sodium
262
131
6
Energy (Cal)
61
31
* Percentage Daily Intakes are based on an average adult diet of 8700 kJ. Your daily intakes may be higher or lower depending on your energy needs.",,https://www.coles.com.au/product/coles-kitchen-sweet-and-sour-stir-fry-sauce-200g-7748324,,,2024-06-17T23:26:43.927393-04:00
"Ind56SColes_ADairy, Eggs & Fridge_SAReady to eat meals_IColes Kitchen Satay Style Stir Fry Sauce | 200g",Coles Kitchen Satay Style Stir Fry Sauce | 200g,Coles,"Dairy, Eggs & Fridge",Ready to eat meals,Italian meals & pasta,,$4.50,,,$2.25 per 100g,7748459,Logo: Vegetarian (as per DHO)Logo: NAFNAC (as per DHO)4 serves,,,"Per 100g/ml
Per Serving
%DI
Energy
535
268
3
Protein
3.4
1.7
3
Total Fat
8.4
4.2
6
Saturated Fat
3.1
1.5
6
Carbohydrate
7.4
3.7
1
Sodium
253
127
6
Energy (Cal)
128
64
trans
LESS THAN 0.1g
LESS THAN 0.1g
* Percentage Daily Intakes are based on an average adult diet of 8700 kJ. Your daily intakes may be higher or lower depending on your energy needs.",,https://www.coles.com.au/product/coles-kitchen-satay-style-stir-fry-sauce-200g-7748459,,,2024-06-17T23:26:54.893588-04:00
"Ind56SColes_ADairy, Eggs & Fridge_SAReady to eat meals_I25 Degrees South Prosciutto & Ricotta Ravioli | 325g",25 Degrees South Prosciutto & Ricotta Ravioli | 325g,25 Degrees,"Dairy, Eggs & Fridge",Ready to eat meals,Italian meals & pasta,,$6.50,,$9.00,$2.00 per 100g,6399591,,,,,,https://www.coles.com.au/product/25-degrees-south-prosciutto-and-ricotta-ravioli-325g-6399591,,,2024-06-17T23:27:04.296268-04:00
"Ind56SColes_ADairy, Eggs & Fridge_SAReady to eat meals_IGarlos Butter Chicken Pie | 200g",Garlos Butter Chicken Pie | 200g,Garlos,"Dairy, Eggs & Fridge",Ready to eat meals,Pies & pastries,,$4.30,,$5.40,$2.15 per 100g,6648685,"Golden flaky pastry, filled with chunks of Tender Chicken, balanced between authentic Indian spices and a creamy coconut sauce.",,,"Per 100g/ml
Per Serving
%DI
Energy
1050
2110
Protein
9.5
19
Total Fat
12.7
25.4
Saturated Fat
7.1
14.2
Carbohydrate
24.1
48.3
Sugars
2.2
4.5
* Percentage Daily Intakes are based on an average adult diet of 8700 kJ. Your daily intakes may be higher or lower depending on your energy needs.",,https://www.coles.com.au/product/garlos-butter-chicken-pie-200g-6648685,,,2024-06-17T23:27:15.257285-04:00
"Ind56SColes_ADairy, Eggs & Fridge_SA_IRana Pumpkin & Caramelised Onion Ravioli | 325g",Rana Pumpkin & Caramelised Onion Ravioli | 325g,Rana,"Dairy, Eggs & Fridge",,,,$8.00,,,$2.46 per 100g,3091148,"Love the sweetness of the delicious Pumpkin with a touch of roasted onion, wrapped in paper thin pasta. A true flavours explosion.",,,,"Filling 52%: Pumpkin Puree 41%, Semiprocessed Low Fat Cheese [Low Fat Cheese (Milk, Salt, Rennet), Sunflower Oil, Potato Starch, Water, Salt], Cream (from Milk), Vegetable Fibre (contains Wheat), Grana Padano Cheese [Milk, Salt, Rennet, Lysozyme (from Egg)], Lactose, Breadcrumb (Soft Wheat Flour, Water, Salt, Yeast), Mustard Puree (Quince, Sugar, Natural Flavour), Butter (from Milk), Dehydrated Potatoes, Roasted Onion 1.1%, Corn Starch, Salt, Amaretti Biscuits (Sugar, Apricot Kernels, White Egg, Natural Flavouring), Natural Flavouring, Pasta 48%: Soft Wheat Flour, Egg 30%, Durum Wheat Semolina",https://www.coles.com.au/product/rana-pumpkin-and-caramelised-onion-ravioli-325g-3091148,,,2024-06-17T23:27:25.474340-04:00
"Ind56SColes_ADairy, Eggs & Fridge_SAReady to eat meals_ILatina Fresh Beef Bolognese Pasta Sauce | 425g",Latina Fresh Beef Bolognese Pasta Sauce | 425g,Latina,"Dairy, Eggs & Fridge",Ready to eat meals,Italian meals & pasta,,$7.50,,,$1.76 per 100g,5220241,"Perfect for topping pasta, Latina Fresh Beef Bolognese Pasta Sauce turns any last-minute dinner idea into something special. Fast to prepare, it's a delicious blend of ripe tomatoes and tender Australian beef with onion, olive oil, garlic and various spices. No artificial colours, flavours or preservatives.
Bolognese made with Australian Beef

No artificial colours or flavours

No preservatives

Perfect with any Latina Fresh pasta

Serves four",,,,,https://www.coles.com.au/product/latina-fresh-beef-bolognese-pasta-sauce-425g-5220241,,,2024-06-17T23:27:34.241586-04:00
"Ind56SColes_ADairy, Eggs & Fridge_SAColes Finest_IColes Finest Chicken & Chorizo Paella | 370g",Coles Finest Chicken & Chorizo Paella | 370g,Coles,"Dairy, Eggs & Fridge",Coles Finest,meals,,$9.50,,,$2.57 per 100g,7078866,"This Spanish inspired chicken and chorizo paella has been tasted and tweaked by our dedicated chefs to ignite the sense's and is ready in moments. Tender pieces of Australian RSPCA Approved chicken breast, chargrilled & marinated in smokey paprika, combined with slices of chorizo and roasted red capsicum served on a bed of vegetable and paprika rice.",,,"Per 100g/ml
Per Serving
%DI
Energy
545.90
2019.83
Protein
8.70
32.19
Carbohydrate
12.40
45.88
Sugars
0.10
0.37
Sodium
270.00
999.00
Saturated
1.00
3.70
Energy (Cal)
130.60
483.21
Fat
4.80
17.76
Dietary Fibre (total)
1.20
4.44
Trans
0.10
0.37
* Percentage Daily Intakes are based on an average adult diet of 8700 kJ. Your daily intakes may be higher or lower depending on your energy needs.",,https://www.coles.com.au/product/coles-finest-chicken-and-chorizo-paella-370g-7078866,,,2024-06-17T23:27:45.254636-04:00
"Ind56SColes_ADairy, Eggs & Fridge_SAReady to eat meals_IColes Kitchen Broccoli Cauliflower & Parmesan Soup | 300g",Coles Kitchen Broccoli Cauliflower & Parmesan Soup | 300g,Coles,"Dairy, Eggs & Fridge",Ready to eat meals,Soups & stews,,$4.00,,,$1.33 per 100g,3766798,"From our kitchen to yours, Coles Kitchen offers you great-tasting food that is ready when you are",,,"Per 100g/ml
Per Serving
%DI
Energy
231.70
695.10
Protein
1.30
3.90
Total Fat
3.30
9.90
Carbohydrate
5.10
15.30
Sugars
1.20
3.60
Sodium
180.00
540.00
Saturated
1.30
3.90
Energy (Cal)
55.43
166.29
Dietary Fibre (total)
0.10
0.30
Trans
0.10
0.30
* Percentage Daily Intakes are based on an average adult diet of 8700 kJ. Your daily intakes may be higher or lower depending on your energy needs.",,https://www.coles.com.au/product/coles-kitchen-broccoli-cauliflower-and-parmesan-soup-300g-3766798,,,2024-06-17T23:27:57.030260-04:00
"Ind56SColes_ADairy, Eggs & Fridge_SAReady to eat meals_IColes Bolognese Bake | 1.8kg",Coles Bolognese Bake | 1.8kg,Coles,"Dairy, Eggs & Fridge",Ready to eat meals,Italian meals & pasta,,$12.00,,,$0.67 per 100g,3166043,Made with fresh & quality ingredients. Enjoy convenient and ready to cook Rana Porcini Mushroom Ravioli,,,"Per 100g/ml
Per Serving
%DI
Energy
526.70
1580.10
Protein
4.70
14.10
Total Fat
5.00
15.00
Saturated Fat
2.4
7.2
30
Carbohydrate
13.80
41.40
Sugars
2.20
6.60
Sodium
210.00
630.00
Saturated
2.60
7.80
Energy (Cal)
126.00
378.01
Fat
5.00
15.00
Dietary Fibre (total)
3.40
10.20
Trans
0.20
0.60
* Percentage Daily Intakes are based on an average adult diet of 8700 kJ. Your daily intakes may be higher or lower depending on your energy needs.","INGREDIENTS: Beef Bolognese Sauce (45%) [Water, Australian No Added Hormone (21%), Tomato Paste (Tomato, Acidity Regulator (330)), Carrot, Celery, Onion, Thickener (Starch), Beef Flavoured Seasoning (contains Flavourings, Natural Colour (150a, Turmeric)), Soybean Meal, Sugar, Salt, Dehydrated Garlic, Mixed Herbs (Basil, Marjoram, Rosemary, Thyme), Modified Starch (1422, 1442)], Bchamel Sauce (28%) [Water, Salted Butter (Milk), Thickener (Starch), Milk Powder, Wheat Flour, Salt, Natural Preservative (234), Modified Starch (1422, 1442)], Cooked Spiral Pasta (26%) [Pasta (Durum Wheat, Durum Wheat Semolina), Vegetable Oil], Topping [Breadcrumb (Wheat), Paprika].",https://www.coles.com.au/product/coles-bolognese-bake-1.8kg-3166043,,,2024-06-17T23:28:08.081100-04:00
"Ind56SColes_ADairy, Eggs & Fridge_SAReady to eat meals_IColes Kitchen Quiche Pumpkin Fetta & Spinach | 700g",Coles Kitchen Quiche Pumpkin Fetta & Spinach | 700g,Coles,"Dairy, Eggs & Fridge",Ready to eat meals,Pies & pastries,,$14.80,,,$2.11 per 100g,4219418,From our kitchen to yours......Our Classic quiche range uses carefully selected ingredients to give you homestyle comfort food full of flavour.,,,"Per 100g/ml
Per Serving
%DI
Energy
885
1548.75
18
Protein
6.6
11.55
23
Total Fat
12.8
22.4
32
Saturated Fat
7.5
13.13
55
Carbohydrate
16.8
29.4
9
Sodium
298
521.5
23
Energy (Cal)
211.72
370.51
Trans
0.3
0.53
Dietary Fibre
1.7
2.98
* Percentage Daily Intakes are based on an average adult diet of 8700 kJ. Your daily intakes may be higher or lower depending on your energy needs.",,https://www.coles.com.au/product/coles-kitchen-quiche-pumpkin-fetta-and-spinach-700g-4219418,,,2024-06-17T23:28:19.116182-04:00
"Ind56SColes_ADairy, Eggs & Fridge_SAReady to eat meals_IIpastai Bolognese Sauce | 300g",Ipastai Bolognese Sauce | 300g,Ipastai,"Dairy, Eggs & Fridge",Ready to eat meals,Italian meals & pasta,,$7.50,,,$2.50 per 100g,6474904,Bolognese Tomato and Meat Sauce. Slow cooked Italian sauce. ,,,,"Tomato pulp (49.5%), water, beef (14.5%), wagyu beef (3.3%), onion, carrot, tomato paste (2.0%), canola oil, celery, red wine (sulphites, milk, egg, fish) (grape juice, tartaric acid, sulphur dioxide, malic acid), citrus fibre, beef stock (salt, sugar, maltodextrin, yeast extract, natural flavour, beef fat (3.6%), burnt sugar, onion powder, pepper), rosemary, nutmeg, bay leaf.",https://www.coles.com.au/product/ipastai-bolognese-sauce-300g-6474904,,,2024-06-17T23:28:27.917715-04:00
"Ind56SColes_ADairy, Eggs & Fridge_SAReady to eat meals_IColes Kitchen Honey Soy & Garlic Stir Fry Sauce | 200g",Coles Kitchen Honey Soy & Garlic Stir Fry Sauce | 200g,Coles,"Dairy, Eggs & Fridge",Ready to eat meals,Italian meals & pasta,,$4.50,,,$2.25 per 100g,7748448,"Coles Kitchen Real Food Fast Honey, Soy and Garlic Stir Fry Sauce 200g.

Ready in minutes
No artificial colours and flavours
Delicious blend of sweet honey, savoury soy and garlic

Cook up a family favourite with Coles Kitchen Honey, Soy Garlic Stir Fry Sauce.
This classic combination of garlic, sweet honey and savoury soy packs a flavour punch and is great paired with chicken, beef or pork strips. For a tasty vegetarian option try swapping out the meat for firm fried tofu. You can use any vegetables you have on hand, but broccoli, cauliflower and snow peas are all popular choices.

Coles Kitchen Honey, Soy and Garlic Stir Fry Sauce helps you cut down on meal prep so dinner comes together fast. Just make sure you have all your ingredients ready to go before you fire up the stove because the actual cooking happens quickly. Part of what makes stir fries great is their versatility so feel free to get creative with Coles Kitchen Honey, Soy and Garlic Stir Fry Sauce and different veggies and toppings. Serve with Hokkien noodles or fluffy rice.

Coles Kitchen tip: Build even more flavour into your dish with a sprinkling of chopped spring onions and chilli flakes.",,,"Per 100g/ml
Per Serving
%DI
Energy
414
207
2
Protein
1.2
LESS THAN 1g
1
Total Fat
LESS THAN 1g
LESS THAN 1g
1
Saturated Fat
LESS THAN 1g
LESS THAN 1g
0
Carbohydrate
19.7
9.9
3
Sodium
549
275
12
Energy (Cal)
99
50
* Percentage Daily Intakes are based on an average adult diet of 8700 kJ. Your daily intakes may be higher or lower depending on your energy needs.",,https://www.coles.com.au/product/coles-kitchen-honey-soy-and-garlic-stir-fry-sauce-200g-7748448,,,2024-06-17T23:28:38.760726-04:00
"Ind56SColes_ADairy, Eggs & Fridge_SAReady to eat meals_ILatina Tomato & Bacon Pasta Sauce | 425g",Latina Tomato & Bacon Pasta Sauce | 425g,Latina,"Dairy, Eggs & Fridge",Ready to eat meals,Italian meals & pasta,,$7.50,,,$1.76 per 100g,7730045,,,,,,https://www.coles.com.au/product/latina-tomato-and-bacon-pasta-sauce-425g-7730045,,,2024-06-17T23:28:48.522124-04:00
"Ind56SColes_ADairy, Eggs & Fridge_SAReady to eat meals_ILatina Cheddar Cheese Agnolotti | 375g",Latina Cheddar Cheese Agnolotti | 375g,Latina,"Dairy, Eggs & Fridge",Ready to eat meals,Italian meals & pasta,,$6.50,,$8.00,$1.73 per 100g,7080008,,,,,,https://www.coles.com.au/product/latina-cheddar-cheese-agnolotti-375g-7080008,,,2024-06-17T23:28:57.301858-04:00
"Ind56SColes_ADairy, Eggs & Fridge_SAReady to eat meals_IGarlos Apple Pie | 200g",Garlos Apple Pie | 200g,Garlos,"Dairy, Eggs & Fridge",Ready to eat meals,Pies & pastries,,$4.70,,,$2.35 per 100g,5763699,"Golden flaky pastry, filled with cinnamon spiced, freshly diced, Australian Apples.",,,,,https://www.coles.com.au/product/garlos-apple-pie-200g-5763699,,,2024-06-17T23:29:05.978102-04:00
"Ind56SColes_ADairy, Eggs & Fridge_SAReady to eat meals_IColes Kitchen Cottage Pie | 350g",Coles Kitchen Cottage Pie | 350g,Coles,"Dairy, Eggs & Fridge",Ready to eat meals,Other ready meals,,$8.00,Pick any 2 for $14,,$2.29 per 100g,5586833,A rich Australian beef and vegetable gravy topped with buttery mash and cheese,,,"Per 100g/ml
Per Serving
%DI
Energy
501.30
1754.55
Protein
5.70
19.95
Total Fat
7.20
25.20
Carbohydrate
6.80
23.80
Sugars
0.30
1.05
Sodium
140.00
490.00
Saturated
4.80
16.80
Energy (Cal)
119.93
419.75
Dietary Fibre (total)
2.80
9.80
Trans
0.20
0.70
* Percentage Daily Intakes are based on an average adult diet of 8700 kJ. Your daily intakes may be higher or lower depending on your energy needs.",,https://www.coles.com.au/product/coles-kitchen-cottage-pie-350g-5586833,,,2024-06-17T23:29:17.010881-04:00
"Ind56SColes_ADairy, Eggs & Fridge_SAReady to eat meals_IDari's Tomato Soup | 350g",Dari's Tomato Soup | 350g,Daris,"Dairy, Eggs & Fridge",Ready to eat meals,Soups & stews,,$4.80,,,$1.37 per 100g,7831381,"An original soup icon, tomato is universally appealing and loved by all ages. We've elevated the classic tomato soup recipe, by adding a touch of cream and a hint of oregano, to create a decadent, creamy, and comforting tomato soup that's full of the flavours of its simple ingredients.
 ",,,"Per 100g/ml
Per Serving
%DI
Energy
161
564
Protein
1.1
3.9
Total Fat
1.7
6.0
Saturated Fat
1.3
4.5
Carbohydrate
4.4
15.4
Sugars
3.8
13.3
Sodium
220
770
Energy (Cal)
38
135
Dietary Fibre (total)
0.6
2.1
Trans
0.0
0.0
* Percentage Daily Intakes are based on an average adult diet of 8700 kJ. Your daily intakes may be higher or lower depending on your energy needs.",,https://www.coles.com.au/product/dari's-tomato-soup-350g-7831381,,,2024-06-17T23:29:28.167658-04:00
"Ind56SColes_ADairy, Eggs & Fridge_SADairy, chilled & frozen_IColes Kitchen Family Side Egg Fried Rice | 600g",Coles Kitchen Family Side Egg Fried Rice | 600g,Coles,"Dairy, Eggs & Fridge","Dairy, chilled & frozen",Ready made meals,,$7.00,,,"$1.17 per 100g
Was $7.50 on Jun 2024",7749928,,,,"Per 100g/ml
Per Serving
%DI
Energy
673.90
1010.85
Protein
4.50
6.75
Total Fat
4.00
6.00
Carbohydrate
24.60
36.90
Sugars
0.80
1.20
Sodium
132.00
198.00
Saturated
0.40
0.60
Energy (Cal)
161.22
241.83
Dietary Fibre (total)
3.90
5.85
Trans
0.01
0.02
* Percentage Daily Intakes are based on an average adult diet of 8700 kJ. Your daily intakes may be higher or lower depending on your energy needs.",,https://www.coles.com.au/product/coles-kitchen-family-side-egg-fried-rice-600g-7749928,,,2024-06-17T23:29:39.138432-04:00
"Ind56SColes_ADairy, Eggs & Fridge_SAReady to eat meals_IIpastai Carbonara Sauce | 300g",Ipastai Carbonara Sauce | 300g,Ipastai,"Dairy, Eggs & Fridge",Ready to eat meals,Italian meals & pasta,,$7.50,,,$2.50 per 100g,6474926,"Our carbonara sauce is the perfect combo of smoky bacon and sweet onions, served in a velvety cream sauce. Ideal with your favourite long pasta.",,,"Per 100g/ml
Per Serving
%DI
Energy
828
1240
Protein
3.6
5.5
Total Fat
18.2
27.3
Saturated Fat
8.8
13.2
Carbohydrate
5.3
8
Sugars
3.5
5.2
Sodium
139
209
* Percentage Daily Intakes are based on an average adult diet of 8700 kJ. Your daily intakes may be higher or lower depending on your energy needs.",,https://www.coles.com.au/product/ipastai-carbonara-sauce-300g-6474926,,,2024-06-17T23:29:50.030474-04:00
"Ind56SColes_ADairy, Eggs & Fridge_SAReady to eat meals_IColes Kitchen Chicken Laksa Soup | 300g",Coles Kitchen Chicken Laksa Soup | 300g,Coles,"Dairy, Eggs & Fridge",Ready to eat meals,Soups & stews,,$4.00,,,$1.33 per 100g,4215790,"From our kitchen to yours, Coles Kitchen offers you great-tasting food that is ready when you are",,,"Per 100g/ml
Per Serving
%DI
Energy
348.20
1044.60
Protein
3.60
10.80
Total Fat
4.90
14.70
Carbohydrate
5.70
17.10
Sugars
1.40
4.20
Sodium
140.00
420.00
Saturated
3.80
11.40
Energy (Cal)
83.30
249.90
Dietary Fibre (total)
1.10
3.30
Trans
0.10
0.30
* Percentage Daily Intakes are based on an average adult diet of 8700 kJ. Your daily intakes may be higher or lower depending on your energy needs.",,https://www.coles.com.au/product/coles-kitchen-chicken-laksa-soup-300g-4215790,,,2024-06-17T23:30:00.996119-04:00
"Ind56SColes_ADairy, Eggs & Fridge_SAReady to eat meals_IColes Beef Ravioli Pasta | 600g",Coles Beef Ravioli Pasta | 600g,Coles,"Dairy, Eggs & Fridge",Ready to eat meals,Italian meals & pasta,,$5.50,,,$0.92 per 100g,2716080,Coles Pasta Beef Ravioli,,,"Per 100g/ml
Per Serving
%DI
Energy
1231.70
1847.55
Protein
12.80
19.20
Total Fat
8.70
13.05
Saturated Fat
2.9
4.4
18
Carbohydrate
39.40
59.10
Sugars
0.90
1.35
Sodium
320.00
480.00
Saturated
3.80
5.70
Energy (Cal)
294.67
442.00
Dietary Fibre (total)
2.80
4.20
Potassium
230.00
345.00
Trans
0.30
0.45
* Percentage Daily Intakes are based on an average adult diet of 8700 kJ. Your daily intakes may be higher or lower depending on your energy needs.",,https://www.coles.com.au/product/coles-beef-ravioli-pasta-600g-2716080,,,2024-06-17T23:30:11.918118-04:00
"Ind56SColes_ADairy, Eggs & Fridge_SA_IGarlos Chunky Steak Pie | 200g",Garlos Chunky Steak Pie | 200g,Garlos,"Dairy, Eggs & Fridge",,,,$4.30,,$5.40,$2.15 per 100g,7155129,"Garlo's Pies is an Australian owned and operated family business which opened its first pie shop in Maroubra, Sydney 2001. The name Garlo comes from the nickname of father and sons, Terry, Sean and Nathan Garlick. Terry a retired mechanic/wharfie, Sean an ex footballer with the Rabbitohs and Roosters and Nathan a master Pastry Chef and lifetime pie lover.
Heating Instructions
Convection Oven (Preferred)
Preheat oven 175C. Remove from wrapping but leave in foil tray and place on baking tray. If frozen heat for 35-45 mins. If refrigerated heat for 20-25mins
Microwave Oven (800 watt)
A microwave may be used to speed up heating time. Remove from wrapping and foil tray and wrap pie in paper towel. If frozen heat on high for 5 minutes. If refrigerated heat on high for 1 min 30 seconds. To make pastry crispy after microwaving, remove paper towel, return to foil tray and place on baking tray in convention oven for 4 minutes at 200C.",,,,"Filling (65%): Beef 51%, Water, Thickener 1422, Soy Protein, Seasoning (Salt, Sugar, Caramel Colour (e150c), Dehydrated Vegetables (Onion, Garlic), Flavour (635), Hydrolysed Vegetable Protein, Corn Flour, Rice Flour, Spices, Spice Extract), Spices Pastry (35%): Wheat Flour, Margarine (Vegetable Oil, Water, Salt, Emulsifier (471, 472c), Antioxidant (304), Natural Flavour)), Malted Wheat Flour, Whey Powder (Milk, Sugar, Acidity Regulator (262)), Pastry Conditioner, Glaze (Milk Solids, Acidity Regulators (500, 451), Dried Glucose Syrup, Colour (160b)) Beef is 32% of filling and pastry combined.",https://www.coles.com.au/product/garlos-chunky-steak-pie-200g-7155129,,,2024-06-17T23:30:23.528469-04:00
"Ind56SColes_ADairy, Eggs & Fridge_SAReady to eat meals_IColes Ham & Cheese Tortellini | 600g",Coles Ham & Cheese Tortellini | 600g,Coles,"Dairy, Eggs & Fridge",Ready to eat meals,Italian meals & pasta,,$5.50,,,$0.92 per 100g,4690319,Coles Ham and Cheese Tortellini,,,"Per 100g/ml
Per Serving
%DI
Energy
1160
1740
20
Protein
11.8
17.7
35
Total Fat
6.2
9.3
13
Saturated Fat
3.3
5.0
21
Carbohydrate
42.0
63.0
20
Sugars
2.2
3.3
4
Sodium
324
486
21
Energy (Cal)
277
415
0
Dietary Fibre (total)
2.8
4.2
14
Trans
0.1
0.15
0
trans
LESS THAN 1g
LESS THAN 1g
* Percentage Daily Intakes are based on an average adult diet of 8700 kJ. Your daily intakes may be higher or lower depending on your energy needs.",,https://www.coles.com.au/product/coles-ham-and-cheese-tortellini-600g-4690319,,,2024-06-17T23:30:34.293475-04:00
"Ind56SColes_ADairy, Eggs & Fridge_SAReady to eat meals_IColes Kitchen Tomato Pizza Base | 300g",Coles Kitchen Tomato Pizza Base | 300g,Coles,"Dairy, Eggs & Fridge",Ready to eat meals,Pizzas,,$3.00,,,$1.00 per 100g,6187447,"Kitchen Inspired Creations From our kitchen to yours......A pizzeria experience at home. We've used Australian flour to form a stone baked pizza base with tomato passata, ready for you to add your favourite toppings.",,,"Per 100g/ml
Per Serving
%DI
Energy
980.90
735.68
Protein
7.30
5.48
Total Fat
4.90
3.68
Saturated Fat
0.50
0.38
Carbohydrate
37.10
27.83
Sugars
5.80
4.35
Sodium
410.00
307.50
Energy (Cal)
234.67
176.00
Dietary Fibre (total)
5.60
4.20
Trans
0.01
0.01
* Percentage Daily Intakes are based on an average adult diet of 8700 kJ. Your daily intakes may be higher or lower depending on your energy needs.",,https://www.coles.com.au/product/coles-kitchen-tomato-pizza-base-300g-6187447,,,2024-06-17T23:30:45.304045-04:00
"Ind56SColes_ADairy, Eggs & Fridge_SAReady to eat meals_ILatina Fresh Italian Style Tomato & Garlic Pasta Sauce | 425g",Latina Fresh Italian Style Tomato & Garlic Pasta Sauce | 425g,Latina,"Dairy, Eggs & Fridge",Ready to eat meals,Italian meals & pasta,,$7.50,,,$1.76 per 100g,5233232,"Packed with umami goodness, Latina Fresh Italian Style Tomato & Garlic Pasta Sauce contains no artificial colours or flavours. This delicious blend of tomatoes, onion and olive oil with various herbs and spices makes a perfect topping for all sorts of pasta dishes. Try it in lasagna for a vegetarian-friendly twist.
Pasta sauce made with Australian Tomatoes

Great for lasagne

No artificial colours or flavours

Perfect with any Latina Fresh pasta

Serves four",,,,,https://www.coles.com.au/product/latina-fresh-italian-style-tomato-and-garlic-pasta-sauce-425g-5233232,,,2024-06-17T23:30:54.353680-04:00
"Ind56SColes_ADairy, Eggs & Fridge_SAReady to eat meals_IColes Kitchen BBQ Meat Deluxe Pizza | 470g",Coles Kitchen BBQ Meat Deluxe Pizza | 470g,Coles,"Dairy, Eggs & Fridge",Ready to eat meals,Pizzas,,$6.50,Pick any 2 for $12,,$1.38 per 100g,6187629,"From our kitchen to yours......A pizzeria experience at home. We take a stone baked base and top it with vibrant tomato passata and barbecue sauce before finishing with ham, bacon, pepperoni & minced beef. Generously topped and ready for you in minutes",,,"Per 100g/ml
Per Serving
%DI
Energy
947.70
1108.81
Protein
11.30
13.22
Carbohydrate
24.50
28.67
Sugars
6.80
7.96
Sodium
684.00
800.28
Saturated
3.20
3.74
Energy (Cal)
226.72
265.27
Fat
8.30
9.71
Dietary Fibre (total)
4.00
4.68
Trans
0.04
0.05
* Percentage Daily Intakes are based on an average adult diet of 8700 kJ. Your daily intakes may be higher or lower depending on your energy needs.",,https://www.coles.com.au/product/coles-kitchen-bbq-meat-deluxe-pizza-470g-6187629,,,2024-06-17T23:31:05.483280-04:00
"Ind56SColes_ADairy, Eggs & Fridge_SAReady to eat meals_IDari's Chicken Noodle Soup | 550g",Dari's Chicken Noodle Soup | 550g,Daris,"Dairy, Eggs & Fridge",Ready to eat meals,Soups & stews,,$5.50,,$6.80,$1.00 per 100g,1196611,"It's Chicken Noodle soup, but with a twist! We've added a touch of Asian flavour, a hint of spice, and a subtle kick of chilli to create a warming Oriental-inspired noodle dish. Ginger, lime, and coriander add freshness and zing to this light soup that's packed with flavour.",,,"Per 100g/ml
Per Serving
%DI
Energy
107
294
Protein
2.3
6.3
Total Fat
0.4
1.1
Saturated Fat
0.1
0.3
Carbohydrate
3.2
8.8
Sugars
0.7
1.9
Sodium
339
932
Energy (Cal)
26
72
Dietary Fibre (total)
0.5
1.4
Trans
0
0
* Percentage Daily Intakes are based on an average adult diet of 8700 kJ. Your daily intakes may be higher or lower depending on your energy needs.",,https://www.coles.com.au/product/dari's-chicken-noodle-soup-550g-1196611,,,2024-06-17T23:31:17.763587-04:00
"Ind56SColes_ADairy, Eggs & Fridge_SAReady to eat meals_IColes Kitchen Family Sweet & Sour Chicken | 800g",Coles Kitchen Family Sweet & Sour Chicken | 800g,Coles,"Dairy, Eggs & Fridge",Ready to eat meals,Thai meals,,$12.00,,,$1.50 per 100g,7748890,"From our kitchen to yours.....Inspired by authentic Asian recipes, our Sweet & Sour Chicken contains Australian chicken breast pieces simmered with pineapple and red capsicum to create a sweet & tangy sauce full of flavour and ready for you in minutes",,,"Per 100g/ml
Per Serving
%DI
Energy
363.70
727.40
Protein
6.60
13.20
Total Fat
1.40
2.80
Carbohydrate
11.70
23.40
Sugars
6.90
13.80
Sodium
320.00
640.00
Saturated
0.20
0.40
Energy (Cal)
87.01
174.02
Dietary Fibre (total)
0.10
0.20
Trans
0.09
0.18
* Percentage Daily Intakes are based on an average adult diet of 8700 kJ. Your daily intakes may be higher or lower depending on your energy needs.",,https://www.coles.com.au/product/coles-kitchen-family-sweet-and-sour-chicken-800g-7748890,,,2024-06-17T23:31:29.114591-04:00
"Ind56SColes_ADairy, Eggs & Fridge_SAColes Finest_IColes Finest Filled Gnocchi Mozz Parmi Reggi & Ricotta | 350g",Coles Finest Filled Gnocchi Mozz Parmi Reggi & Ricotta | 350g,Coles,"Dairy, Eggs & Fridge",Coles Finest,meals,,$6.00,,,$1.71 per 100g,3920220,"Light, fluffy Italian gnocchi made with fresh potatoes filled with Italian ricotta, 24 month aged Parmigiano Reggiano and mozzarella cheeses",,,"Per 100g/ml
Per Serving
%DI
Energy
704
1230
14
Protein
5.9
10.3
21
Total Fat
3.45
6.03
9
Saturated Fat
2.30
4.03
17
Carbohydrate
27.1
47.4
15
Sugars
4.09
7.16
8
Sodium
394
690
30
Energy (Cal)
168
295
0
Dietary Fibre (total)
1.98
3.47
12
* Percentage Daily Intakes are based on an average adult diet of 8700 kJ. Your daily intakes may be higher or lower depending on your energy needs.",,https://www.coles.com.au/product/coles-finest-filled-gnocchi-mozz-parmi-reggi-and-ricotta-350g-3920220,,,2024-06-17T23:31:40.803879-04:00
"Ind56SColes_ADairy, Eggs & Fridge_SAColes Finest_IColes Finest Chicken And Pancetta Carbonara Linguine | 400g",Coles Finest Chicken And Pancetta Carbonara Linguine | 400g,Coles,"Dairy, Eggs & Fridge",Coles Finest,meals,,$9.50,,,$2.38 per 100g,3771550,We've paired durum wheat linguine with a creamy parmesan and white wine sauce full of chunks of Australian chicken breast and smokey pancetta lardons. Topped with a sprinkling of tangy parmesan cheese to finish. Let us do the hard work for you.,,,"Per 100g/ml
Per Serving
%DI
Energy
703.10
2812.40
Protein
11.60
46.40
Total Fat
8.00
32.00
Carbohydrate
12.30
49.20
Sugars
1.40
5.60
Sodium
120.00
480.00
Saturated
4.10
16.40
Energy (Cal)
168.21
672.82
Dietary Fibre (total)
0.10
0.40
Trans
0.20
0.80
* Percentage Daily Intakes are based on an average adult diet of 8700 kJ. Your daily intakes may be higher or lower depending on your energy needs.",,https://www.coles.com.au/product/coles-finest-chicken-and-pancetta-carbonara-linguine-400g-3771550,,,2024-06-17T23:31:51.966585-04:00
"Ind56SColes_ADairy, Eggs & Fridge_SAReady to eat meals_IRana Filled Tortellini Basil And Pine Nuts | 325g",Rana Filled Tortellini Basil And Pine Nuts | 325g,Rana,"Dairy, Eggs & Fridge",Ready to eat meals,Italian meals & pasta,,$8.00,,,$2.46 per 100g,3752716,"Basil, Pecorino cheese and pine nuts, wrapped in paper thin pasta. Enjoy the taste of one of the most famous and traditional Italian recipes.",,,,,https://www.coles.com.au/product/rana-filled-tortellini-basil-and-pine-nuts-325g-3752716,,,2024-06-17T23:32:01.469468-04:00
"Ind56SColes_ADairy, Eggs & Fridge_SAReady to eat meals_IColes Kitchen Butternut Pumpkin Soup | 300g",Coles Kitchen Butternut Pumpkin Soup | 300g,Coles,"Dairy, Eggs & Fridge",Ready to eat meals,Soups & stews,,$4.00,,,$1.33 per 100g,3467447,"From our kitchen to yours, Coles Kitchen offers you great-tasting food that is ready when you are",,,"Per 100g/ml
Per Serving
%DI
Energy
279.20
837.60
Protein
0.60
1.80
Total Fat
4.30
12.90
Carbohydrate
5.10
15.30
Sugars
3.80
11.40
Sodium
130.00
390.00
Saturated
2.20
6.60
Energy (Cal)
66.79
200.38
Dietary Fibre (total)
2.90
8.70
Trans
0.10
0.30
* Percentage Daily Intakes are based on an average adult diet of 8700 kJ. Your daily intakes may be higher or lower depending on your energy needs.",,https://www.coles.com.au/product/coles-kitchen-butternut-pumpkin-soup-300g-3467447,,,2024-06-17T23:32:12.899040-04:00
"Ind56SColes_ADairy, Eggs & Fridge_SADairy, chilled & frozen_IColes Kitchen Family Side Potato Wedges | 400g",Coles Kitchen Family Side Potato Wedges | 400g,Coles,"Dairy, Eggs & Fridge","Dairy, chilled & frozen",Ready made meals,,$7.00,,,"$1.75 per 100g
Was $7.50 on Jun 2024",7750009,,,,"Per 100g/ml
Per Serving
%DI
Energy
586.00
586.00
Protein
3.60
3.60
Total Fat
3.50
3.50
Carbohydrate
21.70
21.70
Sugars
0.80
0.80
Sodium
185.00
185.00
Saturated
0.20
0.20
Energy (Cal)
140.19
140.19
Dietary Fibre (total)
3.30
3.30
Trans
0.01
0.01
* Percentage Daily Intakes are based on an average adult diet of 8700 kJ. Your daily intakes may be higher or lower depending on your energy needs.",,https://www.coles.com.au/product/coles-kitchen-family-side-potato-wedges-400g-7750009,,,2024-06-17T23:32:23.927993-04:00
