idx,name,brand,aisle,subaisle,subsubaisle,size,price,multi_price,old_price,pricePerUnit,itemNum,description,serving,img_urls,item_label,item_ingredients,url,SKU,UPC,timeStamp
"Ind54SColes_ADairy, Eggs & Fridge_SAButter & margarine_IDevondale Extra Soft Butter Less Fat | 750g",Devondale Extra Soft Butter Less Fat | 750g,Devondale,"Dairy, Eggs & Fridge",Butter & margarine,Blends,,$9.95,,,$1.33 per 100g,3512053,Devondale's Extra Soft Spreadable Butter Blend starts with double churned butter for a deliciously creamy blend which spreads easy onto toast or a sandwich. - Soft spreadable butter- extra soft butter- perfect to spread on bread or toast,,,"Per 100g/ml
Per Serving
%DI
Energy
2240kJ
112kJ
Protein
<1g
<1g
Total Fat
60g
3g
Saturated Fat
26.2g
1.3g
Carbohydrate
<1g
<1g
Sugars
<1g
<1g
Sodium
370mg
19mg
* Percentage Daily Intakes are based on an average adult diet of 8700 kJ. Your daily intakes may be higher or lower depending on your energy needs.","Butter (min. 43%) (cream (milk), water, canola oil, buttermilk powder (milk), salt, vitamins (A&D), natural colour (beta-carotene).",https://www.coles.com.au/product/devondale-extra-soft-butter-less-fat-750g-3512053,,,2024-06-16T20:53:53.122274-04:00
"Ind54SColes_ADairy, Eggs & Fridge_SAButter & margarine_IMeadow Lea Original Margarine Spread | 500g",Meadow Lea Original Margarine Spread | 500g,Meadow Lea,"Dairy, Eggs & Fridge",Butter & margarine,Margarine,,$4.00,,$5.00,$0.80 per 100g,138074,"Spread Happiness Enjoy your toast and sandwiches with a tasty spread on top. MeadowLea Spread is made from natural plant seeds, making it great for both spreading onto bread and cooking a range of recipes. Made in Australia since 1939, MeadowLea Spread has become an Australian household staple. This spread contains natural colour and flavour and is a classic spread for your favourite toast toppers, ham and cheese sandwiches or for baking cakes and cookies. Made from natural plant seeds. Natural colour and flavour MeadowLea Spread has been Made in Australia since 1939. Great for toast, sandwiches, sauces, baking and savoury recipes.",,,"Per 100g/ml
Per Serving
%DI
Energy
2220kJ
111kJ
Protein
0.1g
0g
Total Fat
60g
3g
Saturated Fat
15.3g
0.8g
Carbohydrate
0.2g
0g
Sugars
0.1g
0g
Alpha-linolenic acid
4.2g
0.2g
Cholesterol
3mg
0mg
Vitamin A
1000ug
50ug
Vitamin D
10ug
0.5ug
Sodium
590mg
30mg
Monounsaturated
30g
1.5g
Dietary Fibre (total)
0g
0g
Polyunsaturated
14.3g
0.7g
Potassium
30mg
2mg
Trans
0.4g
0g
* Percentage Daily Intakes are based on an average adult diet of 8700 kJ. Your daily intakes may be higher or lower depending on your energy needs.","Vegetable oils 60% (containing 48% canola oil, full hydrogenated palm oil), water, salt, emulsifiers (E471, E322 (from soy)), milk solids, preservative (E202), acidity regulator (E270), natural colour (E160a (iv)), vitamins A & D, natural flavour.",https://www.coles.com.au/product/meadow-lea-original-margarine-spread-500g-138074,,,2024-06-16T20:54:04.498745-04:00
"Ind54SColes_ADairy, Eggs & Fridge_SAButter & margarine_IWestgold Butter Infused Chilli & Garlic | 100g",Westgold Butter Infused Chilli & Garlic | 100g,Westgold,"Dairy, Eggs & Fridge",Butter & margarine,Butter,,$2.80,,,$2.80 per 100g,7085090,"This infused butter will heat up your savoury dishes with its delicious chilli warmth and garlic hit.

Our creamy butter starts its journey on the rugged West Coast of New Zealand's South Island. Home to lush, green pastures, it's the perfect place to make the finest dairy products.",,,"Per 100g/ml
Per Serving
%DI
Energy
2970kJ
149
Protein
1.1
<1
Total Fat
77.3
3.9
Saturated Fat
56.9
2.8
Carbohydrate
5.2
<1
Sugars
<1
<1
Sodium
720
36
* Percentage Daily Intakes are based on an average adult diet of 8700 kJ. Your daily intakes may be higher or lower depending on your energy needs.",,https://www.coles.com.au/product/westgold-butter-infused-chilli-and-garlic-100g-7085090,,,2024-06-16T20:54:16.582821-04:00
"Ind54SColes_ADairy, Eggs & Fridge_SAButter & margarine_IWestern Star Original Salted Butter | 250g",Western Star Original Salted Butter | 250g,Western Star,"Dairy, Eggs & Fridge",Butter & margarine,Butter,,$5.20,,,$2.08 per 100g,210590,"Crafting Butter Since 1926. Our story began in Victoria in 1926 when the leading butter makers in the Western District came together to create Western Star. Over 90 years later and trusted for generations, Western Star truly is Australia's Favourite.",,,"Per 100g/ml
Per Serving
%DI
Energy
3000kJ
150kJ
2%
Protein
<1g
<1g
0%
Total Fat
80.5g
4.0g
6%
Saturated Fat
53.1g
2.7g
11%
Carbohydrate
<1g
<1g
0%
Sugars
<1g
<1g
0%
Sodium
640mg
32mg
1%
* Percentage Daily Intakes are based on an average adult diet of 8700 kJ. Your daily intakes may be higher or lower depending on your energy needs.",,https://www.coles.com.au/product/western-star-original-salted-butter-250g-210590,,,2024-06-16T20:54:27.772485-04:00
"Ind54SColes_ADairy, Eggs & Fridge_SAButter & margarine_ILurpak Butter Slightly Salted | 250g",Lurpak Butter Slightly Salted | 250g,Lurpak,"Dairy, Eggs & Fridge",Butter & margarine,Butter,,$5.80,,,$2.32 per 100g,5394129,"Made with fresh cream, lactic culture and a sprinkling of salt  Lurpak Slightly Salted Butter has a legendary subtlety and freshness. It is perfect to mix, fry, drizzle and bake into all kinds of creations.",,,"Per 100g/ml
Per Serving
%DI
Energy
3040kJ
304kJ
Protein
0.6g
0.06g
Total Fat
82g
8.2g
Saturated Fat
52g
5.2g
Carbohydrate
0.7g
0.07g
Sugars
0.7g
0.07g
Sodium
480mg
48mg
Potassium
29mg
2.9mg
* Percentage Daily Intakes are based on an average adult diet of 8700 kJ. Your daily intakes may be higher or lower depending on your energy needs.","Milk, Lactic Culture, Salt (1.2%), Minimum Fat content 80%",https://www.coles.com.au/product/lurpak-butter-slightly-salted-250g-5394129,,,2024-06-16T20:54:39.620305-04:00
"Ind54SColes_ADairy, Eggs & Fridge_SAButter & margarine_IColes Cholesterol Lowering Spread | 500g",Coles Cholesterol Lowering Spread | 500g,Coles,"Dairy, Eggs & Fridge",Butter & margarine,Margarine,,$5.00,,,$1.00 per 100g,3162734,Coles Dairy 500g cholesterol lowering spread. This spread actively lowers cholesterol absorption and is enriched with natural phytosterols.,,,"Per 100g/ml
Per Serving
%DI
Energy
2383.22
238.32
Protein
0.20
0.02
Total Fat
64.00
6.40
Carbohydrate
0.20
0.02
Sugars
0.20
0.02
Saturated
15.50
1.55
Phytosterols
8.00
0.80
Sodium
360.00
36.00
Monounsaturated
33.10
3.31
Energy (Cal)
570.15
57.01
Dietary Fibre (total)
0.10
0.01
Polyunsaturated
15.00
1.50
Trans
0.20
0.02
* Percentage Daily Intakes are based on an average adult diet of 8700 kJ. Your daily intakes may be higher or lower depending on your energy needs.",,https://www.coles.com.au/product/coles-cholesterol-lowering-spread-500g-3162734,,,2024-06-16T20:54:53.089517-04:00
"Ind54SColes_ADairy, Eggs & Fridge_SAButter & margarine_IColes Spreadable Dairy Blend | 750g",Coles Spreadable Dairy Blend | 750g,Coles,"Dairy, Eggs & Fridge",Butter & margarine,Blends,,$7.30,,,$0.97 per 100g,4655180,Made with Australian MilkSALTED,,,"Per 100g/ml
Per Serving
%DI
Energy
2270
113
1
Protein
0.5
0.025
Total Fat
60.3
3.0
4
Saturated Fat
25.2
1.3
5
Carbohydrate
1.3
LESS THAN 1g
0
Sugars
0.8
0.04
Sodium
413
21
1
Saturated
28.3
1.415
Energy (Cal)
542
27
Fat
59
2.95
Dietary Fibre (total)
0
0
trans
1.6
LESS THAN 0.1g
* Percentage Daily Intakes are based on an average adult diet of 8700 kJ. Your daily intakes may be higher or lower depending on your energy needs.",,https://www.coles.com.au/product/coles-spreadable-dairy-blend-750g-4655180,,,2024-06-16T20:55:04.217223-04:00
"Ind54SColes_ADairy, Eggs & Fridge_SAButter & margarine_IFlora Margarine Spread Original | 1kg",Flora Margarine Spread Original | 1kg,Flora,"Dairy, Eggs & Fridge",Butter & margarine,Margarine,,$6.95,,$8.95,$0.70 per 100g,222363,"Flora Original contains the good oils (sunflower oil and canola oi) and combines that great Flora taste with essential fatty acids, and has 65% less saturated fat than butter. Flora margarine spreads easily and taste delicious. Enjoy Flora Original on toast, dollop it on hot vegetables or melt it over potatoes for a little extra indulgence. Flora Original is a source of Vitamin D and E. No artificial colours or flavours. 
Flora Original Margarine is made with sunflower seed oil and contains 65% less saturated fat than butter.
Flora Original Margarine is perfect for spreading on sandwiches and toast and has less saturated fats than butter.
Enjoy Flora Original Margarine on toast, dollop it on hot vegetables or melt it over potatoes for a little extra indulgence, but with 65% less saturated fat than butter.
Flora Original is a source of Vitamin D and E.
No artificial colours or flavours.",,,"Per 100g/ml
Per Serving
%DI
Energy
2340kJ
234kJ
Protein
<1.0g
<1.0g
Total Fat
63.1g
6.3g
Saturated Fat
15.85g
1.6g
Carbohydrate
<1.0g
<1.0g
Sugars
<1.0g
<1.0g
Sodium
450mg
45mg
Vitamin E
14mg
Monounsaturated
20.2g
2.0g
Omega - 6
25.8g min
2.6g min
Polyunsaturated
26.6g
2.7g
Potassium
30mg
<5.0mg
Trans
0.5g
0.05g
* Percentage Daily Intakes are based on an average adult diet of 8700 kJ. Your daily intakes may be higher or lower depending on your energy needs.","INGREDIENTS: Vegetable oils (63%) (containing 52% sunflower and canola oils), water, salt, milk solids, emulsifiers (471, soy lecithin), preservative (202), food acid (lactic acid), natural colours (annatto, curcumin), vitamins (A, D), natural flavours.",https://www.coles.com.au/product/flora-margarine-spread-original-1kg-222363,,,2024-06-16T20:55:15.480165-04:00
"Ind54SColes_ADairy, Eggs & Fridge_SA_ITru-Blue Garlic Butter Spread | 150g",Tru-Blue Garlic Butter Spread | 150g,Tru-Blue,"Dairy, Eggs & Fridge",,,,$3.35,,,$2.23 per 100g,6801964,"Tru Blue Garlic Butter Spread is made with real garlic. It is a tasty garlicky butter spread that can be used on bread or crackers or used in preparing your favourite dishes. Enjoy the goodness!
Made in Australia
Made with real garlic
Tasty Garlic Butter Spread",,,,,https://www.coles.com.au/product/tru-blue-garlic-butter-spread-150g-6801964,,,2024-06-16T20:55:24.589439-04:00
"Ind54SColes_ADairy, Eggs & Fridge_SAButter & margarine_IColes Organic Salted Butter | 250g",Coles Organic Salted Butter | 250g,Coles,"Dairy, Eggs & Fridge",Butter & margarine,Butter,,$4.85,,,$1.94 per 100g,3519416,Made with Australian Certified Organic Fresh Milk,,,"Per 100g/ml
Per Serving
%DI
Energy
3044.4
152.22
Protein
1.1
0.06
Carbohydrate
0.6
0.03
Sugars
0.6
0.03
Sodium
550
27.5
Saturated
53.8
2.69
Energy (Cal)
728.33
36.42
Fat
81.5
4.08
Dietary Fibre (total)
0
0
* Percentage Daily Intakes are based on an average adult diet of 8700 kJ. Your daily intakes may be higher or lower depending on your energy needs.",,https://www.coles.com.au/product/coles-organic-salted-butter-250g-3519416,,,2024-06-16T20:55:36.555406-04:00
"Ind54SColes_ADairy, Eggs & Fridge_SADairy, chilled & frozen_IMeadow Lea Original Margarine Spread | 1kg",Meadow Lea Original Margarine Spread | 1kg,Meadow Lea,"Dairy, Eggs & Fridge","Dairy, chilled & frozen",Spreads & dips,,$6.65,,,"$0.67 per 100g
Was $7.00 on Apr 2024",224267,"Spread Happiness Enjoy your toast and sandwiches with a tasty margarine spread on top. MeadowLea Spread is made from natural plant seeds, making it great for both spreading onto bread and cooking a range of recipes. Made in Australia since 1939, MeadowLea Spread has become an Australian household staple. This spread contains natural colour and flavour and is a classic spread for your favourite toast toppers, ham and cheese sandwiches or for baking cakes and cookies. Made from natural plant seeds, a source of Omega 3. 70% less saturated fat than butter. Natural colour and flavour MeadowLea Spread has been Made in Australia since 1939. Great for toast, sandwiches, sauces, baking and savoury recipes.",,,"Per 100g/ml
Per Serving
%DI
Energy
2220kJ
220kJ
3%
Protein
<1g
<1g
0%
Total Fat
60g
6g
9%
Saturated Fat
15.3g
1.5g
6%
Carbohydrate
<1g
<1g
0%
Sugars
<1g
<1g
0%
Alpha-linolenic acid
4.2g
0.4g
Vitamin A
1000ug
100ug
Vitamin D
10ug
1ug
Sodium
340mg
35mg
2%
Monounsaturated
30g
3g
Polyunsaturated
14.3g
1.4g
Trans
0.4g
<0.1g
* Percentage Daily Intakes are based on an average adult diet of 8700 kJ. Your daily intakes may be higher or lower depending on your energy needs.",,https://www.coles.com.au/product/meadow-lea-original-margarine-spread-1kg-224267,,,2024-06-16T20:55:50.182900-04:00
"Ind54SColes_ADairy, Eggs & Fridge_SAButter & margarine_INuttelex Buttery Spread | 500g",Nuttelex Buttery Spread | 500g,Nuttelex,"Dairy, Eggs & Fridge",Butter & margarine,Margarine,,$5.20,,,$1.04 per 100g,3056920,"A favourite for those who just love the taste of butter - but want a healthier option. Enjoy a dollop on your veggies, topped on your toast or use in any traditional butter-based recipe to make it just that little bit better.
#Vegetarianandvegan #Dairyfree #Lactosefree #Cholesterolfreeoils #Nutoilfree #Saltreduced #Glutenfree #GMFree",,,"Per 100g/ml
Per Serving
%DI
Energy
2400kJ
240kJ
Protein
0g
0g
Total Fat
65g
6.5g
Saturated Fat
16.9g
1.7g
Carbohydrate
0g
0g
Sugars
0g
0g
Cholesterol
0mg
0mg
Vitamin A
1100ug
110ug
15%
Lactose
0g
0g
Vitamin D
10ug
1ug
10%
Sodium
340mg
34mg
Vitamin E
30mg
3mg
30%
Monounsaturated
30.1g
3g
Dietary Fibre (total)
0g
0g
Polyunsaturated
17.9g
1.8g
Galactose
0g
0g
Gluten
0mg
0mg
Potassium
10mg
1mg
Trans
0.1g
0.01g
* Percentage Daily Intakes are based on an average adult diet of 8700 kJ. Your daily intakes may be higher or lower depending on your energy needs.",,https://www.coles.com.au/product/nuttelex-buttery-spread-500g-3056920,,,2024-06-16T20:56:01.358820-04:00
"Ind54SColes_ADairy, Eggs & Fridge_SAButter & margarine_IOlive Grove Classic Olive Oil Margarine Tub | 500g",Olive Grove Classic Olive Oil Margarine Tub | 500g,Olive Grove,"Dairy, Eggs & Fridge",Butter & margarine,Margarine,,$6.30,,,$1.26 per 100g,5448589,"Made with the natural goodness of olive oil, Olive Grove Classic Olive Oil Spread is great tasting and perfect for cooking a range of dishes. It's also a delicious spread on toast with sweet or savoury toppings. Ideal for spreading, cooking or baking, this spread helps you to create fresh flavoursome food. Made with the goodness of olive oil, this spread contains 65% less saturated fat compared to butter*. Olive Grove Classic Olive Oil Spread also provides a source of Omega 9.
*16.2g/100g saturated fat compared to 53.8g/100g in butter (Food Standards Australia and New Zealand 2019) Made with the natural goodness of olive oil, Olive Grove Classic Olive Oil Spread contains 65% less saturated fat than butter. Great for cooking and baking.",,,"Per 100g/ml
Per Serving
%DI
Energy
2220kJ
220kJ
0.03%
Protein
<1g
<1g
0%
Total Fat
60g
6g
0.09%
Saturated Fat
16.2g
1.6g
0.07%
Carbohydrate
<1g
<1g
0%
Sugars
<1g
<1g
0%
Sodium
340mg
35mg
0.02%
Monounsaturated
30.5g
3.1g
Polyunsaturated
13g
1.3g
Potassium
30mg
3mg
Trans
0.3g
<1g
* Percentage Daily Intakes are based on an average adult diet of 8700 kJ. Your daily intakes may be higher or lower depending on your energy needs.","Vegetable oils 60% (containing minimum 19% olive oil), water, salt, emulsifiers (471, 322 (from soy)), milk solids, preservative (202), food acid (270), colour (160a), flavour, vitamins A & D.",https://www.coles.com.au/product/olive-grove-classic-olive-oil-margarine-tub-500g-5448589,,,2024-06-16T20:56:14.697642-04:00
"Ind54SColes_ADairy, Eggs & Fridge_SAButter & margarine_IFlora Margarine Spread Original | 500g",Flora Margarine Spread Original | 500g,Flora,"Dairy, Eggs & Fridge",Butter & margarine,Margarine,,$5.25,,,$1.05 per 100g,189406,"Flora Original contains the good oils (sunflower oil and canola oi) and combines that great Flora taste with essential fatty acids, and has 65% less saturated fat than butter. Flora margarine spreads easily and taste delicious. Enjoy Flora Original on toast, dollop it on hot vegetables or melt it over potatoes for a little extra indulgence. Flora Original is a source of Vitamin D and E. No artificial colours or flavours. 
Flora Original margarine is made with sunflower seed oil and contains 65% less saturated fat than butter.
Flora Original margarine is perfect for families who prefer an alternative with less saturated fat than butter.
Enjoy Flora Original margarine on toast, dollop it on hot vegetables or melt it over potatoes for a little extra indulgence, but with 65% less saturated fat than butter.
Flora Original is a source of Vitamin D and E.
No artificial colours or flavours.",,,"Per 100g/ml
Per Serving
%DI
Energy
2340kJ
234kJ
Protein
<1.0g
<1.0g
Total Fat
63.1g
6.3g
Saturated Fat
15.8g
1.6g max
Carbohydrate
<1.0g
<1.0g
Sugars
<1.0g
<1.0g
Sodium
450mg
45mg
Vitamin E
14mg
Monounsaturated
20.2g min
2.0g min
Omega - 6
25.8g min
2.6g min
Polyunsaturated
26.6g min
2.7g min
Potassium
30mg
<5.0mg
Trans
0.5g
0.05g
* Percentage Daily Intakes are based on an average adult diet of 8700 kJ. Your daily intakes may be higher or lower depending on your energy needs.",,https://www.coles.com.au/product/flora-margarine-spread-original-500g-189406,,,2024-06-16T20:56:26.453514-04:00
"Ind54SColes_ADairy, Eggs & Fridge_SAButter & margarine_IColes Simply Regular Spread | 500g",Coles Simply Regular Spread | 500g,Coles,"Dairy, Eggs & Fridge",Butter & margarine,Margarine,,$2.70,,,$0.54 per 100g,6319071,"Coles Dairy regular spread, 500g. Australian made buttery blend, soft and spreadable. Perfect for hot toast and sandwiches.",,,"Per 100g/ml
Per Serving
%DI
Energy
1927.06
192.71
Protein
0.09
0.01
Carbohydrate
0.09
0.01
Sugars
0.09
0.01
Sodium
340.00
34.00
Saturated
11.80
1.18
Monounsaturated
27.40
2.74
Energy (Cal)
461.02
46.10
Fat
52.00
5.20
Dietary Fibre (total)
0.00
0.00
Polyunsaturated
12.60
1.26
Trans
0.01
0.00
* Percentage Daily Intakes are based on an average adult diet of 8700 kJ. Your daily intakes may be higher or lower depending on your energy needs.",,https://www.coles.com.au/product/coles-simply-regular-spread-500g-6319071,,,2024-06-16T20:56:38.714103-04:00
"Ind54SColes_ADairy, Eggs & Fridge_SAButter & margarine_ILurpak Butter Unsalted | 250g",Lurpak Butter Unsalted | 250g,Lurpak,"Dairy, Eggs & Fridge",Butter & margarine,Butter,,$5.80,,,$2.32 per 100g,7174906,"With Lurpak by your side you're always ready to cook, bake and fry up wonders, cook. With its delicate taste, Lurpak Unsalted Butter enhances the flavour of whatever food you add it to. From a hearty risotto dish, your weekend baking creations to some simple earthy mushrooms, its subtle notes complement every creation you russle up in the kitchen. For people who love Good Food, Lurpak makes it even better. Now sleeves up. Today we cook bold.
Made from 100% fresh milk

No added salt

Distinctive, creamy, delicate and fresh taste.

Perfect for cooking, baking or spreading

Suitable for freezing

Suitable for vegetarians.",,,"Per 100g/ml
Per Serving
%DI
Energy
3070 kJ
307 kJ
Protein
0.6g
0.06g
Total Fat
82g
8.2g
Saturated Fat
53g
5.3g
Carbohydrate
0.7g
0.07g
Sugars
0.7g
0.07g
Sodium
0g
0g
Energy (Cal)
747 Cal
74.7 Cal
* Percentage Daily Intakes are based on an average adult diet of 8700 kJ. Your daily intakes may be higher or lower depending on your energy needs.",,https://www.coles.com.au/product/lurpak-butter-unsalted-250g-7174906,,,2024-06-16T20:56:51.040019-04:00
"Ind54SColes_ADairy, Eggs & Fridge_SAButter & margarine_IDevondale Regular Butter | 500g",Devondale Regular Butter | 500g,Devondale,"Dairy, Eggs & Fridge",Butter & margarine,Blends,,$7.50,,,$1.50 per 100g,5017500,"Devondale's Dairy Soft Spreadable Butter Blend starts with double churned butter for a deliciously creamy blend, the perfect addition to just about anything. Pop it on your morning toast, bread for your kids sandwich or crackers. The delicious Devondale taste is perfect for spreading.- soft spreadable butter- perfect to spread on bread or toast",,,"Per 100g/ml
Per Serving
%DI
Energy
2460kJ
123kJ
Protein
<1g
<1g
Total Fat
66g
3.3g
Saturated Fat
32g
1.6g
Carbohydrate
<1g
<1g
Sugars
<1g
<1g
Sodium
530mg
27mg
* Percentage Daily Intakes are based on an average adult diet of 8700 kJ. Your daily intakes may be higher or lower depending on your energy needs.","Butter (min. 56%) (cream (milk), water, canola oil, salt, vitamins (A&D), natural colour (beta-carotene).",https://www.coles.com.au/product/devondale-regular-butter-500g-5017500,,,2024-06-16T20:57:02.200166-04:00
"Ind54SColes_ADairy, Eggs & Fridge_SAButter & margarine_ITablelands Reduce Cholesterol Spread | 500g",Tablelands Reduce Cholesterol Spread | 500g,Tablelands,"Dairy, Eggs & Fridge",Butter & margarine,Margarine,,$5.25,,,$1.05 per 100g,7789048,"A great value & tasting spread that contains plant sterols to help reduce cholesterol absorption. Contains no artificial colours or flavours and is suitable for vegetarians. Use together with a balanced, healthy diet low in saturated fats and high in fresh fruit, vegetables and whole-grains.",,,"Per 100g/ml
Per Serving
%DI
Energy
2390kJ
239kJ
0%
Protein
<1g
<1g
0%
Total Fat
64.2g
6.4g
0%
Saturated Fat
13.8g
1.4g
0%
Carbohydrate
<1g
<1g
0%
Sugars
<1g
<1g
0%
Sodium
360mg
36mg
0%
Phytosterols
0.8mg
0.8mg
Trans
0.2g
<0.1g
* Percentage Daily Intakes are based on an average adult diet of 8700 kJ. Your daily intakes may be higher or lower depending on your energy needs.",,https://www.coles.com.au/product/tablelands-reduce-cholesterol-spread-500g-7789048,,,2024-06-16T20:57:13.290270-04:00
"Ind54SColes_ADairy, Eggs & Fridge_SAButter & margarine_IFlora Margarine Spread Light | 500g",Flora Margarine Spread Light | 500g,Flora,"Dairy, Eggs & Fridge",Butter & margarine,Margarine,,$5.25,,,$1.05 per 100g,87643,"Flora Light is made with sunflower seed oil, a source of Omega 6 and Vitamin E and contains 75% less saturated fat than butter.
Flora Light margarine spread is made with sunflower seed oil and contains 75% less saturated fat than butter.",,,"Per 100g/ml
Per Serving
%DI
Energy
1780kJ
178kJ
Protein
0.1g
<0.1g
Total Fat
47.2g
4.7g
Saturated Fat
11.8g
1.2g
Carbohydrate
<1.0g
<1.0g
Sugars
<1.0g
<1.0g
Sodium
350mg
35mg
Vitamin E
11mg
Monounsaturated
15.1g
1.5g
Omega - 6
19.2g min
1.9g min
Polyunsaturated
19.9g
2.0g
Potassium
38mg
<5mg
Trans
0.4g
0.04g
* Percentage Daily Intakes are based on an average adult diet of 8700 kJ. Your daily intakes may be higher or lower depending on your energy needs.",,https://www.coles.com.au/product/flora-margarine-spread-light-500g-87643,,,2024-06-16T20:57:24.603913-04:00
"Ind54SColes_ADairy, Eggs & Fridge_SAButter & margarine_IWik Dripping | 500g",Wik Dripping | 500g,Wik,"Dairy, Eggs & Fridge",Butter & margarine,Margarine,,$4.20,,,$0.84 per 100g,3277088,"WIK is the finest quality pure dripping in the market. Made from 100% animal fat, WIK is the perfect choice for applications like crispy chips, battered fish and everyday roasting or frying. 'Enjoy the forgotten taste of golden crusty potatoes and sweetly roasted meat the way grandma used to make'.",,,"Per 100g/ml
Per Serving
%DI
Energy
3700kJ
3700kJ
Protein
<1g
<1g
Total Fat
99.9g
99.9g
Saturated Fat
47g
47g
Carbohydrate
<1g
<1g
Sugars
<1g
<1g
Sodium
<5mg
<5mg
* Percentage Daily Intakes are based on an average adult diet of 8700 kJ. Your daily intakes may be higher or lower depending on your energy needs.",,https://www.coles.com.au/product/wik-dripping-500g-3277088,,,2024-06-16T20:57:35.871231-04:00
"Ind54SColes_ADairy, Eggs & Fridge_SA_IWestern Star Original Spreadable Butter Blend | 375g",Western Star Original Spreadable Butter Blend | 375g,Western Star,"Dairy, Eggs & Fridge",,,,$4.80,,$6.00,$1.28 per 100g,7716850,"We've taken the five-star Western Star taste you know and love and made it soft and spreadable. Ideal for sandwiches, toast, pancakes and more.",,,"Per 100g/ml
Per Serving
%DI
Energy
2570kJ
129kJ
2%
Protein
<1g
<1g
0
Total Fat
68.4g
3.4g
3.4g
Saturated Fat
28.0g
1.4g
7%
Carbohydrate
1.2g
<1g
0
Sugars
1.2g
<1g
0
Sodium
487mg
24mg
1%
Energy (Cal)
629Cal
32Cal
* Percentage Daily Intakes are based on an average adult diet of 8700 kJ. Your daily intakes may be higher or lower depending on your energy needs.",,https://www.coles.com.au/product/western-star-original-spreadable-butter-blend-375g-7716850,,,2024-06-16T20:57:47.151792-04:00
"Ind54SColes_ADairy, Eggs & Fridge_SAButter & margarine_IWestern Star Original Salted Butter Pat | 500g",Western Star Original Salted Butter Pat | 500g,Western Star,"Dairy, Eggs & Fridge",Butter & margarine,Butter,,$8.00,,,$1.60 per 100g,210604,"Crafting Butter Since 1926
Our story began in Victoria in 1926 when the leading butter makers in the Western District came together to create Western Star. Over 90 years later and trusted for generations, Western Star truly is Australia's Favourite.",,,"Per 100g/ml
Per Serving
%DI
Energy
3000kJ
150kJ
2%
Protein
<1g
<1g
0%
Total Fat
80.5g
4.0g
6%
Saturated Fat
53.1g
2.7g
11%
Carbohydrate
<1g
<1g
0%
Sugars
<1g
<1g
0%
Sodium
640mg
32mg
1%
* Percentage Daily Intakes are based on an average adult diet of 8700 kJ. Your daily intakes may be higher or lower depending on your energy needs.",,https://www.coles.com.au/product/western-star-original-salted-butter-pat-500g-210604,,,2024-06-16T20:57:58.412945-04:00
"Ind54SColes_ADairy, Eggs & Fridge_SAButter & margarine_IDevondale Salt Reduced Butter | 500g",Devondale Salt Reduced Butter | 500g,Devondale,"Dairy, Eggs & Fridge",Butter & margarine,Blends,,$7.50,,,$1.50 per 100g,5017496,"Devondale's Dairy Soft Salt Reduced Spreadable Butter Blend starts with double churned butter for a deliciously creamy blend with 50% less salt*, the perfect addition to just about anything. Pop it on your morning toast, kids sandwich or crackers. - Soft spreadable butter- salt reduced butter- perfect to spread on bread or toast*with 40% less salt than Devondale Dairy Soft Original Butter Blend",,,"Per 100g/ml
Per Serving
%DI
Energy
2460kJ
123kJ
Protein
<1g
<1g
Total Fat
66g
3.3g
Saturated Fat
32g
1.6g
Carbohydrate
<1g
<1g
Sugars
<1g
<1g
Sodium
230mg
12mg
Potassium
25mg
<5mg
* Percentage Daily Intakes are based on an average adult diet of 8700 kJ. Your daily intakes may be higher or lower depending on your energy needs.",,https://www.coles.com.au/product/devondale-salt-reduced-butter-500g-5017496,,,2024-06-16T20:58:10.337057-04:00
"Ind54SColes_ADairy, Eggs & Fridge_SAButter & margarine_INuttelex Original Spread | 500g",Nuttelex Original Spread | 500g,Nuttelex,"Dairy, Eggs & Fridge",Butter & margarine,Margarine,,$5.20,,,$1.04 per 100g,209161,"Australia's Original vegan and vegetarian plant based spread. The perfect all-rounder for spreading, baking and cooking delivers 70% less saturated fat and 50% less salt than butter. Naturally free from artificial colours and flavours #Vegan #Dairyfree #Lactosefree #Cholesterolfreeoils #Nutoilfree #Saltreduced #Glutenfree #GMFree",,,"Per 100g/ml
Per Serving
%DI
Energy
2400kJ
240kJ
0%
Protein
0g
0g
0%
Total Fat
63g
6.3g
0%
Saturated Fat
16.3g
1.6g
0%
Carbohydrate
0g
0g
0%
Sugars
0g
0g
0%
Cholesterol
0mg
0mg
0%
Vitamin A
1100ug
110ug
15%
Lactose
0g
0g
0%
Vitamin D
10ug
1ug
10%
Sodium
340mg
34mg
0%
Vitamin E
30mg
3mg
30%
Monounsaturated
29.1g
2.9g
0%
Dietary Fibre (total)
0g
0g
Polyunsaturated
17.5g
1.8g
0%
Galactose
0g
0g
Gluten
0mg
0mg
0%
Potassium
10mg
1mg
0%
Trans
0.1g
0.01g
0%
* Percentage Daily Intakes are based on an average adult diet of 8700 kJ. Your daily intakes may be higher or lower depending on your energy needs.","(all from vegetable sources) Vegetable oils (containing Sunflower oil 5%), water, salt, emulsifiers (471, sunflower lecithin), natural flavour, vitamins A, D, E, natural colour (beta carotene).",https://www.coles.com.au/product/nuttelex-original-spread-500g-209161,,,2024-06-16T20:58:21.368691-04:00
"Ind54SColes_ADairy, Eggs & Fridge_SAButter & margarine_INuttelex Lite Spread Tub | 500g",Nuttelex Lite Spread Tub | 500g,Nuttelex,"Dairy, Eggs & Fridge",Butter & margarine,Margarine,,$5.20,,,$1.04 per 100g,4844820,"With 75% less saturated fat than butter and 50% less salt, if you're looking to trim your waistline Nuttelex Reduced Fat is a great addition to any calorie controlled diet. Naturally free from artificial colours and flavours #Vegan and vegetarian #Dairyfree #Lactosefree #Cholesterolfreeoils #Nutoilfree #Saltreduced #Glutenfree #GMFree",,,"Per 100g/ml
Per Serving
%DI
Energy
1780kJ
178kJ
Protein
0g
0g
Total Fat
48g
4.8g
Saturated Fat
9.6g
1g
Carbohydrate
0g
0g
Sugars
0g
0g
Cholesterol
0mg
0mg
Vitamin A
1100ug
110ug
15%
Lactose
0g
0g
Vitamin D
10ug
1ug
10%
Sodium
340mg
34mg
Vitamin E
30mg
3mg
30%
Monounsaturated
25.4g
2.5g
Dietary Fibre (total)
0g
0g
Polyunsaturated
12.6g
1.3g
Galactose
0g
0g
Gluten
0mg
0mg
Potassium
10mg
1mg
Trans
0.1g
0.01g
* Percentage Daily Intakes are based on an average adult diet of 8700 kJ. Your daily intakes may be higher or lower depending on your energy needs.",,https://www.coles.com.au/product/nuttelex-lite-spread-tub-500g-4844820,,,2024-06-16T20:58:34.555603-04:00
"Ind54SColes_ADairy, Eggs & Fridge_SAButter & margarine_IWestern Star Chef's Choice Unsalted Cultured Butter | 500g",Western Star Chef's Choice Unsalted Cultured Butter | 500g,Western Star,"Dairy, Eggs & Fridge",Butter & margarine,Butter,,$8.00,,,$1.60 per 100g,93760,Western Star Butter Cultured Chef's Choice 500g is a premium quality butter that's noted for its extra creamier continental taste and texture. A creamier fresh tasting butter that's versatile and ensures great results every time.,,,"Per 100g/ml
Per Serving
%DI
Energy
3090kJ
155kJ
2%
Protein
<1g
<1g
0
Total Fat
82.9g
4.1g
4.1g
Saturated Fat
54.7g
2.7g
11%
Carbohydrate
<1g
<1g
0
Sugars
<1g
<1g
0
Sodium
18mg
<5mg
0
Potassium
30mg
Less than 5mg
* Percentage Daily Intakes are based on an average adult diet of 8700 kJ. Your daily intakes may be higher or lower depending on your energy needs.",,https://www.coles.com.au/product/western-star-chef's-choice-unsalted-cultured-butter-500g-93760,,,2024-06-16T20:58:45.945627-04:00
"Ind54SColes_ADairy, Eggs & Fridge_SAButter & margarine_IFairy Cooking Margarine | 250g",Fairy Cooking Margarine | 250g,Fairy,"Dairy, Eggs & Fridge",Butter & margarine,Margarine,,$2.60,,,$1.04 per 100g,189279,"Fairy is a specialty blend cooking margarine that has been used by Australian families since since the 1930's. It's a fail proof traditional margarine for home baking & cooking and it's special blend of animal fats produces outstanding baking results. From birthday parties, to baking at home with the family, Fairy Margarine is ideal for baking cakes, puddings, icings, Anzac biscuits and more. Fairy is Australian made and owned and with exceptional quality remains true to its heritage.",,,"Per 100g/ml
Per Serving
%DI
Energy
3040kJ
304kJ
Protein
<1g
<1g
0%
Total Fat
81.7g
8.2g
0%
Saturated Fat
37.4g
3.7g
0%
Carbohydrate
<1g
<1g
0%
Sugars
<1g
<1g
0%
Sodium
1300mg
130mg
0%
Trans
3.4g
0.3g
0%
* Percentage Daily Intakes are based on an average adult diet of 8700 kJ. Your daily intakes may be higher or lower depending on your energy needs.",,https://www.coles.com.au/product/fairy-cooking-margarine-250g-189279,,,2024-06-16T20:58:57.506081-04:00
"Ind54SColes_ADairy, Eggs & Fridge_SAButter & margarine_ICopha Vegetable Cooking Oil Solid | 250g",Copha Vegetable Cooking Oil Solid | 250g,Copha,"Dairy, Eggs & Fridge",Butter & margarine,Margarine,,$3.00,,,$1.20 per 100g,189483,"Copha is a popular vegan vegetable shortening and a key ingredient in the much-loved kids party recipes such as chocolate crackles, white Christmas and other no-bake desserts and sweet treats. Free from gluten ingredients and palm oil, Copha is made from 99% coconut oil. Copha is versatile and can be used in many different baking applications. From traditional birthday and Christmas party recipes, to modern recipes, Copha has always been associated with fun, family and sweet childhood memories for over 70 years.",,,"Per 100g/ml
Per Serving
%DI
Energy
3700kJ
370kJ
Protein
0g
0g
0%
Total Fat
100g
10g
0%
Saturated Fat
98g
9.8g
0%
Carbohydrate
0g
0g
0%
Sugars
0g
0g
0%
Sodium
0mg
0mg
0%
* Percentage Daily Intakes are based on an average adult diet of 8700 kJ. Your daily intakes may be higher or lower depending on your energy needs.",,https://www.coles.com.au/product/copha-vegetable-cooking-oil-solid-250g-189483,,,2024-06-16T20:59:08.437852-04:00
"Ind54SColes_ADairy, Eggs & Fridge_SAButter & margarine_IDevondale Regular Butter Blend | 500g",Devondale Regular Butter Blend | 500g,Devondale,"Dairy, Eggs & Fridge",Butter & margarine,Blends,,$7.50,,,$1.50 per 100g,5047613,Devondale's Extra Soft Spreadable Butter Blend starts with double churned butter for a deliciously creamy blend which spreads easy onto toast or a sandwich. - Soft spreadable butter- extra soft butter- perfect to spread on bread or toast,,,"Per 100g/ml
Per Serving
%DI
Energy
2240kJ
112kJ
Protein
<1g
<1g
Total Fat
60g
3g
Saturated Fat
26.2g
1.3g
Carbohydrate
<1g
<1g
Sugars
<1g
<1g
Sodium
370mg
19mg
* Percentage Daily Intakes are based on an average adult diet of 8700 kJ. Your daily intakes may be higher or lower depending on your energy needs.",,https://www.coles.com.au/product/devondale-regular-butter-blend-500g-5047613,,,2024-06-16T20:59:19.508261-04:00
"Ind54SColes_ADairy, Eggs & Fridge_SAButter & margarine_IBertolli Olive Oil Margarine Spread Classic | 500g",Bertolli Olive Oil Margarine Spread Classic | 500g,Bertolli,"Dairy, Eggs & Fridge",Butter & margarine,Margarine,,$4.50,,$5.50,$0.90 per 100g,9643622,Bertolli Classic Spread is delicious on fresh bread and with the goodness of olive oil it compliments all foods in a healthy Mediterranean diet.,,,"Per 100g/ml
Per Serving
%DI
Energy
2340kJ/100g
234kJ
Protein
<1.0g/100g
<1.0g
Total Fat
63.0g/100g
6.3g
Saturated Fat
16.2g/100g
1.6g
Carbohydrate
<1.0g/100g
<1.0g
Sugars
<1.0g/100g
<1.0g
Sodium
360mg/100g
36mg
Monounsaturated
34.4g
3.4g
Omega - 6
8.8g
0.9g
Polyunsaturated
12.0g
1.2g
Potassium
25mg
<5.0mg
Trans
0.4g
0.04g
* Percentage Daily Intakes are based on an average adult diet of 8700 kJ. Your daily intakes may be higher or lower depending on your energy needs.",,https://www.coles.com.au/product/bertolli-olive-oil-margarine-spread-classic-500g-9643622,,,2024-06-16T20:59:31.039771-04:00
"Ind54SColes_ADairy, Eggs & Fridge_SAMilk_IPauls Farmhouse Gold Full Cream Milk | 1.5L",Pauls Farmhouse Gold Full Cream Milk | 1.5L,Pauls,"Dairy, Eggs & Fridge",Milk,Full cream milk,,$4.40,,,$2.93 per 1L,2750602,"Farmhouse Gold is perfect for those who love the traditional taste of real milk. Made with fresh wholesome milk from Australian farms, Farmhouse Gold Full Cream has a deliciously rich, extra creamy taste you will savour. Milk, the way it was meant to be. ",,,"Per 100g/ml
Per Serving
%DI
Energy
317 kJ
792 kJ
Protein
3.4g
8.5g
Total Fat
4.7g
11.8g
Saturated Fat
3.1g
7.7g
Carbohydrate
4.8g
12g
Sugars
4.8g
12g
Calcium
123mg
307mg
38%
Sodium
41mg
102mg
Energy (Cal)
76 Cal
189 Cal
* Percentage Daily Intakes are based on an average adult diet of 8700 kJ. Your daily intakes may be higher or lower depending on your energy needs.",,https://www.coles.com.au/product/pauls-farmhouse-gold-full-cream-milk-1.5l-2750602,,,2024-06-16T20:59:42.341830-04:00
"Ind54SColes_ADairy, Eggs & Fridge_SAButter & margarine_IFlora ProActiv Margarine Spread Buttery | 500g",Flora ProActiv Margarine Spread Buttery | 500g,Flora,"Dairy, Eggs & Fridge",Butter & margarine,Margarine,,$7.50,,$10.00,$1.50 per 100g,8085029,"Flora ProActiv contain natural plant sterols. Eating 2g of plant sterols daily as part of a healthy diet and lifestyle has been clinically proven to lower cholesterol by up to 10%
within 21 days. May not be suitable for children under 5 years and pregnant or lactating women. There is no additional benefit when more than 3 grams per day is consumed.",,,"Per 100g/ml
Per Serving
%DI
Energy
2410kJ/100g
241kJ
Protein
<1.0g/100g
<1.0g
Total Fat
62.1g/100g
6.2g
Saturated Fat
13.9g/100g
1.4g
Carbohydrate
<1.0g/100g
<1.0g
Sugars
<1.0g/100g
<1.0g
Sodium
360mg/100g
36mg
Monounsaturated
22.8g
2.3g
Polyunsaturated
27.5g
2.8g
Potassium
36mg
4mg
Trans
0.5g
0.05g
* Percentage Daily Intakes are based on an average adult diet of 8700 kJ. Your daily intakes may be higher or lower depending on your energy needs.",,https://www.coles.com.au/product/flora-proactiv-margarine-spread-buttery-500g-8085029,,,2024-06-16T20:59:53.535138-04:00
"Ind54SColes_ADairy, Eggs & Fridge_SAButter & margarine_IColes Salted Butter | 250g",Coles Salted Butter | 250g,Coles,"Dairy, Eggs & Fridge",Butter & margarine,Butter,,$4.30,,,$1.72 per 100g,313505,Australian MadeButterSalted,,,"Per 100g/ml
Per Serving
%DI
Energy
3080
154
2
Protein
0.50
0.03
0
Total Fat
82.6
4.1
6
Saturated Fat
57.20
2.86
12
Carbohydrate
0.80
0.04
0
Sugars
0.60
0.03
0
Sodium
700.00
35.00
2
Monounsaturated
18.7
LESS THAN 1g
Energy (Cal)
736
37
Dietary Fibre (total)
0.00
0.00
0
Polyunsaturated
2.2
LESS THAN 1g
trans
4.5
LESS THAN 1g
* Percentage Daily Intakes are based on an average adult diet of 8700 kJ. Your daily intakes may be higher or lower depending on your energy needs.",,https://www.coles.com.au/product/coles-salted-butter-250g-313505,,,2024-06-16T21:00:06.103040-04:00
"Ind54SColes_ADairy, Eggs & Fridge_SAButter & margarine_IFlora Margarine Spread Buttery | 500g",Flora Margarine Spread Buttery | 500g,Flora,"Dairy, Eggs & Fridge",Butter & margarine,Margarine,,$5.25,,,$1.05 per 100g,4827810,"Flora Buttery is a rich, delicious blend with buttermilk, for a big buttery taste. It's completely delicious and can be used for spreading, cooking and baking. Flora is made with sunflower seed oil which contains Omega 6 and vitamin E. Come and visit our website floraspread.com.au or floraspread.co.nz.
A rich, delicious margarine blend with buttermilk, for a big buttery taste with the spreadability of margarine. It's completely delicious and can be used for spreading, cooking and baking.

Flora margarine is made with sunflower seed oil which contains Omega 6 and Vitamin E.

Enjoy Flora Buttery Margarine on toast, dollop it on hot vegetables or melt it over potatoes for the little extra indulgence of buttery taste, but with 65% less saturated fat than butter.

No artificial colours or flavours.

Treat yourself to the irresistible, buttery taste of Flora margarine with 65% less saturated fat than butter.",,,"Per 100g/ml
Per Serving
%DI
Energy
2360kJ
236kJ
Protein
<1.0g
<1.0g
Total Fat
63.4g
6.3g
Saturated Fat
15.9g
1.6g
Carbohydrate
<1.0g
<1.0g
Sugars
<1.0g
<1.0g
Sodium
355mg
36mg
Vitamin E
16mg
Monounsaturated
20.3g
2.0g
Omega - 6
26.4g
2.6g
Polyunsaturated
26.7g
2.7g
Potassium
31mg
<5mg
Trans
0.5g
0.05g
* Percentage Daily Intakes are based on an average adult diet of 8700 kJ. Your daily intakes may be higher or lower depending on your energy needs.",,https://www.coles.com.au/product/flora-margarine-spread-buttery-500g-4827810,,,2024-06-16T21:00:17.374373-04:00
"Ind54SColes_ADairy, Eggs & Fridge_SA_INuttelex Olive Spread | 500g",Nuttelex Olive Spread | 500g,Nuttelex,"Dairy, Eggs & Fridge",,,,$4.95,,$5.80,$0.99 per 100g,5384679,"Made with the goodness of monounsaturated natural Olive Oil, Nuttelex Olive has 65% less saturated fat than butter and 50% less salt than regular margarine. Big on flavour it partners perfectly with your favourite pastas, roasted vegetable dishes and gourmet breads. Naturally free from artificial colours and flavours #VegetarianandVegan #Dairyfree #Lactosefree #Cholesterolfreeoils #Nutoilfree #Saltreduced #Glutenfree #GMFree",,,"Per 100g/ml
Per Serving
%DI
Energy
2430kJ
243kJ
0%
Protein
0g
0g
0%
Total Fat
65g
6.5g
0%
Saturated Fat
17.8g
1.8g
0%
Carbohydrate
0g
0g
0%
Sugars
0g
0g
0%
Cholesterol
0mg
0mg
0%
Vitamin A
1100ug
110ug
15%
Lactose
0g
0g
0%
Vitamin D
10ug
1ug
10%
Sodium
340mg
34mg
0%
Vitamin E
30mg
3mg
30%
Monounsaturated
33.9g
3.4g
0%
Dietary Fibre (total)
0g
0g
Polyunsaturated
12.9g
1.3g
0%
Galactose
0g
0g
Gluten
0mg
0mg
0%
Potassium
10mg
1mg
0%
Trans
0.4g
0.04g
0%
* Percentage Daily Intakes are based on an average adult diet of 8700 kJ. Your daily intakes may be higher or lower depending on your energy needs.",,https://www.coles.com.au/product/nuttelex-olive-spread-500g-5384679,,,2024-06-16T21:00:28.776093-04:00
"Ind54SColes_ADairy, Eggs & Fridge_SADairy, chilled & frozen_IBertolli Spread With Butter | 450g",Bertolli Spread With Butter | 450g,Bertolli,"Dairy, Eggs & Fridge","Dairy, chilled & frozen",Spreads & dips,,$5.50,,,"$1.22 per 100g
Was $6.50 on Apr 2024",5407399,"Bertolli with Butter with a Pinch of Salt is an irresistible spread that combines the goodness of olive oil with butter, giving you a delicious way to enjoy the taste of butter every day.
35% less saturated fat than butter",,,"Per 100g/ml
Per Serving
%DI
Energy
2620kJ
262kJ
Protein
<1.0g
<1.0g
Total Fat
70.2g
7.0g
Saturated Fat
30.1g
3.0g
Carbohydrate
<1.0g
<1.0g
Sugars
<1.0g
<1.0g
Vitamin A
1100ug
110ug (15%RDI#)
Vitamin D
10.0ug
1.0ug (10%RDI#)
Sodium
595mg
60mg
Monounsaturated
32.6g
3.3g
Polyunsaturated
6.7g
0.7g
Trans
0.8g
0.08g
* Percentage Daily Intakes are based on an average adult diet of 8700 kJ. Your daily intakes may be higher or lower depending on your energy needs.",,https://www.coles.com.au/product/bertolli-spread-with-butter-450g-5407399,,,2024-06-16T21:00:40.005735-04:00
"Ind54SColes_ADairy, Eggs & Fridge_SAButter & margarine_IGreat Ocean Road Pat Butter Sea Salt | 250g",Great Ocean Road Pat Butter Sea Salt | 250g,Great Ocean Road,"Dairy, Eggs & Fridge",Butter & margarine,Butter,,$6.00,,,$2.40 per 100g,3783764,"Rich and creamy butter, just how it should be.Born on the Great Ocean Road in Victoria, our products are made with 100% Australian milk sourced predominately from farmers in South West Victoria.- Salted butter- Made with Sea Salt",,,"Per 100g/ml
Per Serving
%DI
Energy
3020kJ
151kJ
Protein
<1g
<1g
Total Fat
81g
4.1g
Saturated Fat
56.7g
2.8g
Carbohydrate
<1g
<1g
Sugars
<1g
<1g
Sodium
623mg
31mg
* Percentage Daily Intakes are based on an average adult diet of 8700 kJ. Your daily intakes may be higher or lower depending on your energy needs.",,https://www.coles.com.au/product/great-ocean-road-pat-butter-sea-salt-250g-3783764,,,2024-06-16T21:00:51.464111-04:00
"Ind54SColes_ADairy, Eggs & Fridge_SAButter & margarine_INuttelex Baking Blend Vegan Margarine | 500g",Nuttelex Baking Blend Vegan Margarine | 500g,Nuttelex,"Dairy, Eggs & Fridge",Butter & margarine,Blends,,$5.60,,,$1.12 per 100g,6804893,"Made for all the bakers, creators & kitchen heroes who asked us for an extra rich, plant-based & allergy-friendly baking-blend to create the best buttercream frosting, cakes, biscuits and pastries. Brimming with buttery flavour it's also perfect on roasts, toast and sandwiches too.",,,"Per 100g/ml
Per Serving
%DI
Energy
2900kJ
2900kJ
Protein
0g
0g
Total Fat
80g
80g
Saturated Fat
20.4g
20.4g
Carbohydrate
0g
0g
Sugars
0g
0g
Lactose
0g
0g
Sodium
340mg
340mg
Monounsaturated
39.8g
39.8g
Dietary Fibre (total)
0g
0g
Polyunsaturated
19.4g
19.4g
Galactose
0g
0g
Gluten
0mg
0mg
Trans
0.4g
0.4g
* Percentage Daily Intakes are based on an average adult diet of 8700 kJ. Your daily intakes may be higher or lower depending on your energy needs.",,https://www.coles.com.au/product/nuttelex-baking-blend-vegan-margarine-500g-6804893,,,2024-06-16T21:01:03.620151-04:00
"Ind54SColes_ADairy, Eggs & Fridge_SAButter & margarine_IWestern Star Unsalted Butter | 250g",Western Star Unsalted Butter | 250g,Western Star,"Dairy, Eggs & Fridge",Butter & margarine,Butter,,$5.20,,,$2.08 per 100g,7739731,"Crafting Butter Since 1926
Our story began in Victoria in 1926 when the leading butter makers in the Western District came together to create Western Star. Over 90 years later and trusted for generations, Western Star truly is Australia's Favourite.",,,"Per 100g/ml
Per Serving
%DI
Energy
3080kJ
154kJ
2%
Protein
<1g
<1g
0%
Total Fat
82.7g
4.1g
6%
Saturated Fat
54.6g
2.7g
11%
Carbohydrate
<1g
<1g
0%
Sugars
<1g
<1g
0%
Sodium
19mg
<5mg
0%
Potassium
27mg
Less than 5mg
* Percentage Daily Intakes are based on an average adult diet of 8700 kJ. Your daily intakes may be higher or lower depending on your energy needs.",,https://www.coles.com.au/product/western-star-unsalted-butter-250g-7739731,,,2024-06-16T21:01:15.314472-04:00
"Ind54SColes_ADairy, Eggs & Fridge_SAButter & margarine_IWestern Star Spreadable Blend Reduced Salt | 500g",Western Star Spreadable Blend Reduced Salt | 500g,Western Star,"Dairy, Eggs & Fridge",Butter & margarine,Blends,,$7.00,,,$1.40 per 100g,7716113,"Enjoy the five star quality and taste of Western Star Original spreadable, with less salt. Ideal for those watching their salt intake.",,,"Per 100g/ml
Per Serving
%DI
Energy
2570kJ
129kJ
2%
Protein
<1g
<1g
0
Total Fat
68.4g
3.4g
3.4g
Saturated Fat
28.1g
1.4g
7%
Carbohydrate
1.2g
<1g
0
Sugars
1.2g
<1g
0
Sodium
285mg
14mg
1%
Energy (Cal)
629Cal
32Cal
Potassium
70mg
LESS THAN 5mg
* Percentage Daily Intakes are based on an average adult diet of 8700 kJ. Your daily intakes may be higher or lower depending on your energy needs.",,https://www.coles.com.au/product/western-star-spreadable-blend-reduced-salt-500g-7716113,,,2024-06-16T21:01:26.565003-04:00
"Ind54SColes_ADairy, Eggs & Fridge_SAButter & margarine_IMainland Butter Soft Salt Reduced Spreadable Butter | 375g",Mainland Butter Soft Salt Reduced Spreadable Butter | 375g,Mainland,"Dairy, Eggs & Fridge",Butter & margarine,Blends,,$8.00,,,$2.13 per 100g,6854745,"At Mainland we triple churn two natural ingredients, cream & salt, to create a pure & spreadable butter.
100% Pure Butter

Made to Spread

Over 50% less sodium than Mainland Buttersoft Salted.

No Oil. No Additives.",,,"Per 100g/ml
Per Serving
%DI
Energy
3070kJ
154kJ
2%
Protein
Less than 1g
Less than 1g
0%
Total Fat
82.4g
4.1g
6%
Saturated Fat
49.6g
2.5g
10%
Carbohydrate
Less than 1g
Less than 1g
0%
Sugars
Less than 1g
Less than 1g
0%
Sodium
200mg
10mg
0%
Potassium
22mg
Less than 5mg
* Percentage Daily Intakes are based on an average adult diet of 8700 kJ. Your daily intakes may be higher or lower depending on your energy needs.",,https://www.coles.com.au/product/mainland-butter-soft-salt-reduced-spreadable-butter-375g-6854745,,,2024-06-16T21:01:38.559769-04:00
"Ind54SColes_ADairy, Eggs & Fridge_SAButter & margarine_IFlora ProActiv Margarine Spread Original | 250g",Flora ProActiv Margarine Spread Original | 250g,Flora,"Dairy, Eggs & Fridge",Butter & margarine,Margarine,,$5.75,,,$2.30 per 100g,8146940,"This contains 2g of plant sterols, the optimal amount per day proven to lower cholesterol.
More than 3g of plant sterols per day do not provide additional benefits. If you are on cholesterol lowering medication please consult your doctor while using Flora ProActiv. ",,,"Per 100g/ml
Per Serving
%DI
Energy
2390kJ
239kJ
Protein
<1.0g
<1.0g
Total Fat
62.0g
6.2g
Saturated Fat
13.5
1.4g
Carbohydrate
<1.0g
<1.0g
Sugars
<1.0g
<1.0g
Sodium
360mg
36mg
Monounsaturated
22.8g
2.3g
Polyunsaturated
27.5g
2.8g
Potassium
27mg
3mg
Trans
0.5g
0.05g
* Percentage Daily Intakes are based on an average adult diet of 8700 kJ. Your daily intakes may be higher or lower depending on your energy needs.",,https://www.coles.com.au/product/flora-proactiv-margarine-spread-original-250g-8146940,,,2024-06-16T21:01:49.741151-04:00
"Ind54SColes_ADairy, Eggs & Fridge_SAButter & margarine_IColes Dairy Unsalted Butter Pat | 250g",Coles Dairy Unsalted Butter Pat | 250g,Coles,"Dairy, Eggs & Fridge",Butter & margarine,Butter,,$4.30,,,$1.72 per 100g,46883,Australian MadeButterUnsalted,,,"Per 100g/ml
Per Serving
%DI
Energy
3110
156
2
Protein
0.70
0.04
0
Total Fat
83.3
4.2
6
Saturated Fat
57.9
2.9
12
Carbohydrate
1.0
LESS THAN 1g
0
Sugars
0.70
0.04
0
Sodium
5
LESS THAN 5mg
0
Energy (Cal)
744
37
Dietary Fibre (total)
0.10
0.01
0
Potassium
20
LESS THAN 5mg
* Percentage Daily Intakes are based on an average adult diet of 8700 kJ. Your daily intakes may be higher or lower depending on your energy needs.",,https://www.coles.com.au/product/coles-dairy-unsalted-butter-pat-250g-46883,,,2024-06-16T21:02:00.775111-04:00
"Ind54SColes_ADairy, Eggs & Fridge_SAButter & margarine_IFlora Margarine Spread Buttery | 1kg",Flora Margarine Spread Buttery | 1kg,Flora,"Dairy, Eggs & Fridge",Butter & margarine,Margarine,,$6.95,,$8.95,$0.70 per 100g,3515299,"With a blend of nutritious seeds oils and just the right amount of buttermilk, Flora Buttery is a spread that gives you and your family all the benefits of plant goodness with the taste you love. It can be used for spreading, cooking and baking and is perfect for families who prefer an alternative to butter but still fancy something scrumptious. It contains 65% less saturated fat than butter and has no artificial colors or flavors.",,,"Per 100g/ml
Per Serving
%DI
Energy
2360kJ
236kJ
Protein
<1.0g
<1.0g
Total Fat
63.4g
6.3g
Saturated Fat
15.9g
1.6g
Carbohydrate
<1.0g
<1.0g
Sugars
<1.0g
<1.0g
Sodium
355mg
36mg
Vitamin E
16mg
Monounsaturated
20.3g
2.0g
Omega - 6
27.3g min
2.7g min
Polyunsaturated
26.7g
2.7g
Potassium
31mg
<5mg
Trans
0.5g
0.05g
* Percentage Daily Intakes are based on an average adult diet of 8700 kJ. Your daily intakes may be higher or lower depending on your energy needs.",,https://www.coles.com.au/product/flora-margarine-spread-buttery-1kg-3515299,,,2024-06-16T21:02:11.875372-04:00
"Ind54SColes_ADairy, Eggs & Fridge_SAButter & margarine_IWonder Dairy Free Spread | 400g",Wonder Dairy Free Spread | 400g,Wonder,"Dairy, Eggs & Fridge",Butter & margarine,Margarine,,$5.50,,,$1.38 per 100g,6946741,"Wonder Vitamins & Omega-3 Dairy Free is wonder-fully soft for spreading, wonder-fully tasty, and contains no artificial colours or flavours. Contains vitamins A&D and Omega-3 to support kids' normal growth & development, it is an easy and delicious way to give a nutritional boost to any meal or snack.
Wonder Spread Dairy Free is great for sandwiches to fill the lunchbox, or on a slice of toast in the morning before school. Help fuel kids' play with Wonder.",,,"Per 100g/ml
Per Serving
%DI
Energy
1700kJ
170kJ
2%
Protein
<1g
<1g
0%
Total Fat
46g
4.6g
7%
Saturated Fat
11.3g
1.1g
5%
Carbohydrate
<1g
<1g
0%
Sugars
<1g
<1g
0%
Sodium
340mg
35mg
1%
* Percentage Daily Intakes are based on an average adult diet of 8700 kJ. Your daily intakes may be higher or lower depending on your energy needs.",,https://www.coles.com.au/product/wonder-dairy-free-spread-400g-6946741,,,2024-06-16T21:02:24.170100-04:00
"Ind54SColes_ADairy, Eggs & Fridge_SAButter & margarine_IFlora Spread With Butter | 450g",Flora Spread With Butter | 450g,Flora,"Dairy, Eggs & Fridge",Butter & margarine,Margarine,,$6.00,,,$1.33 per 100g,5407300,"Flora with Butter is an irresistible blend of Flora with butter with a pinch of sea salt but with 40% less saturated fat than butter. From spreading on toast at breakfast, to baking or melting over new potatoes at dinner, Flora with Butter is a versatile kitchen essential and can be used straight from the fridge for simple, lovingly prepared meals.
40% less saturated fat than butter",,,"Per 100g/ml
Per Serving
%DI
Energy
2620kJ
262kJ
Protein
<1.0g
<1.0g
Total Fat
70.2g
7.0g
Saturated Fat
29.3g
2.9g
Carbohydrate
<1.0g
<1.0g
Sugars
<1.0g
<1.0g
Vitamin A
1100ug
110ug (15%RDI#)
Vitamin D
10.0ug
1.0ug (10%RDI#)
Sodium
475mg
48mg
Monounsaturated
23.9g
2.4g
Polyunsaturated
16.2g
1.6g
Trans
0.8g
0.08g
* Percentage Daily Intakes are based on an average adult diet of 8700 kJ. Your daily intakes may be higher or lower depending on your energy needs.",,https://www.coles.com.au/product/flora-spread-with-butter-450g-5407300,,,2024-06-16T21:02:35.214674-04:00
"Ind54SColes_ADairy, Eggs & Fridge_SAButter & margarine_IFlora Pro Activ Margarine Spread Original | 500g",Flora Pro Activ Margarine Spread Original | 500g,Flora,"Dairy, Eggs & Fridge",Butter & margarine,Margarine,,$7.50,,$10.00,$1.50 per 100g,8840843,"Flora ProActiv contain natural plant sterols. Eating 2g of plant sterols daily as part of a healthy diet and lifestyle has been clinically proven to lower cholesterol by up to 10%
within 21 days. May not be suitable for children under 5 years and pregnant or lactating women. There is no additional benefit when more than 3 grams per day is consumed.",,,"Per 100g/ml
Per Serving
%DI
Energy
2390kJ
239kJ
Protein
<1.0g
<1.0g
Total Fat
62.0g
6.2g
Saturated Fat
13.5g
1.4g
Carbohydrate
<1.0g
<1.0g
Sugars
<1.0g
<1.0g
Sodium
360mg
36mg
Monounsaturated
22.8g
2.3g
Polyunsaturated
27.5g
2.8g
Potassium
27mg
3mg
Trans
0.5g
0.05g
* Percentage Daily Intakes are based on an average adult diet of 8700 kJ. Your daily intakes may be higher or lower depending on your energy needs.",,https://www.coles.com.au/product/flora-pro-activ-margarine-spread-original-500g-8840843,,,2024-06-16T21:02:46.323855-04:00
"Ind54SColes_ADairy, Eggs & Fridge_SAButter & margarine_IWestgold Salted Butter | 400g",Westgold Salted Butter | 400g,Westgold,"Dairy, Eggs & Fridge",Butter & margarine,Butter,,$5.80,,,$1.45 per 100g,7075278,"Whether you're cooking up a storm or slathering it on your morning toast, there are so many ways for the rich flavours and indulgent-as textures of Westgold Butter to make your next meal, snack or treat extraordinary. Sourced from the lush, rain-drenched pastures of the wild West Coast of New Zealand's South Island, and traditionally churned with zero 'processing', chemicals or artificials - it's ridiculously creamy and wildly rich - just as nature intended.",,,,,https://www.coles.com.au/product/westgold-salted-butter-400g-7075278,,,2024-06-16T21:02:55.619860-04:00
"Ind54SColes_ADairy, Eggs & Fridge_SAButter & margarine_IColes Salted Butter | 500g",Coles Salted Butter | 500g,Coles,"Dairy, Eggs & Fridge",Butter & margarine,Butter,,$6.90,,,$1.38 per 100g,210160,Australian MadeButterSalted,,,"Per 100g/ml
Per Serving
%DI
Energy
3030
152
2
Protein
LESS THAN 1g
LESS THAN 1g
0
Total Fat
81.30
4.07
6
Saturated Fat
57.2
2.9
12
Carbohydrate
LESS THAN 1g
LESS THAN 1g
0
Sugars
0.60
0.03
0
Sodium
700
35
2
Energy (Cal)
725
36
Dietary Fibre (total)
0.00
0.00
0
* Percentage Daily Intakes are based on an average adult diet of 8700 kJ. Your daily intakes may be higher or lower depending on your energy needs.",,https://www.coles.com.au/product/coles-salted-butter-500g-210160,,,2024-06-16T21:03:06.636333-04:00
"Ind54SColes_ADairy, Eggs & Fridge_SAButter & margarine_IWestern Star Supersoft Spreadable Butter Blend | 500g",Western Star Supersoft Spreadable Butter Blend | 500g,Western Star,"Dairy, Eggs & Fridge",Butter & margarine,Blends,,$7.00,,,$1.40 per 100g,9615296,We've taken Australia's favourite Western Star taste and created our softest dairy spread. Ideal for spreading on the freshest of bread.,,,"Per 100g/ml
Per Serving
%DI
Energy
2190kJ
110kJ
1%
Protein
<1g
<1g
0
Total Fat
58.4g
2.9g
2.9g
Saturated Fat
24.7g
1.2g
5%
Carbohydrate
<1g
<1g
0
Sugars
<1g
<1g
0
Sodium
481mg
24mg
1%
Energy (Cal)
524Cal
26Cal
* Percentage Daily Intakes are based on an average adult diet of 8700 kJ. Your daily intakes may be higher or lower depending on your energy needs.",,https://www.coles.com.au/product/western-star-supersoft-spreadable-butter-blend-500g-9615296,,,2024-06-16T21:03:18.365353-04:00
"Ind54SColes_ADairy, Eggs & Fridge_SAButter & margarine_IWestgold Unsalted Butter | 400g",Westgold Unsalted Butter | 400g,Westgold,"Dairy, Eggs & Fridge",Butter & margarine,Butter,,$5.80,,,$1.45 per 100g,7085056,"Whether you're baking up a storm or slathering it on your morning toast, there are so many ways for the rich flavours and indulgent-as textures of Westgold Butter to make your next meal, snack or treat extraordinary. Sourced from the lush, rain-drenched pastures of the wild West Coast of New Zealand's South Island, and traditionally churned with zero 'processing', chemicals or artificials - it's ridiculously creamy and wildly rich - just as nature intended.",,,,,https://www.coles.com.au/product/westgold-unsalted-butter-400g-7085056,,,2024-06-16T21:03:27.935943-04:00
"Ind54SColes_ADairy, Eggs & Fridge_SAButter & margarine_IColes Olive Oil Spread | 500g",Coles Olive Oil Spread | 500g,Coles,"Dairy, Eggs & Fridge",Butter & margarine,Margarine,,$4.90,,,$0.98 per 100g,9641809,"Coles dairy olive oil spread, 500g. Contains 65% less saturated fat than butter. A vegetarian spread perfect on toast.",,,"Per 100g/ml
Per Serving
%DI
Energy
2508.00
250.80
Protein
0.10
0.01
Saturated Fat
16.8
1.7
7
Carbohydrate
0.50
0.05
Sugars
0.10
0.01
Saturated
16.80
1.68
Sodium
345.00
34.50
Monounsaturated
37.90
3.79
Energy (Cal)
600.00
60.00
Fat
67.40
6.74
Dietary Fibre (total)
0.50
0.05
Polyunsaturated
12.50
1.25
Trans
0.20
0.02
* Percentage Daily Intakes are based on an average adult diet of 8700 kJ. Your daily intakes may be higher or lower depending on your energy needs.",,https://www.coles.com.au/product/coles-olive-oil-spread-500g-9641809,,,2024-06-16T21:03:39.765690-04:00
"Ind54SColes_ADairy, Eggs & Fridge_SAButter & margarine_ILurpak Butter Spreadable Slightly Salted | 400g",Lurpak Butter Spreadable Slightly Salted | 400g,Lurpak,"Dairy, Eggs & Fridge",Butter & margarine,Blends,,$7.50,,,$1.88 per 100g,5376659,"There for as soon as the toast pops up, Lurpak Spreadable Slightly Salted has become a modern classic and kitchen staple with its distinct Lurpak taste. It is perfect for mixing with fresh ingredients such as chives or parsley to create flavoured butters.",,,"Per 100g/ml
Per Serving
%DI
Energy
2900kJ
725kJ
Protein
<1g
<1g
Total Fat
78g
19.5g
Saturated Fat
35g
8.75g
Carbohydrate
<1g
<1g
Sugars
<1g
<1g
Sodium
360mg
90mg
* Percentage Daily Intakes are based on an average adult diet of 8700 kJ. Your daily intakes may be higher or lower depending on your energy needs.",,https://www.coles.com.au/product/lurpak-butter-spreadable-slightly-salted-400g-5376659,,,2024-06-16T21:03:50.736926-04:00
"Ind54SColes_ADairy, Eggs & Fridge_SAButter & margarine_IColes Buttery Blend Spread | 500g",Coles Buttery Blend Spread | 500g,Coles,"Dairy, Eggs & Fridge",Butter & margarine,Blends,,$4.90,,,$0.98 per 100g,5469035,"Coles original butter blend, 500g. Australian made soft and spreadable butter, perfect for sandwiches and toast.",,,"Per 100g/ml
Per Serving
%DI
Energy
2062.30
206.23
Protein
0.10
0.01
Carbohydrate
0.40
0.04
Sugars
0.40
0.04
Sodium
383.00
38.30
Saturated
17.30
1.73
Monounsaturated
26.20
2.62
Energy (Cal)
493.37
49.34
Fat
55.40
5.54
Dietary Fibre (total)
0.50
0.05
Polyunsaturated
11.30
1.13
Trans
0.60
0.06
* Percentage Daily Intakes are based on an average adult diet of 8700 kJ. Your daily intakes may be higher or lower depending on your energy needs.",,https://www.coles.com.au/product/coles-buttery-blend-spread-500g-5469035,,,2024-06-16T21:04:03.514639-04:00
"Ind54SColes_ADairy, Eggs & Fridge_SA_IColes Simply Regular Spread | 1kg",Coles Simply Regular Spread | 1kg,Coles,"Dairy, Eggs & Fridge",,,,$3.30,,,$0.33 per 100g,5428639,"Coles Regular spread, 1kg tub. Dairy free, suitable for vegetarians, spread perfect in sandwiches or on toast.",,,"Per 100g/ml
Per Serving
%DI
Energy
1927.06
192.71
Protein
0.09
0.01
Carbohydrate
0.09
0.01
Sugars
0.09
0.01
Sodium
340.00
34.00
Saturated
11.80
1.18
Monounsaturated
27.40
2.74
Energy (Cal)
461.02
46.10
Fat
52.00
5.20
Dietary Fibre (total)
0.00
0.00
Polyunsaturated
12.60
1.26
Trans
0.20
0.02
* Percentage Daily Intakes are based on an average adult diet of 8700 kJ. Your daily intakes may be higher or lower depending on your energy needs.",,https://www.coles.com.au/product/coles-simply-regular-spread-1kg-5428639,,,2024-06-16T21:04:15.565241-04:00
"Ind54SColes_ADairy, Eggs & Fridge_SAButter & margarine_IColes Simply Unsalted Butter | 250g",Coles Simply Unsalted Butter | 250g,Coles,"Dairy, Eggs & Fridge",Butter & margarine,Butter,,$3.70,,,$1.48 per 100g,3169879,"Coles Dairy unsalted butter, 250g. A rich, smooth and creamy butter. Ideal for baking your favourite cakes and adding and buttery goodness to your favourite savoury dishes. Product of New Zealand.",,,"Per 100g/ml
Per Serving
%DI
Energy
3083.90
154.20
Protein
1.00
0.05
Carbohydrate
1.50
0.08
Sugars
0.60
0.03
Sodium
6.00
0.30
Saturated
58.30
2.92
Energy (Cal)
737.78
36.89
Fat
82.20
4.11
Dietary Fibre (total)
0.00
0.00
* Percentage Daily Intakes are based on an average adult diet of 8700 kJ. Your daily intakes may be higher or lower depending on your energy needs.","INGREDIENTS: Cream (Milk), Water. Minimum 80% Milk fat.",https://www.coles.com.au/product/coles-simply-unsalted-butter-250g-3169879,,,2024-06-16T21:04:27.395832-04:00
"Ind54SColes_ADairy, Eggs & Fridge_SAButter & margarine_IFlora ProActiv Margarine Spread Original | 750g",Flora ProActiv Margarine Spread Original | 750g,Flora,"Dairy, Eggs & Fridge",Butter & margarine,Margarine,,$12.00,,,$1.60 per 100g,1991953,"This contains 2g of plant sterols, the optimal amount per day proven to lower cholesterol.
More than 3g of plant sterols per day do not provide additional benefits. If you are on cholesterol lowering medication please consult your doctor while using Flora ProActiv.",,,"Per 100g/ml
Per Serving
%DI
Energy
2390kJ
239kJ
Protein
<1.0g
<1.0g
Total Fat
62.0g
6.2g
Saturated Fat
13.5g
1.4g
Carbohydrate
<1.0g
<1.0g
Sugars
<1.0g
<1.0g
Sodium
27mg
3mg
Monounsaturated
22.8g
2.3g
Dietary Fibre (total)
360mg
36mg
Polyunsaturated
27.5g
2.8g
Trans
0.5g
0.05g
* Percentage Daily Intakes are based on an average adult diet of 8700 kJ. Your daily intakes may be higher or lower depending on your energy needs.",,https://www.coles.com.au/product/flora-proactiv-margarine-spread-original-750g-1991953,,,2024-06-16T21:04:39.980412-04:00
"Ind54SColes_ADairy, Eggs & Fridge_SAButter & margarine_ILurpak Butter Garlic | 125g",Lurpak Butter Garlic | 125g,Lurpak,"Dairy, Eggs & Fridge",Butter & margarine,Butter,,$3.00,,$3.50,$2.40 per 100g,1730188,"The creaminess of Lurpak with the rich taste of garlic, Lurpak with Crushed Garlic is the ideal combination. Perfect for spreading, slathering or searing; it comes in a compact 125g size with 1-inch thick blocks, making it simple to slice off only what you need.",,,"Per 100g/ml
Per Serving
%DI
Energy
2860kJ
286kJ
Protein
1.2g
0.12g
Total Fat
75g
7.5g
Saturated Fat
48g
4.8g
Carbohydrate
2.7g
0.27g
Sugars
1.6g
0.16g
Sodium
792mg
79.2mg
* Percentage Daily Intakes are based on an average adult diet of 8700 kJ. Your daily intakes may be higher or lower depending on your energy needs.",,https://www.coles.com.au/product/lurpak-butter-garlic-125g-1730188,,,2024-06-16T21:04:51.751021-04:00
"Ind54SColes_ADairy, Eggs & Fridge_SAButter & margarine_IWestern Star Spreadable Blend Regular Salt Reduced | 375g",Western Star Spreadable Blend Regular Salt Reduced | 375g,Western Star,"Dairy, Eggs & Fridge",Butter & margarine,Blends,,$4.80,,$6.00,$1.28 per 100g,7716827,"Enjoy the five-star quality and taste of Western Star Original spreadable, with 40% less salt than Western Star Spreadable Original*.

Softn'Less Salt is the lowest salt spreadable in the Western Star family, perfect for sandwiches. Ideal for those watching their salt intake.",,,"Per 100g/ml
Per Serving
%DI
Energy
2570kJ
129kJ
2%
Protein
<1g
<1g
0%
Total Fat
68.4g
3.4g
5%
Saturated Fat
28.1g
1.4g
7%
Carbohydrate
1.2g
<1g
0%
Sugars
1.2g
<1g
0%
Sodium
285mg
14mg
1%
Monounsaturated
0
0
0
Energy (Cal)
0
0
0
Dietary Fibre (total)
0
0
0
Polyunsaturated
0
0
0
Potassium
70mg
Less than 5mg
0
Trans
0
0
0
* Percentage Daily Intakes are based on an average adult diet of 8700 kJ. Your daily intakes may be higher or lower depending on your energy needs.",,https://www.coles.com.au/product/western-star-spreadable-blend-regular-salt-reduced-375g-7716827,,,2024-06-16T21:05:04.204132-04:00
"Ind54SColes_ADairy, Eggs & Fridge_SAButter & margarine_IYork Foods Lard | 250g",York Foods Lard | 250g,York Foods,"Dairy, Eggs & Fridge",Butter & margarine,Alternative Spreads,,$4.50,,,$1.80 per 100g,2256468,"York foods Lard is the secret ingredients chefs use to make the perfect pastry and cakes. This one is made the traditional way. Whether you're looking to add depth of flavour to roasts or want to relive your memories from your youth when grandma baked Sunday dessert, we really can't stress enough that a jar of lard and dripping should be added to your larder.
Non-Homogenised
Non-Deodorised
Non-Hydrogenated
Australian made.",,,,Pork Fat.,https://www.coles.com.au/product/york-foods-lard-250g-2256468,,,2024-06-16T21:05:13.309714-04:00
"Ind54SColes_ADairy, Eggs & Fridge_SAButter & margarine_ILurpak Butter Lighter Spreadable Slightly Salted | 250g",Lurpak Butter Lighter Spreadable Slightly Salted | 250g,Lurpak,"Dairy, Eggs & Fridge",Butter & margarine,Blends,,$5.50,,,$2.20 per 100g,7175363,"Lighter*
*25% less fat than Lurpak Spreadable.
Lurpak Lighter Spreadable gives you the best of both worlds. The slightly salted Lurpak taste you love, but with 25% less saturated fat. Smother over a hot jacket potato or add to gravy for extra glossiness.",,,"Per 100g/ml
Per Serving
%DI
Energy
2120kJ
212kJ
Protein
0.3g
0.03g
Total Fat
57g
5.7g
Saturated Fat
22g
2.2g
Carbohydrate
0.4g
0.04g
Sugars
0.4g
0.04g
Sodium
363mg
36mg
Potassium
10mg
1mg
* Percentage Daily Intakes are based on an average adult diet of 8700 kJ. Your daily intakes may be higher or lower depending on your energy needs.",,https://www.coles.com.au/product/lurpak-butter-lighter-spreadable-slightly-salted-250g-7175363,,,2024-06-16T21:05:24.947906-04:00
"Ind54SColes_ADairy, Eggs & Fridge_SAButter & margarine_IOlive Grove Classic Olive Oil Margarine Tub | 500g",Olive Grove Classic Olive Oil Margarine Tub | 500g,Olive Grove,"Dairy, Eggs & Fridge",Butter & margarine,Margarine,,$6.30,,,$1.26 per 100g,5448589,"Made with the natural goodness of olive oil, Olive Grove Classic Olive Oil Spread is great tasting and perfect for cooking a range of dishes. It's also a delicious spread on toast with sweet or savoury toppings. Ideal for spreading, cooking or baking, this spread helps you to create fresh flavoursome food. Made with the goodness of olive oil, this spread contains 65% less saturated fat compared to butter*. Olive Grove Classic Olive Oil Spread also provides a source of Omega 9.
*16.2g/100g saturated fat compared to 53.8g/100g in butter (Food Standards Australia and New Zealand 2019) Made with the natural goodness of olive oil, Olive Grove Classic Olive Oil Spread contains 65% less saturated fat than butter. Great for cooking and baking.",,,"Per 100g/ml
Per Serving
%DI
Energy
2220kJ
220kJ
0.03%
Protein
<1g
<1g
0%
Total Fat
60g
6g
0.09%
Saturated Fat
16.2g
1.6g
0.07%
Carbohydrate
<1g
<1g
0%
Sugars
<1g
<1g
0%
Sodium
340mg
35mg
0.02%
Monounsaturated
30.5g
3.1g
Polyunsaturated
13g
1.3g
Potassium
30mg
3mg
Trans
0.3g
<1g
* Percentage Daily Intakes are based on an average adult diet of 8700 kJ. Your daily intakes may be higher or lower depending on your energy needs.","Vegetable oils 60% (containing minimum 19% olive oil), water, salt, emulsifiers (471, 322 (from soy)), milk solids, preservative (202), food acid (270), colour (160a), flavour, vitamins A & D.",https://www.coles.com.au/product/olive-grove-classic-olive-oil-margarine-tub-500g-5448589,,,2024-06-16T21:32:41.020706-04:00
"Ind54SColes_ADairy, Eggs & Fridge_SAButter & margarine_INuttelex Baking Blend Vegan Margarine | 500g",Nuttelex Baking Blend Vegan Margarine | 500g,Nuttelex,"Dairy, Eggs & Fridge",Butter & margarine,Blends,,$5.60,,,$1.12 per 100g,6804893,"Made for all the bakers, creators & kitchen heroes who asked us for an extra rich, plant-based & allergy-friendly baking-blend to create the best buttercream frosting, cakes, biscuits and pastries. Brimming with buttery flavour it's also perfect on roasts, toast and sandwiches too.",,,"Per 100g/ml
Per Serving
%DI
Energy
2900kJ
2900kJ
Protein
0g
0g
Total Fat
80g
80g
Saturated Fat
20.4g
20.4g
Carbohydrate
0g
0g
Sugars
0g
0g
Lactose
0g
0g
Sodium
340mg
340mg
Monounsaturated
39.8g
39.8g
Dietary Fibre (total)
0g
0g
Polyunsaturated
19.4g
19.4g
Galactose
0g
0g
Gluten
0mg
0mg
Trans
0.4g
0.4g
* Percentage Daily Intakes are based on an average adult diet of 8700 kJ. Your daily intakes may be higher or lower depending on your energy needs.",,https://www.coles.com.au/product/nuttelex-baking-blend-vegan-margarine-500g-6804893,,,2024-06-16T21:32:52.650973-04:00
"Ind54SColes_ADairy, Eggs & Fridge_SAButter & margarine_IFlora ProActiv Margarine Spread Light | 500g",Flora ProActiv Margarine Spread Light | 500g,Flora,"Dairy, Eggs & Fridge",Butter & margarine,Margarine,,$7.50,,$10.00,$1.50 per 100g,9410760,"Flora ProActiv contain natural plant sterols. Eating 2g of plant sterols daily as part of a healthy diet and lifestyle has been clinically proven to lower cholesterol by up to 10%
within 21 days. May not be suitable for children under 5 years and pregnant or lactating women. There is no additional benefit when more than 3 grams per day is consumed.",,,"Per 100g/ml
Per Serving
%DI
Energy
1540kJ/100g
154kJ
Protein
<0.1g/100g
<0.1g
Total Fat
40.5g/100g
4.1g
Saturated Fat
9.0g/100g
0.9g
Carbohydrate
1.9g/100g
0.2g
Sugars
0.1g/100g
<0.1g
Sodium
360mg/100g
36mg
Monounsaturated
14.3g
1.4g
Polyunsaturated
16.9g
1.7g
Potassium
38mg
4mg
Trans
0.4g
0.04g
* Percentage Daily Intakes are based on an average adult diet of 8700 kJ. Your daily intakes may be higher or lower depending on your energy needs.",,https://www.coles.com.au/product/flora-proactiv-margarine-spread-light-500g-9410760,,,2024-06-16T21:33:03.900631-04:00
"Ind54SColes_ADairy, Eggs & Fridge_SAButter & margarine_IWonder Dairy Free Spread | 400g",Wonder Dairy Free Spread | 400g,Wonder,"Dairy, Eggs & Fridge",Butter & margarine,Margarine,,$5.50,,,$1.38 per 100g,6946741,"Wonder Vitamins & Omega-3 Dairy Free is wonder-fully soft for spreading, wonder-fully tasty, and contains no artificial colours or flavours. Contains vitamins A&D and Omega-3 to support kids' normal growth & development, it is an easy and delicious way to give a nutritional boost to any meal or snack.
Wonder Spread Dairy Free is great for sandwiches to fill the lunchbox, or on a slice of toast in the morning before school. Help fuel kids' play with Wonder.",,,"Per 100g/ml
Per Serving
%DI
Energy
1700kJ
170kJ
2%
Protein
<1g
<1g
0%
Total Fat
46g
4.6g
7%
Saturated Fat
11.3g
1.1g
5%
Carbohydrate
<1g
<1g
0%
Sugars
<1g
<1g
0%
Sodium
340mg
35mg
1%
* Percentage Daily Intakes are based on an average adult diet of 8700 kJ. Your daily intakes may be higher or lower depending on your energy needs.",,https://www.coles.com.au/product/wonder-dairy-free-spread-400g-6946741,,,2024-06-16T21:33:15.966938-04:00
"Ind54SColes_ADairy, Eggs & Fridge_SAButter & margarine_INuttelex Olive Spread | 500g",Nuttelex Olive Spread | 500g,Nuttelex,"Dairy, Eggs & Fridge",Butter & margarine,Margarine,,$4.95,,$5.80,$0.99 per 100g,5384679,"Made with the goodness of monounsaturated natural Olive Oil, Nuttelex Olive has 65% less saturated fat than butter and 50% less salt than regular margarine. Big on flavour it partners perfectly with your favourite pastas, roasted vegetable dishes and gourmet breads. Naturally free from artificial colours and flavours #VegetarianandVegan #Dairyfree #Lactosefree #Cholesterolfreeoils #Nutoilfree #Saltreduced #Glutenfree #GMFree",,,"Per 100g/ml
Per Serving
%DI
Energy
2430kJ
243kJ
0%
Protein
0g
0g
0%
Total Fat
65g
6.5g
0%
Saturated Fat
17.8g
1.8g
0%
Carbohydrate
0g
0g
0%
Sugars
0g
0g
0%
Cholesterol
0mg
0mg
0%
Vitamin A
1100ug
110ug
15%
Lactose
0g
0g
0%
Vitamin D
10ug
1ug
10%
Sodium
340mg
34mg
0%
Vitamin E
30mg
3mg
30%
Monounsaturated
33.9g
3.4g
0%
Dietary Fibre (total)
0g
0g
Polyunsaturated
12.9g
1.3g
0%
Galactose
0g
0g
Gluten
0mg
0mg
0%
Potassium
10mg
1mg
0%
Trans
0.4g
0.04g
0%
* Percentage Daily Intakes are based on an average adult diet of 8700 kJ. Your daily intakes may be higher or lower depending on your energy needs.",,https://www.coles.com.au/product/nuttelex-olive-spread-500g-5384679,,,2024-06-16T21:33:26.862883-04:00
"Ind54SColes_ADairy, Eggs & Fridge_SAButter & margarine_INuttelex Buttery Spread | 500g",Nuttelex Buttery Spread | 500g,Nuttelex,"Dairy, Eggs & Fridge",Butter & margarine,Margarine,,$5.20,,,$1.04 per 100g,3056920,"A favourite for those who just love the taste of butter - but want a healthier option. Enjoy a dollop on your veggies, topped on your toast or use in any traditional butter-based recipe to make it just that little bit better.
#Vegetarianandvegan #Dairyfree #Lactosefree #Cholesterolfreeoils #Nutoilfree #Saltreduced #Glutenfree #GMFree",,,"Per 100g/ml
Per Serving
%DI
Energy
2400kJ
240kJ
Protein
0g
0g
Total Fat
65g
6.5g
Saturated Fat
16.9g
1.7g
Carbohydrate
0g
0g
Sugars
0g
0g
Cholesterol
0mg
0mg
Vitamin A
1100ug
110ug
15%
Lactose
0g
0g
Vitamin D
10ug
1ug
10%
Sodium
340mg
34mg
Vitamin E
30mg
3mg
30%
Monounsaturated
30.1g
3g
Dietary Fibre (total)
0g
0g
Polyunsaturated
17.9g
1.8g
Galactose
0g
0g
Gluten
0mg
0mg
Potassium
10mg
1mg
Trans
0.1g
0.01g
* Percentage Daily Intakes are based on an average adult diet of 8700 kJ. Your daily intakes may be higher or lower depending on your energy needs.",,https://www.coles.com.au/product/nuttelex-buttery-spread-500g-3056920,,,2024-06-16T21:33:38.679132-04:00
"Ind54SColes_ADairy, Eggs & Fridge_SAButter & margarine_IColes Organic Unsalted Butter | 250g",Coles Organic Unsalted Butter | 250g,Coles,"Dairy, Eggs & Fridge",Butter & margarine,Butter,,$4.85,,,$1.94 per 100g,3938260,"Coles Dairy organic unsalted butter 250g. Made with Australian certified organic fresh milk. We partner with Certified Organic growers and producers, to bring you high-quality, great tasting and trusted organic products, so you can enjoy the goodness of nature, everyday.",,,"Per 100g/ml
Per Serving
%DI
Energy
3150
158
2
Protein
0.60
0.03
0
Total Fat
84.7
4.2
6
Saturated Fat
60.05
3.00
13
Carbohydrate
LESS THAN 1g
LESS THAN 1g
0
Sugars
0.55
0.03
0
Sodium
7
LESS THAN 5mg
0
Energy (Cal)
754
38
Dietary Fibre (total)
0.00
0.00
0
* Percentage Daily Intakes are based on an average adult diet of 8700 kJ. Your daily intakes may be higher or lower depending on your energy needs.",,https://www.coles.com.au/product/coles-organic-unsalted-butter-250g-3938260,,,2024-06-16T21:33:49.667510-04:00
"Ind54SColes_ADairy, Eggs & Fridge_SAButter & margarine_IColes Spreadable Dairy Blend | 750g",Coles Spreadable Dairy Blend | 750g,Coles,"Dairy, Eggs & Fridge",Butter & margarine,Blends,,$7.30,,,$0.97 per 100g,4655180,Made with Australian MilkSALTED,,,"Per 100g/ml
Per Serving
%DI
Energy
2270
113
1
Protein
0.5
0.025
Total Fat
60.3
3.0
4
Saturated Fat
25.2
1.3
5
Carbohydrate
1.3
LESS THAN 1g
0
Sugars
0.8
0.04
Sodium
413
21
1
Saturated
28.3
1.415
Energy (Cal)
542
27
Fat
59
2.95
Dietary Fibre (total)
0
0
trans
1.6
LESS THAN 0.1g
* Percentage Daily Intakes are based on an average adult diet of 8700 kJ. Your daily intakes may be higher or lower depending on your energy needs.",,https://www.coles.com.au/product/coles-spreadable-dairy-blend-750g-4655180,,,2024-06-16T21:34:00.841404-04:00
"Ind54SColes_ADairy, Eggs & Fridge_SAMilk_IPauls Farmhouse Gold Full Cream Milk | 1.5L",Pauls Farmhouse Gold Full Cream Milk | 1.5L,Pauls,"Dairy, Eggs & Fridge",Milk,Full cream milk,,$4.40,,,$2.93 per 1L,2750602,"Farmhouse Gold is perfect for those who love the traditional taste of real milk. Made with fresh wholesome milk from Australian farms, Farmhouse Gold Full Cream has a deliciously rich, extra creamy taste you will savour. Milk, the way it was meant to be. ",,,"Per 100g/ml
Per Serving
%DI
Energy
317 kJ
792 kJ
Protein
3.4g
8.5g
Total Fat
4.7g
11.8g
Saturated Fat
3.1g
7.7g
Carbohydrate
4.8g
12g
Sugars
4.8g
12g
Calcium
123mg
307mg
38%
Sodium
41mg
102mg
Energy (Cal)
76 Cal
189 Cal
* Percentage Daily Intakes are based on an average adult diet of 8700 kJ. Your daily intakes may be higher or lower depending on your energy needs.",,https://www.coles.com.au/product/pauls-farmhouse-gold-full-cream-milk-1.5l-2750602,,,2024-06-16T21:34:11.922031-04:00
"Ind54SColes_ADairy, Eggs & Fridge_SA_IFlora ProActiv Margarine Spread Buttery | 500g",Flora ProActiv Margarine Spread Buttery | 500g,Flora,"Dairy, Eggs & Fridge",,,,$7.50,,$10.00,$1.50 per 100g,8085029,"Flora ProActiv contain natural plant sterols. Eating 2g of plant sterols daily as part of a healthy diet and lifestyle has been clinically proven to lower cholesterol by up to 10%
within 21 days. May not be suitable for children under 5 years and pregnant or lactating women. There is no additional benefit when more than 3 grams per day is consumed.",,,"Per 100g/ml
Per Serving
%DI
Energy
2410kJ/100g
241kJ
Protein
<1.0g/100g
<1.0g
Total Fat
62.1g/100g
6.2g
Saturated Fat
13.9g/100g
1.4g
Carbohydrate
<1.0g/100g
<1.0g
Sugars
<1.0g/100g
<1.0g
Sodium
360mg/100g
36mg
Monounsaturated
22.8g
2.3g
Polyunsaturated
27.5g
2.8g
Potassium
36mg
4mg
Trans
0.5g
0.05g
* Percentage Daily Intakes are based on an average adult diet of 8700 kJ. Your daily intakes may be higher or lower depending on your energy needs.",,https://www.coles.com.au/product/flora-proactiv-margarine-spread-buttery-500g-8085029,,,2024-06-16T21:34:23.018839-04:00
"Ind54SColes_ADairy, Eggs & Fridge_SA_IMeadow Lea Original Margarine Spread | 1kg",Meadow Lea Original Margarine Spread | 1kg,Meadow Lea,"Dairy, Eggs & Fridge",,,,$6.65,,,"$0.67 per 100g
Was $7.00 on Apr 2024",224267,"Spread Happiness Enjoy your toast and sandwiches with a tasty margarine spread on top. MeadowLea Spread is made from natural plant seeds, making it great for both spreading onto bread and cooking a range of recipes. Made in Australia since 1939, MeadowLea Spread has become an Australian household staple. This spread contains natural colour and flavour and is a classic spread for your favourite toast toppers, ham and cheese sandwiches or for baking cakes and cookies. Made from natural plant seeds, a source of Omega 3. 70% less saturated fat than butter. Natural colour and flavour MeadowLea Spread has been Made in Australia since 1939. Great for toast, sandwiches, sauces, baking and savoury recipes.",,,"Per 100g/ml
Per Serving
%DI
Energy
2220kJ
220kJ
3%
Protein
<1g
<1g
0%
Total Fat
60g
6g
9%
Saturated Fat
15.3g
1.5g
6%
Carbohydrate
<1g
<1g
0%
Sugars
<1g
<1g
0%
Alpha-linolenic acid
4.2g
0.4g
Vitamin A
1000ug
100ug
Vitamin D
10ug
1ug
Sodium
340mg
35mg
2%
Monounsaturated
30g
3g
Polyunsaturated
14.3g
1.4g
Trans
0.4g
<0.1g
* Percentage Daily Intakes are based on an average adult diet of 8700 kJ. Your daily intakes may be higher or lower depending on your energy needs.",,https://www.coles.com.au/product/meadow-lea-original-margarine-spread-1kg-224267,,,2024-06-16T21:34:34.459213-04:00
"Ind54SColes_ADairy, Eggs & Fridge_SAPackaged Breads_IColes Happy Gut Wholemeal | 700g",Coles Happy Gut Wholemeal | 700g,Coles,"Dairy, Eggs & Fridge",Packaged Breads,Digestive Health & Speciality Bread,,$3.30,,,$0.47 per 100g,4727962,"BARLEYmax to promote gut health 1.8g prebiotic fibre per serve Rich in fibre Vegan. Simply add your favourite filling, for the perfect snack",,,,"INGREDIENTS: Water, Wholemeal Wheat Flour (25%), Wheat Flour, +BARLEYmax (Barley) Flakes (15%), Wheat Gluten, Yeast, Vinegar, Iodised Salt, Canola Oil, Soy Flour, Fermented Wheat Flour, Malted Barley Flour, Vegetable Emulsifiers (481, 471, 472e), Vitamins (Thiamin, Folic Acid), Processing Aids (Wheat).",https://www.coles.com.au/product/coles-happy-gut-wholemeal-700g-4727962,,,2024-06-16T21:36:23.657495-04:00
"Ind54SColes_ADairy, Eggs & Fridge_SACheese_IColes Cheese Shredded Tasty | 700g",Coles Cheese Shredded Tasty | 700g,Coles,"Dairy, Eggs & Fridge",Cheese,Grated cheese,,$9.50,,,$13.57 per 1kg,8145335,"Matured for a rich & tasty flavour, perfect for baking and cooking. Made with Australian milk.",,,"Per 100g/ml
Per Serving
%DI
Energy
1732.9
433.23
Protein
24.6
6.15
Carbohydrate
0.1
0.03
Sugars
0.1
0.03
Calcium
687
171.75
Sodium
675
168.75
Saturated
25.3
6.33
Energy (Cal)
414.57
103.64
Fat
35.4
8.85
Dietary Fibre (total)
0.4
0.1
* Percentage Daily Intakes are based on an average adult diet of 8700 kJ. Your daily intakes may be higher or lower depending on your energy needs.",,https://www.coles.com.au/product/coles-cheese-shredded-tasty-700g-8145335,,,2024-06-16T21:36:34.782472-04:00
"Ind54SColes_ADairy, Eggs & Fridge_SACheese_ISouth Cape Danish Style Fetta | 200g",South Cape Danish Style Fetta | 200g,South Cape,"Dairy, Eggs & Fridge",Cheese,Feta cheese,,$6.50,,,$32.50 per 1kg,7117243,"South Cape Danish Style Fetta is a smooth, creamy bright white fetta with a mild flavour and tangy aftertaste. It has a firm texture which slices easily. Best served with salad and paired with sparkling. Liberate your plate with South Cape.",,,"Per 100g/ml
Per Serving
%DI
Energy
940kJ
235kJ
0%
Protein
15.1g
3.775g
0%
Total Fat
18g
4.5g
0%
Saturated Fat
11.7g
2.925g
0%
Carbohydrate
<1g
<1g
0%
Sugars
<1g
<1g
0%
Calcium
425mg
106.25mg
0%
Sodium
1179mg
294.75mg
0%
* Percentage Daily Intakes are based on an average adult diet of 8700 kJ. Your daily intakes may be higher or lower depending on your energy needs.",,https://www.coles.com.au/product/south-cape-danish-style-fetta-200g-7117243,,,2024-06-16T21:36:45.585862-04:00
"Ind54SColes_ADairy, Eggs & Fridge_SACheese_IBulla Dairy Low Fat Cottage Cheese Original | 500g",Bulla Dairy Low Fat Cottage Cheese Original | 500g,Bulla,"Dairy, Eggs & Fridge",Cheese,Brie & soft cheese,,$6.00,,,$12.00 per 1kg,394008,"Bulla Cottage Cheese 500g is a high protein versatile cheese that is 97% fat free and vegetarian friendly. Bulla Cottage Cheese is handmade in country Victoria, from fresh milk delivered daily.Australian family owned and made.",,,"Per 100g/ml
Per Serving
%DI
Energy
344kJ
344kJ
4%
Protein
12g
12g
24%
Total Fat
1.8g
1.8g
3%
Saturated Fat
1.2g
1.2g
5%
Carbohydrate
4.3g
4.3g
1%
Sugars
4.2g
4.2g
5%
Calcium
106mg
106mg
13%
Sodium
312mg
312mg
14%
* Percentage Daily Intakes are based on an average adult diet of 8700 kJ. Your daily intakes may be higher or lower depending on your energy needs.","FRESH SKIM MILK, FRESH CREAM (MILK), MILK SOLIDS, SALT, PRESERVATIVE (202), THICKENERS (GUAR GUM, XANTHAN GUM, LOCUST BEAN GUM, PROCESSED EUCHEUMA SEAWEED), ACIDITY REGULATOR (CITRIC ACID), CULTURES (MILK).",https://www.coles.com.au/product/bulla-dairy-low-fat-cottage-cheese-original-500g-394008,,,2024-06-16T21:36:56.837522-04:00
"Ind54SColes_ADairy, Eggs & Fridge_SADairy, chilled & frozen_IColes Cheese Shredded Mexican Blend | 250g",Coles Cheese Shredded Mexican Blend | 250g,Coles,"Dairy, Eggs & Fridge","Dairy, chilled & frozen",Cheese & desserts,,$5.00,,,"$20.00 per 1kg
Was $5.50 on Apr 2024",6795613,SOFT & STRETCHY THREE CHEESE BLEND WITH A MEDIUM HEAT. PERFECT FOR MEXICAN INSPIRED DISHES.,,,"Per 100g/ml
Per Serving
%DI
Energy
1418.93
354.73
Protein
24.70
6.18
Total Fat
26.7
6.7
10
Saturated Fat
19.4
4.9
20
Carbohydrate
0.09
0.02
Sugars
0.09
0.02
Calcium
700.00
175.00
Sodium
596.00
149.00
Saturated
19.40
4.85
Energy (Cal)
339.46
84.86
Fat
26.70
6.68
Dietary Fibre (total)
1.20
0.30
* Percentage Daily Intakes are based on an average adult diet of 8700 kJ. Your daily intakes may be higher or lower depending on your energy needs.",,https://www.coles.com.au/product/coles-cheese-shredded-mexican-blend-250g-6795613,,,2024-06-16T21:37:07.849967-04:00
"Ind54SColes_ADairy, Eggs & Fridge_SACheese_IGreat Ocean Road Extra Tasty Cheese Block | 500g",Great Ocean Road Extra Tasty Cheese Block | 500g,Great Ocean Road,"Dairy, Eggs & Fridge",Cheese,Block cheese,,$10.30,,,$20.60 per 1kg,9182202,"Our full flavoured tasty cheddar, just a little bit more extra ordinary.Born on the Great Ocean Road in Victoria, our products are made with 100% Australian milk sourced predominately from farmers in South West Victoria.- Extra Tasty Cheese- Extra Tasty Cheese Block",,,"Per 100g/ml
Per Serving
%DI
Energy
1750kJ
438kJ
0%
Protein
27g
7g
0%
Total Fat
34g
8g
0%
Saturated Fat
23.5g
6g
0%
Carbohydrate
<1g
<1g
0%
Sugars
<1g
<1g
0%
Calcium
750mg
188mg
23%
Sodium
650mg
163mg
0%
* Percentage Daily Intakes are based on an average adult diet of 8700 kJ. Your daily intakes may be higher or lower depending on your energy needs.",,https://www.coles.com.au/product/great-ocean-road-extra-tasty-cheese-block-500g-9182202,,,2024-06-16T21:37:18.931703-04:00
"Ind54SColes_ADairy, Eggs & Fridge_SACheese_IBega Strong & Bitey Vintage Cheese Block | 250g",Bega Strong & Bitey Vintage Cheese Block | 250g,Bega,"Dairy, Eggs & Fridge",Cheese,Block cheese,,$7.50,,,$30.00 per 1kg,166557,Bega Cheese Strong & Bitey Vintage Block 250g,,,"Per 100g/ml
Per Serving
%DI
Energy
1720kJ
430kJ
5%
Protein
24.8g
6.2g
12%
Total Fat
34.7g
8.7g
12%
Saturated Fat
23.8g
6.0g
25%
Carbohydrate
LESS THAN 1g
LESS THAN 1g
0%
Sugars
LESS THAN 1g
LESS THAN 1g
0%
Calcium
738mg
185mg (23% RDI)
Sodium
650mg
163mg
7%
* Percentage Daily Intakes are based on an average adult diet of 8700 kJ. Your daily intakes may be higher or lower depending on your energy needs.","Milk, Salt, Cultures, Enzyme (Non-Animal Rennet).",https://www.coles.com.au/product/bega-strong-and-bitey-vintage-cheese-block-250g-166557,,,2024-06-16T21:37:29.853868-04:00
"Ind54SColes_ADairy, Eggs & Fridge_SACheese_IPhiladelphia Sweet Chilli Pourover | 150g",Philadelphia Sweet Chilli Pourover | 150g,Philadelphia,"Dairy, Eggs & Fridge",Cheese,Cream cheese & spreads,,$4.00,,,$26.67 per 1kg,3274487,"It is Philadelphia Originalcream cheese with the delicious taste of sweet chilli sauce that acts as pourover and is ideal as a dip with crackers or crisp bread.  Philadelphia Sweet Chilli is fantastically versatile and can be the perfect twist you are looking for a delicious  dinner with pasta or even wraps
Delicious Sweet Chilli Sauce

Perfect for entertaining

Deliciously Creamy

Philadelphia is made in Australia since 1956

No artificial colours or flavours

Made with at least 90% Australian ingredients.

100% recyclable.",,,"Per 100g/ml
Per Serving
%DI
Energy
895kJ
224kJ
3%
Protein
3.8g
<1.0g
2%
Total Fat
16.4g
4.1g
6%
Saturated Fat
11.4g
2.9g
12%
Carbohydrate
13.1g
3.3g
1%
Sugars
12.5g
3.1g
3%
Sodium
344mg
86mg
4%
Monounsaturated
0
0
0
Energy (Cal)
0
0
0
Dietary Fibre (total)
0
0
0
Polyunsaturated
0
0
0
Trans
0
0
0
* Percentage Daily Intakes are based on an average adult diet of 8700 kJ. Your daily intakes may be higher or lower depending on your energy needs.",,https://www.coles.com.au/product/philadelphia-sweet-chilli-pourover-150g-3274487,,,2024-06-16T21:37:40.907370-04:00
"Ind54SColes_ADairy, Eggs & Fridge_SACheese_ITasmanian Heritage Little Entertainers Trilogy Summer Herbs Vintage Cheddar & Sundired Tomato | 80g",Tasmanian Heritage Little Entertainers Trilogy Summer Herbs Vintage Cheddar & Sundired Tomato | 80g,Tasmanian,"Dairy, Eggs & Fridge",Cheese,Cheddar & tasty cheese,,$4.80,Pick any 3 for $12,,$60.00 per 1kg,5438406,Tasmanaian Heritage Trilogy offers the traditional flavour of Vintage paired with the Mediterranean flavours of Summer Herbs and Sun-dried Tomato. Best served with crackers and paired with craft beer.,,,"Per 100g/ml
Per Serving
%DI
Energy
1490kJ
313kJ
0%
Protein
24g
5g
0%
Total Fat
30g
6.3g
0%
Saturated Fat
20.5g
4.3g
0%
Carbohydrate
<1g
<1g
0%
Sugars
<1g
<1g
0%
Calcium
796mg
167mg
21%
Sodium
720mg
151mg
0%
* Percentage Daily Intakes are based on an average adult diet of 8700 kJ. Your daily intakes may be higher or lower depending on your energy needs.",,https://www.coles.com.au/product/tasmanian-heritage-little-entertainers-trilogy-summer-herbs-vintage-cheddar-and-sundired-tomato-80g-5438406,,,2024-06-16T21:37:51.964777-04:00
"Ind54SColes_ADairy, Eggs & Fridge_SACheese_IKraft Grated Parmesan Cheese Cannister | 250g",Kraft Grated Parmesan Cheese Cannister | 250g,Kraft,"Dairy, Eggs & Fridge",Cheese,Grated cheese,,$9.80,,,$39.20 per 1kg,144827,"Enjoy your favourite Italian dishes with the delicious taste of Kraft Grated Parmesan Cheese. Conveniently packed in a handy reusable storage container, this is a classic way to season your favourite family meals. Kraft Grated Parmesan Cheese is ready to use straight from the pantry. You'll love the taste of this grated cheese, ready to use to enhance the taste of your pizzas, salads, seafoods and more. Sprinkle it on top of pasta or risotto, or melt into a warm creamy mash for a bold cheese flavour.",,,"Per 100g/ml
Per Serving
%DI
Energy
1960 kJ
100 kJ
Protein
40.8 g
2.0 g
Total Fat
34.1 g
1.7 g
Saturated Fat
20.4 g
1.0 g
Carbohydrate
0.1 g
0 g
Sugars
0 g
0 g
Sodium
1650 mg
85 mg
* Percentage Daily Intakes are based on an average adult diet of 8700 kJ. Your daily intakes may be higher or lower depending on your energy needs.",,https://www.coles.com.au/product/kraft-grated-parmesan-cheese-cannister-250g-144827,,,2024-06-16T21:38:04.551372-04:00
"Ind54SColes_ADairy, Eggs & Fridge_SA_IColes Australian Colby Cheese | 1kg",Coles Australian Colby Cheese | 1kg,Coles,"Dairy, Eggs & Fridge",,,,$13.90,,,$13.90 per 1kg,2071269,"Coles dairy 1kg Australian Colby cheese block. A mild and creamy flavour with a strength indicator of 2, perfect for slicing, cooking or melting.",,,"Per 100g/ml
Per Serving
%DI
Energy
1624.6
406.15
Protein
22.8
5.7
Total Fat
33.3
8.33
Carbohydrate
0.1
0.03
Sugars
0.1
0.03
Calcium
708
177
Sodium
706
176.5
Saturated
23.9
5.98
Energy (Cal)
388.66
97.17
Dietary Fibre (total)
0.4
0.1
* Percentage Daily Intakes are based on an average adult diet of 8700 kJ. Your daily intakes may be higher or lower depending on your energy needs.",,https://www.coles.com.au/product/coles-australian-colby-cheese-1kg-2071269,,,2024-06-16T21:38:16.989512-04:00
"Ind54SColes_ADairy, Eggs & Fridge_SACheese_IColes Cream Cheese Spread Original | 250g",Coles Cream Cheese Spread Original | 250g,Coles,"Dairy, Eggs & Fridge",Cheese,Cream cheese & spreads,,$2.90,,,$11.60 per 1kg,7504647,"Coles Dairy original cream cheese spread, 250g. This spreadable cream cheese is made with Australian milk and perfect for crackers or in sandwiches and wraps.",,,"Per 100g/ml
Per Serving
%DI
Energy
1083.10
270.78
Total Fat
24.8
6.2
9
Saturated Fat
19.8
5.0
21
Sugars
2.60
0.65
Sodium
282.00
70.50
Saturated
17.50
4.38
Energy (Cal)
259.11
64.78
Fat
24.80
6.20
Dietary Fibre (total)
0.50
0.13
* Percentage Daily Intakes are based on an average adult diet of 8700 kJ. Your daily intakes may be higher or lower depending on your energy needs.",,https://www.coles.com.au/product/coles-cream-cheese-spread-original-250g-7504647,,,2024-06-16T21:38:27.844258-04:00
"Ind54SColes_ADairy, Eggs & Fridge_SACheese_IBega Cheese Strong & Bitey Vintage Grated | 250g",Bega Cheese Strong & Bitey Vintage Grated | 250g,Bega,"Dairy, Eggs & Fridge",Cheese,Grated cheese,,$7.50,,,$30.00 per 1kg,4209550,"What makes Bega... Bega?
Over 100 years of dairying heritage resulting in the unique Bega taste you know and love.",,,"Per 100g/ml
Per Serving
%DI
Energy
1720kJ
430kJ
5%
Protein
24.2g
6.1g
12%
Total Fat
35.3g
8.8g
13%
Saturated Fat
21.3g
5.3g
22%
Carbohydrate
Less than 1g
Less than 1g
0%
Sugars
Less than 1g
Less than 1g
0%
Sodium
720mg
180mg
8%
* Percentage Daily Intakes are based on an average adult diet of 8700 kJ. Your daily intakes may be higher or lower depending on your energy needs.",,https://www.coles.com.au/product/bega-cheese-strong-and-bitey-vintage-grated-250g-4209550,,,2024-06-16T21:38:39.203531-04:00
"Ind54SColes_ADairy, Eggs & Fridge_SACheese_IPhiladelphia Light Cream Cheese Tub | 250g",Philadelphia Light Cream Cheese Tub | 250g,Philadelphia,"Dairy, Eggs & Fridge",Cheese,Cream cheese & spreads,,$4.85,,$5.70,$19.40 per 1kg,350057,"Philadelphia Light Spread is highly versatile and is perfect for lighter snack.  A spread of Philadelphia light cream cheese can elevate everyday snacks to deliciously creamy whether it's on crackers, on your favourite avocado toast or with your healthy vege snacks of carrot sticks
25% less fat than Philadelphia original spread

Deliciously Creamy

Philadelphia is made in Australia since 1956

No artificial colours or flavours

Made with at least 90% Australian ingredients

100% recyclable.",,,"Per 100g/ml
Per Serving
%DI
Energy
712kJ
178kJ
2%
Protein
7.9g
2.0g
4%
Total Fat
13.7g
3.4g
5%
Saturated Fat
9.6g
2.4g
10%
Carbohydrate
4.0g
<1.0g
<1%
Sugars
4.0g
<1.0g
1%
Sodium
260mg
65mg
3%
Monounsaturated
0
0
0
Energy (Cal)
0
0
0
Dietary Fibre (total)
0
0
0
Polyunsaturated
0
0
0
Trans
0
0
0
* Percentage Daily Intakes are based on an average adult diet of 8700 kJ. Your daily intakes may be higher or lower depending on your energy needs.",,https://www.coles.com.au/product/philadelphia-light-cream-cheese-tub-250g-350057,,,2024-06-16T21:38:50.682452-04:00
"Ind54SColes_ADairy, Eggs & Fridge_SACheese_IMaggie Beer Quince & Champagne Paste | 100g",Maggie Beer Quince & Champagne Paste | 100g,Maggie Beer,"Dairy, Eggs & Fridge",Cheese,Pates & platters,,$6.30,,,$6.30 per 100g,4959389,"Create the most delicious platter by pairing your favourite cheeses with Maggie Beer's Quince & Champagne Paste.
This fruit paste combines the beautiful flavour of Australian quince, delicate notes of Champagne and crisp acidity from Australian Seville oranges.
It makes for the perfect accompaniment to a luscious Triple Cream Brie or Camembert.
Made with 100% Australian quinces, it has a distinctive flavour that's sure to impress a lover of gourmet food.",,,"Per 100g/ml
Per Serving
%DI
Energy
1090kJ
109kJ
Protein
<1g
<1g
Total Fat
<1g
<1g
Saturated Fat
<1g
<1g
Carbohydrate
59.2g
5.9g
Sugars
59.2g
5.9g
Sodium
24mg
<5mg
* Percentage Daily Intakes are based on an average adult diet of 8700 kJ. Your daily intakes may be higher or lower depending on your energy needs.",,https://www.coles.com.au/product/maggie-beer-quince-and-champagne-paste-100g-4959389,,,2024-06-16T21:39:01.754514-04:00
"Ind54SColes_ADairy, Eggs & Fridge_SACheese_ITasmanian Heritage Club Cheddar Vintage | 140g",Tasmanian Heritage Club Cheddar Vintage | 140g,Tasmanian Heritage,"Dairy, Eggs & Fridge",Cheese,Cheddar & tasty cheese,,$6.50,,,$46.43 per 1kg,7161020,"South Cape Vintage cheddar has been aged for at least 12 months to create a classic cheddar with a rich, full bodied flavour and very satisfying cheddar bite. Best served with fruit, crackers and paired with craft beer. Liberate your plate with South Cape.",,,"Per 100g/ml
Per Serving
%DI
Energy
1750kJ
437.5kJ
0%
Protein
25.7g
6.425g
0%
Total Fat
35g
8.75g
0%
Saturated Fat
23.5g
5.875g
0%
Carbohydrate
<1g
<1g
0%
Sugars
<1g
<1g
0%
Calcium
735mg
183.75mg
0%
Sodium
800mg
200mg
0%
* Percentage Daily Intakes are based on an average adult diet of 8700 kJ. Your daily intakes may be higher or lower depending on your energy needs.",,https://www.coles.com.au/product/tasmanian-heritage-club-cheddar-vintage-140g-7161020,,,2024-06-16T21:39:12.738469-04:00
"Ind54SColes_ADairy, Eggs & Fridge_SACheese_ILemnos Reduced Salt Haloumi | 180g",Lemnos Reduced Salt Haloumi | 180g,Lemnos,"Dairy, Eggs & Fridge",Cheese,Gourmet Cheese,,$7.00,,,$38.89 per 1kg,1464357,"Grilled, fried or baked, Lemnos Haloumi Cyprus Style Salt Reduced Cheese is delicious in a wide variety of meals. Contains no artificial flavours, no preservatives and is suitable for vegetarians. Proudly made in Australia.
Contains no artificial flavours

no preservatives

suitable for vegetarians

Made in Australia",,,"Per 100g/ml
Per Serving
%DI
Energy
1280 kJ
384 kJ
Protein
18.5 g
5.5 g
Total Fat
23.2 g
7.0 g
Saturated Fat
16.1 g
4.8 g
Carbohydrate
1.3 g
Less than 1g
Sugars
1.3 g
Less than 1g
Sodium
1290 mg
387mg
Energy (Cal)
306 Cal
92 Cal
Potassium
44 mg
13 mg
* Percentage Daily Intakes are based on an average adult diet of 8700 kJ. Your daily intakes may be higher or lower depending on your energy needs.",,https://www.coles.com.au/product/lemnos-reduced-salt-haloumi-180g-1464357,,,2024-06-16T21:39:23.886584-04:00
"Ind54SColes_ADairy, Eggs & Fridge_SACheese_IRiverina Fetta Greek Style | 200g",Riverina Fetta Greek Style | 200g,Riverina,"Dairy, Eggs & Fridge",Cheese,Gourmet Cheese,,$5.30,,,$26.50 per 1kg,4360879,"Award Winning, 100% Australian Owned and Made Greek Style Fetta!

It's the Double Cream in our Fetta which gives it a smooth and creamy mouth feel and flavour. Perfectly balanced with a salty tang and crumbly texture, our Greek Style Fetta is uniquely delicious.

Our Fetta is made using the highest quality milk from our own farm situated on the fertile banks of the Murray River at Corowa NSW.  

Sprinkle over salads, enjoy in baked dishes or eat simply on its own with a cracker. We think our Fetta tastes better, why not try for yourself. 
100% Australian Owned & Made

Made with Double Cream

All Natural Ingredients

Award Winning",,,"Per 100g/ml
Per Serving
%DI
Energy
1600kJ
400kJ
Protein
16.3g
4.1g
Total Fat
35.3g
8.8g
Saturated Fat
23.7g
5.9g
Carbohydrate
1.1g
0.3g
Sugars
0.2g
0.1g
Sodium
973mg
243mg
* Percentage Daily Intakes are based on an average adult diet of 8700 kJ. Your daily intakes may be higher or lower depending on your energy needs.",,https://www.coles.com.au/product/riverina-fetta-greek-style-200g-4360879,,,2024-06-16T21:39:34.882276-04:00
"Ind54SColes_ADairy, Eggs & Fridge_SACheese_IZanetti Pecorino Romano | 200g",Zanetti Pecorino Romano | 200g,Zanetti,"Dairy, Eggs & Fridge",Cheese,Block cheese,,$11.25,,$12.50,$56.25 per 1kg,3575938,,,,,,https://www.coles.com.au/product/zanetti-pecorino-romano-200g-3575938,,,2024-06-16T21:39:44.228230-04:00
"Ind54SColes_ADairy, Eggs & Fridge_SACheese_ICastello Herbs & Garlic In Oil Marinated Fetta | 265g",Castello Herbs & Garlic In Oil Marinated Fetta | 265g,Castello,"Dairy, Eggs & Fridge",Cheese,Feta cheese,,$6.30,,$7.00,$23.77 per 1kg,3842932,"Castello Greek Style Cheese in Oil with Garlic is made using a classic recipe to create a full flavour with a balanced, tangy finish and slightly crumbly texture.",,,"Per 100g/ml
Per Serving
%DI
Energy
10.1kJ
1.6kJ
Protein
10g
1.6g
Total Fat
55g
9.1g
Saturated Fat
11g
1.8g
Carbohydrate
<1g
<1g
Sugars
<1g
<1g
Sodium
1900mg
300mg
* Percentage Daily Intakes are based on an average adult diet of 8700 kJ. Your daily intakes may be higher or lower depending on your energy needs.",,https://www.coles.com.au/product/castello-herbs-and-garlic-in-oil-marinated-fetta-265g-3842932,,,2024-06-16T21:39:55.754310-04:00
"Ind54SColes_ADairy, Eggs & Fridge_SACheese_IPerfect Italiano Parmesan Cheese Block | 200g",Perfect Italiano Parmesan Cheese Block | 200g,Perfect Italiano,"Dairy, Eggs & Fridge",Cheese,Block cheese,,$7.50,,,$37.50 per 1kg,3274068,"Perfect Italiano Cheese Parmesan Block 200g
It's an easy way to add delicious flavour to pasta, salad or risotto.

Medium Flavour

Bold & Distinctive flavour",,,"Per 100g/ml
Per Serving
%DI
Energy
1540kJ
154kJ
2%
Protein
32.1
3.2g
7%
Total Fat
26.8g
2.7g
4%
Saturated Fat
19.5g
1.9g
7%
Carbohydrate
1.0g
LESS THAN 1g
0%
Sugars
LESS THAN 1
LESS THAN 1g
0%
Calcium
977mg
97mg
12% RDI*
Sodium
846mg
85mg
4%
Monounsaturated
0
0
0
Energy (Cal)
0
0
0
Dietary Fibre (total)
0
0
0
Polyunsaturated
0
0
0
Trans
0
0
0
* Percentage Daily Intakes are based on an average adult diet of 8700 kJ. Your daily intakes may be higher or lower depending on your energy needs.",,https://www.coles.com.au/product/perfect-italiano-parmesan-cheese-block-200g-3274068,,,2024-06-16T21:40:06.972495-04:00
"Ind54SColes_ADairy, Eggs & Fridge_SACheese_IBabybel Mini Cheese Swiss Style | 100g",Babybel Mini Cheese Swiss Style | 100g,Babybel,"Dairy, Eggs & Fridge",Cheese,Cheese snacks,,$6.25,,,$62.50 per 1kg,6798510,"Babybel Swiss Style taste combines the pronounced fruity taste of classic Swiss Style cheese with the mild taste and soft texture of Babybel. Easily recognisable and wrapped in its distinctive yellow wax coating, this nutritious cheese comes with the promise of a delicious moment.
- 100% natural cheese
- Source of Calcium
- 5 pieces per pack",,,"Per 100g/ml
Per Serving
%DI
Energy
316kJ
264kJ
Protein
23g
4.6g
Total Fat
25g
5g
Saturated Fat
17g
3.4g
Carbohydrate
<1g
<1g
Sugars
<1g
<1g
Sodium
580mg
116mg
* Percentage Daily Intakes are based on an average adult diet of 8700 kJ. Your daily intakes may be higher or lower depending on your energy needs.","cheese (milk, salt, lactic acidbacteria (milk), microbial rennet) (of whichEmmental cheese 20%), water, salt.",https://www.coles.com.au/product/babybel-mini-cheese-swiss-style-100g-6798510,,,2024-06-16T21:40:19.781615-04:00
"Ind54SColes_ADairy, Eggs & Fridge_SACheese_IBio Cheese Grated Parmesano | 125g",Bio Cheese Grated Parmesano | 125g,Bio,"Dairy, Eggs & Fridge",Cheese,Grated cheese,,$8.50,,,$68.00 per 1kg,3844530,"Our authentic-tasting dairy-free Parmesano has that unique hard, gritty texture all-the-while being sharp, fruity and nutty in taste. Now grated for your convenience, this Italian gem is perfect for serving on top of pizzas or pastas or through risottos and soups.
Vegan Friendly

Vegetarian

Gluten Free

Soya Free

Lactose Free

Palm Oil Free.

GMO Free.

Plant-Based Dairy Simulant.",,,"Per 100g/ml
Per Serving
%DI
Energy
1168
117
Protein
1.6
0.16
Total Fat
17
1.7
Saturated Fat
16
1.6
Carbohydrate
30
3
Sugars
0.3
0.03
Sodium
1400
140
Energy (Cal)
279
28
Trans
0.17
0.017
* Percentage Daily Intakes are based on an average adult diet of 8700 kJ. Your daily intakes may be higher or lower depending on your energy needs.",,https://www.coles.com.au/product/bio-cheese-grated-parmesano-125g-3844530,,,2024-06-16T21:40:32.116694-04:00
"Ind54SColes_ADairy, Eggs & Fridge_SACheese_IColes British Truffle Cheddar | approx 100g",Coles British Truffle Cheddar | approx 100g,Coles,"Dairy, Eggs & Fridge",Cheese,Cheddar & tasty cheese,,$4.50,,,$45.00 per 1kg,5363012,,,,,,https://www.coles.com.au/product/coles-british-truffle-cheddar-approx.-100g-5363012,,,2024-06-16T21:40:41.040907-04:00
"Ind54SColes_ADairy, Eggs & Fridge_SA_ILemnos Haloumi | 600g",Lemnos Haloumi | 600g,Lemnos,"Dairy, Eggs & Fridge",,,,$16.00,,,$26.67 per 1kg,4362580,"Lemnos Haloumi Cyprus Style is perfect for larger family dishes! Grill, fry or bake! Contains no artificial flavours, no preservatives and is suitable for vegetarians.
No artificial flavours

No preservatives

Suitable for vegetarians

Made in Australia",,,"Per 100g/ml
Per Serving
%DI
Energy
1230 kJ
369 kJ
Protein
17.6 g
5.3 g
Total Fat
22.9 g
6.9 g
Saturated Fat
16.5 g
5.0 g
Carbohydrate
1.3 g
Less than 1g
Sugars
1.3 g
Less than 1g
Sodium
1620 mg
486 mg
Energy (Cal)
293 Cal
88 Cal
* Percentage Daily Intakes are based on an average adult diet of 8700 kJ. Your daily intakes may be higher or lower depending on your energy needs.",,https://www.coles.com.au/product/lemnos-haloumi-600g-4362580,,,2024-06-16T21:40:52.201251-04:00
"Ind54SColes_ADairy, Eggs & Fridge_SACheese_ISouth Cape Brie | 200g",South Cape Brie | 200g,South Cape,"Dairy, Eggs & Fridge",Cheese,Brie & soft cheese,,$6.80,,,$34.00 per 1kg,8166936,"South Cape Brie is a soft ripened cheese with a delicate mushroom aroma, creamy centre and rich, buttery flavour. Best served with fruit and paired with white wine. Liberate your plate with South Cape.",,,"Per 100g/ml
Per Serving
%DI
Energy
1530kJ
382.5kJ
0%
Protein
17.3g
4.325g
0%
Total Fat
32g
8g
0%
Saturated Fat
20.5g
5.125g
0%
Carbohydrate
<1g
<1g
0%
Sugars
<1g
<1g
0%
Calcium
470mg
117.5mg
0%
Sodium
600mg
150mg
0%
* Percentage Daily Intakes are based on an average adult diet of 8700 kJ. Your daily intakes may be higher or lower depending on your energy needs.",,https://www.coles.com.au/product/south-cape-brie-200g-8166936,,,2024-06-16T21:41:04.666446-04:00
"Ind54SColes_ADairy, Eggs & Fridge_SACheese_IPerfect Italiano Grated Cheese Perfect Pizza | 250g",Perfect Italiano Grated Cheese Perfect Pizza | 250g,Perfect Italiano,"Dairy, Eggs & Fridge",Cheese,Grated cheese,,$6.50,,,$26.00 per 1kg,3273994,"Perfect Italiano Cheese Perfect Pizza Grated 250g
4 cheeses for authentic flavour",,,"Per 100g/ml
Per Serving
%DI
Energy
1380kJ
345kJ
4%
Protein
26.3g
6.6g
13%
Total Fat
25.1g
6.3g
9%
Saturated Fat
16.1g
4.0g
17%
Carbohydrate
less than 1g
less than 1g
0%
Sugars
less than 1g
less than 1g
0%
Calcium
758mg
189mg
23% RDI*
Sodium
617mg
154mg
7%
* Percentage Daily Intakes are based on an average adult diet of 8700 kJ. Your daily intakes may be higher or lower depending on your energy needs.",,https://www.coles.com.au/product/perfect-italiano-grated-cheese-perfect-pizza-250g-3273994,,,2024-06-16T21:41:15.649928-04:00
"Ind54SColes_ADairy, Eggs & Fridge_SACheese_IColes Tasty Cheese Slices Salami & Poppyseed Lavosh Crackers | 48g",Coles Tasty Cheese Slices Salami & Poppyseed Lavosh Crackers | 48g,Coles,"Dairy, Eggs & Fridge",Cheese,Cheese snacks,,$3.50,,,$7.29 per 100g,4383976,"Delicious slices of tasty cheese, Danish salami & lavosh crackers. Perfect snack for on the go!",,,"Per 100g/ml
Per Serving
%DI
Energy
1556.1
746.93
Protein
20.5
9.84
Total Fat
24.7
11.86
Carbohydrate
16.1
7.73
Sugars
1.5
0.72
Calcium
320
153.6
Sodium
1000
480
Saturated
13.9
6.67
Energy (Cal)
372.27
178.69
Dietary Fibre (total)
2.5
1.2
Trans
1
0.48
* Percentage Daily Intakes are based on an average adult diet of 8700 kJ. Your daily intakes may be higher or lower depending on your energy needs.",,https://www.coles.com.au/product/coles-tasty-cheese-slices-salami-and-poppyseed-lavosh-crackers-48g-4383976,,,2024-06-16T21:41:26.553457-04:00
"Ind54SColes_ADairy, Eggs & Fridge_SACheese_IBrancourts Protein Plus Cottage Cheese | 225g",Brancourts Protein Plus Cottage Cheese | 225g,Brancourts,"Dairy, Eggs & Fridge",Cheese,Brie & soft cheese,,$4.80,,,$21.33 per 1kg,6255671,High Protein,,,"Per 100g/ml
Per Serving
%DI
Energy
454kJ
454kJ
5%
Protein
13.5g
13.5g
27%
Total Fat
2.9g
2.9g
4%
Saturated Fat
2g
2g
8%
Carbohydrate
6.9g
6.9g
2%
Sugars
6.1g
6.1g
7%
Sodium
264mg
264mg
11%
* Percentage Daily Intakes are based on an average adult diet of 8700 kJ. Your daily intakes may be higher or lower depending on your energy needs.",,https://www.coles.com.au/product/brancourts-protein-plus-cottage-cheese-225g-6255671,,,2024-06-16T21:41:37.548541-04:00
"Ind54SColes_ADairy, Eggs & Fridge_SACheese_IColes Smooth Ricotta | 375g",Coles Smooth Ricotta | 375g,Coles,"Dairy, Eggs & Fridge",Cheese,Brie & soft cheese,,$3.60,,,$9.60 per 1kg,2212666,Coles dairy 375g smooth ricotta. Ideal for crafting your own sweet savoury and pasta dishes.,,,"Per 100g/ml
Per Serving
%DI
Energy
561.5
168.45
Protein
9.0
2.7
5
Carbohydrate
3.6
1.1
0
Sugars
3.6
1.08
Calcium
94
28.2
Saturated
6.5
1.95
Energy (Cal)
159
48
Fat
9.8
2.94
Dietary Fibre (total)
0
0
* Percentage Daily Intakes are based on an average adult diet of 8700 kJ. Your daily intakes may be higher or lower depending on your energy needs.",,https://www.coles.com.au/product/coles-smooth-ricotta-375g-2212666,,,2024-06-16T21:41:49.024106-04:00
"Ind54SColes_ADairy, Eggs & Fridge_SACheese_ID'Argental Washed Rind Brie | approx 100g",D'Argental Washed Rind Brie | approx 100g,DArgental,"Dairy, Eggs & Fridge",Cheese,Brie & soft cheese,,$79.00,,,$79.00 per 1kg,3089394,,,,,,https://www.coles.com.au/product/d'argental-washed-rind-brie-approx.-100g-3089394,,,2024-06-16T21:41:58.951906-04:00
"Ind54SColes_ADairy, Eggs & Fridge_SAVegetarian & vegan_IBio Cheddar Cheese Slices | 200g",Bio Cheddar Cheese Slices | 200g,Bio,"Dairy, Eggs & Fridge",Vegetarian & vegan,Veggie Burgers & Sausages,,$7.20,,$9.00,$36.00 per 1kg,3274782,"The delicious MyLife BioCheese Cheddar Flavour is also available in slices! MyLife BioCheese Slices make it easier to add something special to burgers, sandwiches and toasties. 
Vegan Friendly

Vegetarian

Gluten Free

Soya Free

Lactose Free

Palm Oil Free.

GMO Free.

Sustainable and Renewable.",,,"Per 100g/ml
Per Serving
%DI
Energy
1190
238
Protein
0
0
Total Fat
23.0
4.6
Saturated Fat
21.0
4.2
Carbohydrate
20.0
4.0
Sugars
0.0
0.0
Sodium
920
184
Energy (Cal)
285
57
Dietary Fibre (total)
0.0
0.0
Gluten
NIL DETECTED
NIL DETECTED
Trans
0.23
0.05
* Percentage Daily Intakes are based on an average adult diet of 8700 kJ. Your daily intakes may be higher or lower depending on your energy needs.",,https://www.coles.com.au/product/bio-cheddar-cheese-slices-200g-3274782,,,2024-06-16T21:42:10.733805-04:00
"Ind54SColes_ADairy, Eggs & Fridge_SACheese_IPhiladelphia Soft Cream Cheese Tub | 250g",Philadelphia Soft Cream Cheese Tub | 250g,Philadelphia,"Dairy, Eggs & Fridge",Cheese,Cream cheese & spreads,,$4.85,,$5.70,$19.40 per 1kg,5196114,"Philadelphia Spreads is perfect for everyday snacking.  A spread of Philadelphia cream cheese can elevate everyday simple snacks to something deliciously creamy whether it's crackers, bread, bruschetta, dips, bagels, croissants or your healthy vege snacks of carrot sticks
Deliciously Creamy

Philadelphia is made in Australia since 1956

No artificial colours or flavours

Made with at least 95% Australian ingredients

100% recyclable",,,"Per 100g/ml
Per Serving
%DI
Energy
940kJ
235kJ
3%
Protein
4.9g
1.2g
2%
Total Fat
21.8g
5.4g
8%
Saturated Fat
15.2g
3.8g
16%
Carbohydrate
2.9g
<1.0g
<1%
Sugars
2.9g
<1.0g
1%
Sodium
350mg
88mg
4%
Monounsaturated
0
0
0
Energy (Cal)
0
0
0
Dietary Fibre (total)
0
0
0
Polyunsaturated
0
0
0
Trans
0
0
0
* Percentage Daily Intakes are based on an average adult diet of 8700 kJ. Your daily intakes may be higher or lower depending on your energy needs.",,https://www.coles.com.au/product/philadelphia-soft-cream-cheese-tub-250g-5196114,,,2024-06-16T21:42:22.949117-04:00
"Ind54SColes_ADairy, Eggs & Fridge_SACheese_IMersey Valley Club Pickled Onion Cheddar Cheese | 235g",Mersey Valley Club Pickled Onion Cheddar Cheese | 235g,Mersey Valley,"Dairy, Eggs & Fridge",Cheese,Cheddar & tasty cheese,,$7.00,,$9.95,$29.79 per 1kg,6533060,Mersey Valley Pickled Onion is a milder crumbly cheddar with the addition of Tasmanian pickled onion for a bold flavour to the cheese. Perfect for a snack that really hits the spot! Pair Mersey Valley Pickled Onion with cold meats and crackers for a tasty afternoon snack. Best served with a light craft beer or a red wine.,,,"Per 100g/ml
Per Serving
%DI
Energy
1510kJ
377.5kJ
0%
Protein
22.1g
5.525g
0%
Total Fat
28.7g
7.175g
0%
Saturated Fat
18.7g
4.675g
0%
Carbohydrate
3g
<1g
0%
Sugars
2.4g
1g
0%
Calcium
644mg
161mg
0%
Sodium
710mg
177.5mg
0%
* Percentage Daily Intakes are based on an average adult diet of 8700 kJ. Your daily intakes may be higher or lower depending on your energy needs.",,https://www.coles.com.au/product/mersey-valley-club-pickled-onion-cheddar-cheese-235g-6533060,,,2024-06-16T21:42:33.748161-04:00
"Ind54SColes_ADairy, Eggs & Fridge_SACheese_ICracker Barrel Extra Sharp Cheese Block | 250g",Cracker Barrel Extra Sharp Cheese Block | 250g,Cracker Barrel,"Dairy, Eggs & Fridge",Cheese,Block cheese,,$7.45,,$9.20,$29.80 per 1kg,192433,"Our vintage cheddar is carefully aged to develop a sharp, full bodied flavour and crumbly texture.",,,"Per 100g/ml
Per Serving
%DI
Energy
1690kJ
422kJ
0%
Protein
25.8g
6.5g
0%
Total Fat
33.3g
8.3g
0%
Saturated Fat
21.6g
5.4g
0%
Carbohydrate
<1g
<1g
0%
Sugars
<1g
<1g
0%
Calcium
750mg
188mg
24%
Sodium
730mg
183mg
0%
* Percentage Daily Intakes are based on an average adult diet of 8700 kJ. Your daily intakes may be higher or lower depending on your energy needs.",,https://www.coles.com.au/product/cracker-barrel-extra-sharp-cheese-block-250g-192433,,,2024-06-16T21:42:44.861544-04:00
"Ind54SColes_ADairy, Eggs & Fridge_SAColes Finest_IColes Finest Spanish Red Wine Cheese | 150g",Coles Finest Spanish Red Wine Cheese | 150g,Coles,"Dairy, Eggs & Fridge",Coles Finest,cheeses,,$6.60,,,$44.00 per 1kg,5217859,"This semi-sharp, hard goat's cheese has been bathed in red wine for a ripe, cherry-like finish. Queso de Murcia al Vino PDO 150g",,,"Per 100g/ml
Per Serving
%DI
Energy
1768.10
442.03
Protein
21.00
5.25
Total Fat
38.00
9.50
Saturated Fat
27.20
6.80
Carbohydrate
0.30
0.08
Sugars
0.30
0.08
Sodium
620.00
155.00
Energy (Cal)
422.99
105.75
Dietary Fibre (total)
0.00
0.00
Trans
1.50
0.38
* Percentage Daily Intakes are based on an average adult diet of 8700 kJ. Your daily intakes may be higher or lower depending on your energy needs.",,https://www.coles.com.au/product/coles-finest-spanish-red-wine-cheese-150g-5217859,,,2024-06-16T21:42:56.328980-04:00
"Ind54SColes_ADairy, Eggs & Fridge_SADairy, chilled & frozen_IZanetti Parmigiano Reggiano PDO | 200g",Zanetti Parmigiano Reggiano PDO | 200g,Zanetti,"Dairy, Eggs & Fridge","Dairy, chilled & frozen",Cheese & desserts,,$11.25,,,"$56.25 per 1kg
Was $12.50 on Apr 2024",3275661,,,,,"unpasteurised cow's MILK, salt, animal rennet",https://www.coles.com.au/product/zanetti-parmigiano-reggiano-pdo-200g-3275661,,,2024-06-16T21:43:06.164648-04:00
"Ind54SColes_ADairy, Eggs & Fridge_SADairy, chilled & frozen_IColes Dairy Shredded Tasty Cheese | 250g",Coles Dairy Shredded Tasty Cheese | 250g,Coles,"Dairy, Eggs & Fridge","Dairy, chilled & frozen",Cheese & desserts,,$5.00,,,"$20.00 per 1kg
Was $5.50 on Apr 2024",5432830,"Strength Indicator3 matureWith a rich and tasty flavour, ideal for melting on pizza or baked potato.",,,"Per 100g/ml
Per Serving
%DI
Energy
1732.9
433.23
Protein
24.6
6.15
Carbohydrate
0.1
0.03
Sugars
0.1
0.03
Calcium
687
171.75
Sodium
675
168.75
Saturated
25.3
6.33
Energy (Cal)
414.57
103.64
Fat
35.4
8.85
Dietary Fibre (total)
0.4
0.1
* Percentage Daily Intakes are based on an average adult diet of 8700 kJ. Your daily intakes may be higher or lower depending on your energy needs.",,https://www.coles.com.au/product/coles-dairy-shredded-tasty-cheese-250g-5432830,,,2024-06-16T21:43:17.270320-04:00
"Ind54SColes_ADairy, Eggs & Fridge_SAChampagne & sparkling_IBrilla Prosecco 750mL | 1 Each",Brilla Prosecco 750mL | 1 Each,Brilla,"Dairy, Eggs & Fridge",Champagne & sparkling,Sparkling,,$16.00,,$22.00,$2.13 per 100mL,3573499,"Typical crisp and delicate perlage, pale light yellow colour. Delicate and complex bouquet with fruity notes that remind of peach, green apple with second notes of acacia and lilac. Fresh and light on the palate, with balanced acidity and body; harmonic with a long persistent aftertaste. Ideal as an aperitif, it is a perfect combination to hors-doeuvres and delicate first courses. Also wonderful with sushi, fish and shellfish.",,,,,https://www.coles.com.au/product/brilla-prosecco-750ml-1-each-3573499,,,2024-06-16T21:43:25.945730-04:00
"Ind54SColes_ADairy, Eggs & Fridge_SAChampagne & sparkling_IBrilla Prosecco Spumante DOC Rose 750mL | 1 Each",Brilla Prosecco Spumante DOC Rose 750mL | 1 Each,Brilla,"Dairy, Eggs & Fridge",Champagne & sparkling,Sparkling,,$16.00,,$21.00,$21.33 per 1L,3962515,"Delicate and complex bouquet with fruity notes that remind of peach, green apple and lemon. Floral notes of acacia and rose. Fresh and light on the palate, with balanced acidity and body; Round and full-bodied structure. Enjoy ros bubbles as an aperitif but excellent with grilled fish and great friends.",,,,,https://www.coles.com.au/product/brilla-prosecco-spumante-doc-rose-750ml-1-each-3962515,,,2024-06-16T21:43:35.041566-04:00
"Ind54SColes_ADairy, Eggs & Fridge_SACheese_IJarlsberg Original Cheese Block | 250g",Jarlsberg Original Cheese Block | 250g,Jarlsberg,"Dairy, Eggs & Fridge",Cheese,Cheddar & tasty cheese,,$8.50,,$10.50,$34.00 per 1kg,5170008,"Jarlsberg is made with a secret recipe since 1956, and generations of know-how.
A semi-soft, Swiss style cheese that is famous for its distinctive sweet and nutty taste with large, round holes.
Low in lactose and gluten free.
Cheese Type: Semi-Soft, Swiss Style
Milk: Cow
Origin: Ireland
Serving Suggestion: A versatile cheese - perfect for cheeseboards, toasties or sandwiches.
Wine Pairing: Chardonnay or Pinot Noir",,,,,https://www.coles.com.au/product/jarlsberg-original-cheese-block-250g-5170008,,,2024-06-16T21:43:43.936921-04:00
"Ind54SColes_ADairy, Eggs & Fridge_SACheese_IColes Dairy Cheese Camembert Wrapped | 125g",Coles Dairy Cheese Camembert Wrapped | 125g,Coles,"Dairy, Eggs & Fridge",Cheese,Brie & soft cheese,,$2.75,,,$22.00 per 1kg,6169580,"Coles Australian Dairy wrapped camembert cheese, 125g. A soft surface ripened with a creamy and rich nutty flavour. Perfect for entertaining.",,,"Per 100g/ml
Per Serving
%DI
Energy
1340
334
4
Protein
18.7
4.68
Carbohydrate
2.3
0.58
Sugars
0
0
Calcium
475
119
Sodium
470
117.5
Saturated
18
4.5
Energy (Cal)
319.98
79.99
Fat
26.5
6.63
Dietary Fibre (total)
0
0
* Percentage Daily Intakes are based on an average adult diet of 8700 kJ. Your daily intakes may be higher or lower depending on your energy needs.","Pasteurised Milk, Salt, Cultures, Vegetarian Rennet (Enzyme).",https://www.coles.com.au/product/coles-dairy-cheese-camembert-wrapped-125g-6169580,,,2024-06-16T21:43:54.939521-04:00
"Ind54SColes_ADairy, Eggs & Fridge_SACheese_IBio Shredded Cheddar Cheese | 200g",Bio Shredded Cheddar Cheese | 200g,Bio,"Dairy, Eggs & Fridge",Cheese,Grated cheese,,$7.20,,$9.00,$36.00 per 1kg,3274760,"BioCheese Cheddar Shred is made with coconut oil, producing a full flavoured cheddar, that is delicious and versatile. An ideal plant-based dairy simulant shredded for your convenience in a resealable bag. Perfect for wraps, salads, tacos and more of your favourite dishes! 
Vegan Friendly

Vegetarian

Gluten Free

Soya Free

Lactose Free

Palm Oil Free.

GMO Free.

Melts.",,,"Per 100g/ml
Per Serving
%DI
Energy
1130
339
Protein
0.0
0.0
Total Fat
21.0
6.3
Saturated Fat
19.0
5.7
Carbohydrate
21.0
6.3
Sugars
0.0
0.0
Sodium
920
276
Energy (Cal)
270
81
Dietary Fibre (total)
0.0
0.0
Trans
0.21
0.06
* Percentage Daily Intakes are based on an average adult diet of 8700 kJ. Your daily intakes may be higher or lower depending on your energy needs.",,https://www.coles.com.au/product/bio-shredded-cheddar-cheese-200g-3274760,,,2024-06-16T21:44:07.101098-04:00
"Ind54SColes_ADairy, Eggs & Fridge_SACheese_ICracker Barrel Extra Sharp Cheese Block | 500g",Cracker Barrel Extra Sharp Cheese Block | 500g,Cracker Barrel,"Dairy, Eggs & Fridge",Cheese,Block cheese,,$13.80,,,$27.60 per 1kg,3024457,"Our vintage cheddar is carefully aged to develop a sharp, full bodied flavour and crumbly texture.",,,"Per 100g/ml
Per Serving
%DI
Energy
1750kJ
438kJ
0%
Protein
25.8g
6.5g
0%
Total Fat
34g
8.5g
0%
Saturated Fat
23.5g
5.9g
0%
Carbohydrate
<1g
<1g
0%
Sugars
<1g
<1g
0%
Calcium
750mg
188mg
24%
Sodium
730mg
183mg
0%
* Percentage Daily Intakes are based on an average adult diet of 8700 kJ. Your daily intakes may be higher or lower depending on your energy needs.",,https://www.coles.com.au/product/cracker-barrel-extra-sharp-cheese-block-500g-3024457,,,2024-06-16T21:44:18.240381-04:00
"Ind54SColes_ADairy, Eggs & Fridge_SACheese_IColes Low Fat Creamed Cottage Cheese | 500g",Coles Low Fat Creamed Cottage Cheese | 500g,Coles,"Dairy, Eggs & Fridge",Cheese,Brie & soft cheese,,$5.70,,,$11.40 per 1kg,9488552,"Coles Dairy low fat Creamed Cottage cheese, 500g. 97% fat free cottage cheese made with Australian milk for the same great flavour as regular Coles cottage cheese. Great on toast!",,,"Per 100g/ml
Per Serving
%DI
Energy
362.18
362.18
Protein
11.90
11.90
Carbohydrate
5.70
5.70
Sugars
5.00
5.00
Calcium
143.00
143.00
Sodium
273.00
273.00
Saturated
1.20
1.20
Energy (Cal)
86.65
86.65
Fat
1.70
1.70
Dietary Fibre (total)
0.01
0.01
* Percentage Daily Intakes are based on an average adult diet of 8700 kJ. Your daily intakes may be higher or lower depending on your energy needs.",,https://www.coles.com.au/product/coles-low-fat-creamed-cottage-cheese-500g-9488552,,,2024-06-16T21:44:29.186555-04:00
"Ind54SColes_ADairy, Eggs & Fridge_SACheese_IMersey Valley Salt & Vinegar Cheddar | 235g",Mersey Valley Salt & Vinegar Cheddar | 235g,Mersey Valley,"Dairy, Eggs & Fridge",Cheese,Cheddar & tasty cheese,,$7.00,,$9.95,$29.79 per 1kg,6846554,,,,,,https://www.coles.com.au/product/mersey-valley-salt-and-vinegar-cheddar-235g-6846554,,,2024-06-16T21:44:38.280450-04:00
"Ind54SColes_ADairy, Eggs & Fridge_SAChampagne & sparkling_IBrilla Prosecco Spumante DOC 200mL | 1 Each",Brilla Prosecco Spumante DOC 200mL | 1 Each,Brilla,"Dairy, Eggs & Fridge",Champagne & sparkling,Sparkling,,$6.00,,$27.00,$30.00 per 1L,3870326,"Typical crisp and delicate perlage, pale light yellow colour. Delicate and complex bouquet with fruity notes that remind of peach, green apple with second notes of acacia and lilac. Fresh and light on the palate, with balanced acidity and body; harmonic with a long persistent aftertaste. Ideal as an aperitif, it is a perfect combination to hors-doeuvres and delicate first courses. Also wonderful with sushi, fish and shellfish.",,,,,https://www.coles.com.au/product/brilla-prosecco-spumante-doc-200ml-1-each-3870326,,,2024-06-16T21:44:47.004319-04:00
"Ind54SColes_ADairy, Eggs & Fridge_SAPrimo_IPrimo Mild Pepperoni Twiggy Pizza Shapes & Tasty Cheese | 54g",Primo Mild Pepperoni Twiggy Pizza Shapes & Tasty Cheese | 54g,Primo,"Dairy, Eggs & Fridge",Primo,Crackers & Snacks,,$4.50,,,$8.33 per 100g,5421480,"Delicious Primo Pepperoni Twiggy Bites, Tasty Cheese and Arnott's Pizza Shapes.
Source of protein
No artificial colours or flavours
Great for lunch bags",,,"Per 100g/ml
Per Serving
%DI
Energy
1800
970
11
Protein
18.3
9.9
20
Total Fat
29.4
15.9
23
Saturated Fat
12.8
6.9
29
Carbohydrate
22.2
12.0
4
Sugars
1.8
<1g
<1
Sodium
774mg
418mg
18
* Percentage Daily Intakes are based on an average adult diet of 8700 kJ. Your daily intakes may be higher or lower depending on your energy needs.",,https://www.coles.com.au/product/primo-mild-pepperoni-twiggy-pizza-shapes-and-tasty-cheese-54g-5421480,,,2024-06-16T21:44:57.994349-04:00
"Ind54SColes_ADairy, Eggs & Fridge_SAPrimo_IPrimo Trios Mild Salami Pretzels & Tasty Cheese Cubes | 50g",Primo Trios Mild Salami Pretzels & Tasty Cheese Cubes | 50g,Primo,"Dairy, Eggs & Fridge",Primo,Crackers & Snacks,,$4.50,,,$9.00 per 100g,4928352,A trio combination of Mild Salami with Pretzels and Tasty Cheese to make for a great pick-me-up snack.,,,"Per 100g/ml
Per Serving
%DI
Energy
1630kj
815kj
9%
Protein
20.4g
10.2g
20%
Total Fat
26.8g
13.4g
19%
Saturated Fat
13.5g
6.7g
28%
Carbohydrate
15.5g
7.7g
2%
Sugars
Less than 1g
Less than 1g
<1%
Sodium
1310mg
656mg
29%
* Percentage Daily Intakes are based on an average adult diet of 8700 kJ. Your daily intakes may be higher or lower depending on your energy needs.",,https://www.coles.com.au/product/primo-trios-mild-salami-pretzels-and-tasty-cheese-cubes-50g-4928352,,,2024-06-16T21:45:09.012881-04:00
"Ind54SColes_ADairy, Eggs & Fridge_SACheese_ICastello Double Cream Brie | 150g",Castello Double Cream Brie | 150g,Castello,"Dairy, Eggs & Fridge",Cheese,Brie & soft cheese,,$7.50,,,$50.00 per 1kg,5429766,"Castello double cream brie is carefully crafted to mature over time into a distinctive soft cheese with a delicate buttery flavour and smooth, creamy texture. To enjoy this cheese at its best, remove from the fridge one hour before eating.",,,"Per 100g/ml
Per Serving
%DI
Energy
1690kJ
423kJ
Protein
14.2g
3.6g
Total Fat
39g
9.8g
Saturated Fat
24.9g
6.2g
Carbohydrate
0.2g
<0.1g
Sugars
0.2g
<0.1g
Sodium
600mg
150mg
* Percentage Daily Intakes are based on an average adult diet of 8700 kJ. Your daily intakes may be higher or lower depending on your energy needs.",,https://www.coles.com.au/product/castello-double-cream-brie-150g-5429766,,,2024-06-16T21:45:19.895547-04:00
"Ind54SColes_ADairy, Eggs & Fridge_SACheese_IUdder Delights Camembert | 200g",Udder Delights Camembert | 200g,Udder Delights,"Dairy, Eggs & Fridge",Cheese,Brie & soft cheese,,$10.50,,,$52.50 per 1kg,3054549,"From Blue Cheese to Brie, Chevre to Camembert, Udder Delights is passionate about making, sharing and eating cheese. Our handmade artisan products are lovingly created at our cheese factory in Lobethal, in the beautiful Adelaide Hills. Working with South Australian dairies, from the Hills to the Fleurier Peninsula, we value our relationships with local producers.",,,,"Cow's Milk, Non-Animal Rennet, Culture, Salt",https://www.coles.com.au/product/udder-delights-camembert-200g-3054549,,,2024-06-16T21:45:30.095831-04:00
"Ind54SColes_ADairy, Eggs & Fridge_SACheese_IMainland Extra Tasty Cheddar Cheese Block | 500g",Mainland Extra Tasty Cheddar Cheese Block | 500g,Mainland,"Dairy, Eggs & Fridge",Cheese,Block cheese,,$10.00,,,$20.00 per 1kg,3308421,Mainland Cheese Extra Tasty Block 500g,,,"Per 100g/ml
Per Serving
%DI
Energy
1800 kJ
450 kJ
5%
Protein
23.3 g
5.8 g
12%
Total Fat
37.4 g
9.4 g
13%
Saturated Fat
22.5 g
5.6 g
23%
Carbohydrate
LESS THAN 1 g
LESS THAN 1 g
0%
Sugars
LESS THAN 1 g
LESS THAN 1 g
0%
Calcium
760 mg
190 mg
24% RDI*
Sodium
696 mg
174 mg
* Percentage Daily Intakes are based on an average adult diet of 8700 kJ. Your daily intakes may be higher or lower depending on your energy needs.",,https://www.coles.com.au/product/mainland-extra-tasty-cheddar-cheese-block-500g-3308421,,,2024-06-16T21:45:40.944327-04:00
"Ind54SColes_ADairy, Eggs & Fridge_SACheese_IBega Tasty Cheese Grated | 250g",Bega Tasty Cheese Grated | 250g,Bega,"Dairy, Eggs & Fridge",Cheese,Grated cheese,,$7.50,,,$30.00 per 1kg,4209549,Bega Cheese Tasty Grated 250g,,,"Per 100g/ml
Per Serving
%DI
Energy
1720kJ
430kJ
5%
Protein
24.2g
6.1g
12%
Total Fat
35.3g
8.8g
13%
Saturated Fat
21.3g
5.3g
22%
Carbohydrate
Less than 1g
Less than 1g
0%
Sugars
Less than 1g
Less than 1g
0%
Calcium
660mg
165mg
Sodium
720mg
180mg
8%
* Percentage Daily Intakes are based on an average adult diet of 8700 kJ. Your daily intakes may be higher or lower depending on your energy needs.",,https://www.coles.com.au/product/bega-tasty-cheese-grated-250g-4209549,,,2024-06-16T21:45:52.367986-04:00
"Ind54SColes_ADairy, Eggs & Fridge_SACheese_IKebia Bulgarian Sheep's Cheese | 400g",Kebia Bulgarian Sheep's Cheese | 400g,Kebia,"Dairy, Eggs & Fridge",Cheese,Gourmet Cheese,,$11.50,,,$28.75 per 1kg,3724696,"Smooth and creamy cheese produced with fresh free range milk from the mountains of Bulgaria. Perfect for Salads, baking and platters.",,,"Per 100g/ml
Per Serving
%DI
Energy
1300
360
4.1
Protein
17
4.8
9.6
Total Fat
24.5
7
10
Saturated Fat
15
4
16.7
Carbohydrate
1
0.3
0.1
Sugars
1
0.3
0.3
Sodium
1400
390
17
* Percentage Daily Intakes are based on an average adult diet of 8700 kJ. Your daily intakes may be higher or lower depending on your energy needs.",,https://www.coles.com.au/product/kebia-bulgarian-sheep's-cheese-400g-3724696,,,2024-06-16T21:46:03.493208-04:00
"Ind54SColes_ADairy, Eggs & Fridge_SACheese_ICastello Fetta Cubes In Brine | 430g",Castello Fetta Cubes In Brine | 430g,Castello,"Dairy, Eggs & Fridge",Cheese,Feta cheese,,$6.00,,,$13.95 per 1kg,3272889,"Castello Traditional Greek Style Fetta is made using a classic recipe to create a full flavour with a balanced, tangy finish and slightly crumbly texture.
It's pre-cut into convenient cubes, ready to add to salads, pizza, pasta and baked dishes.",,,"Per 100g/ml
Per Serving
%DI
Energy
1080kJ
270kJ
Protein
15.3g
3.8g
Total Fat
21.8g
5.5g
Saturated Fat
13.9g
3.5g
Carbohydrate
0.2g
<0.1g
Sugars
0.2g
<0.1g
Sodium
1200mg
300mg
* Percentage Daily Intakes are based on an average adult diet of 8700 kJ. Your daily intakes may be higher or lower depending on your energy needs.",,https://www.coles.com.au/product/castello-fetta-cubes-in-brine-430g-3272889,,,2024-06-16T21:46:14.943144-04:00
"Ind54SColes_ADairy, Eggs & Fridge_SACheese_IColes Traditional Bocconcini | 210g",Coles Traditional Bocconcini | 210g,Coles,"Dairy, Eggs & Fridge",Cheese,Gourmet Cheese,,$4.80,,,$22.86 per 1kg,2466460,"Coles Dairy traditional Bocconcini, 210g. Made with Australian milk, fresh milk pearls of mozzarella cheese, a fresh topping for pizza and salads. Perfect for entertaining.",,,"Per 100g/ml
Per Serving
%DI
Energy
1204.7
361.41
4
Protein
21.4
6.42
13
Total Fat
21.9
6.57
9
Saturated Fat
15.1
4.53
19
Carbohydrate
1.8
0.54
0
Calcium
447
134.1
Sodium
188
56.4
2
Energy (Cal)
288.21
86.46
Dietary Fibre
0
0
* Percentage Daily Intakes are based on an average adult diet of 8700 kJ. Your daily intakes may be higher or lower depending on your energy needs.",,https://www.coles.com.au/product/coles-traditional-bocconcini-210g-2466460,,,2024-06-16T21:46:26.270834-04:00
"Ind54SColes_ADairy, Eggs & Fridge_SACheese_IPhiladelphia Light Cream For Cooking | 240mL",Philadelphia Light Cream For Cooking | 240mL,Philadelphia,"Dairy, Eggs & Fridge",Cheese,Cream cheese & spreads,,$3.30,,,$1.38 per 100mL,6131497,"1 cup cooking Philadelphia = 1 cup cream

Philadelphia cooking cream has 60% less fat than regular cream. Philadelphia is uniquely deliciously creamy and made with fresh Australian milk.  It is perfect for a creamy pasta, creamy chicken pie, mushroom sauce, creamy potato mash or simply any savoury dish that you want to elevate with cheesy and creamy flavour. 

Phialdelphia cooking cream does not whip. 

 Easily Heated

Unlikely to Curdle

60% less fat than regular cream

Deliciously Creamy

Philadelphia is made in Australia since 1956

No artificial colours or flavours.

Made with at least 90% Australian ingredients.

100% recyclable.",,,"Per 100g/ml
Per Serving
%DI
Energy
728kJ
182kJ
2%
Protein
3.9g
<1.0g
2%
Total Fat
12.6g
3.2g
5%
Saturated Fat
8.8g
2.2g
9%
Carbohydrate
11.4g
2.9g
1%
Sugars
1.3g
<1.0g
<1%
Sodium
296mg
74mg
3%
Monounsaturated
0
0
0
Energy (Cal)
0
0
0
Dietary Fibre (total)
0
0
0
Polyunsaturated
0
0
0
Trans
0
0
0
* Percentage Daily Intakes are based on an average adult diet of 8700 kJ. Your daily intakes may be higher or lower depending on your energy needs.","Milk, Water, Cream (From Milk), Maltodextrin, Thickener (1450), Milk Solids, Salt, Vegetable Gums (466, 410 And/Or 412, 415), Gelatine, Emulsifier (472e), Preservative (200), Food Acid (339), Starter Culture, Processing Aids (Contain Milk).",https://www.coles.com.au/product/philadelphia-light-cream-for-cooking-240ml-6131497,,,2024-06-16T21:46:38.059863-04:00
"Ind54SColes_ADairy, Eggs & Fridge_SADairy, chilled & frozen_IColes Australian Light Shredded Mozzarella | 250g",Coles Australian Light Shredded Mozzarella | 250g,Coles,"Dairy, Eggs & Fridge","Dairy, chilled & frozen",Cheese & desserts,,$5.00,,,"$20.00 per 1kg
Was $5.50 on Apr 2024",1413323,"1 is for very mild strength 35% less fat and perfect for pizza, baked potato and lasagne.",,,"Per 100g/ml
Per Serving
%DI
Energy
1105.60
276.40
Protein
30.60
7.65
Saturated Fat
10.9
2.7
11
Carbohydrate
0.90
0.23
Sugars
0.80
0.20
Calcium
849.00
212.25
Sodium
550.00
137.50
Saturated
10.90
2.73
Energy (Cal)
264.50
66.12
Fat
15.30
3.83
Dietary Fibre (total)
0.50
0.13
* Percentage Daily Intakes are based on an average adult diet of 8700 kJ. Your daily intakes may be higher or lower depending on your energy needs.",,https://www.coles.com.au/product/coles-australian-light-shredded-mozzarella-250g-1413323,,,2024-06-16T21:46:48.913188-04:00
"Ind54SColes_ADairy, Eggs & Fridge_SACheese_IBega Stringers Original Cheese 8 pack | 160g",Bega Stringers Original Cheese 8 pack | 160g,Bega,"Dairy, Eggs & Fridge",Cheese,Cheese snacks,,$7.00,,,$43.75 per 1kg,7325863,Bega Cheese Original Stringers 8pk,,,"Per 100g/ml
Per Serving
%DI
Energy
1300kJ
260kJ
Protein
25.3g
5.1g
Total Fat
22.5g
4.5g
Saturated Fat
14.7g
2.9g
Carbohydrate
2.0g
Less than 1g
Sugars
Less than 1g
Less than 1g
Calcium
585mg
Sodium
650mg
130mg
* Percentage Daily Intakes are based on an average adult diet of 8700 kJ. Your daily intakes may be higher or lower depending on your energy needs.",,https://www.coles.com.au/product/bega-stringers-original-cheese-8-pack-160g-7325863,,,2024-06-16T21:47:01.287399-04:00
"Ind54SColes_ADairy, Eggs & Fridge_SACheese_INormandie Dairy Black Pepper Pate | 150g",Normandie Dairy Black Pepper Pate | 150g,Normandie,"Dairy, Eggs & Fridge",Cheese,Pates & platters,,$5.10,,,$3.40 per 100g,5686317,,,,"Per 100g/ml
Per Serving
%DI
Energy
1400kJ
140kJ
Protein
9.1g
0.9g
Total Fat
33g
3.3g
Saturated Fat
20g
2g
Carbohydrate
1.4g
0.1g
Sugars
<1g
<1g
Sodium
490mg
49mg
* Percentage Daily Intakes are based on an average adult diet of 8700 kJ. Your daily intakes may be higher or lower depending on your energy needs.",,https://www.coles.com.au/product/normandie-dairy-black-pepper-pate-150g-5686317,,,2024-06-16T21:47:12.162029-04:00
"Ind54SColes_ADairy, Eggs & Fridge_SACheese_IMainland On The Go Cheese & Balsamic Beetroot Lunch Pack | 110g",Mainland On The Go Cheese & Balsamic Beetroot Lunch Pack | 110g,Mainland,"Dairy, Eggs & Fridge",Cheese,Cheese snacks,,$5.50,,,$5.00 per 100g,3757549,Mainland Cheese On The Go Lunch Balsamic Beetroot 110g,,,"Per 100g/ml
Per Serving
%DI
Energy
1540kJ
1700kJ
20%
Protein
12.4g
13.7g
27%
Total Fat
20.8g
22.8g
33%
Saturated Fat
11.5g
12.6g
53%
Carbohydrate
31.3g
34.4g
11%
Sugars
11.8g
13.0g
14%
Calcium
280mg
300mg
(38% RDI*)
Sodium
650mg
710mg
31%
Energy (Cal)
369Cal
406Cal
Dietary Fibre (total)
1.8g
2.0g
7%
* Percentage Daily Intakes are based on an average adult diet of 8700 kJ. Your daily intakes may be higher or lower depending on your energy needs.",,https://www.coles.com.au/product/mainland-on-the-go-cheese-and-balsamic-beetroot-lunch-pack-110g-3757549,,,2024-06-16T21:47:23.509995-04:00
"Ind54SColes_ADairy, Eggs & Fridge_SACheese_ICastello Creamy Havarti | 200g",Castello Creamy Havarti | 200g,Castello,"Dairy, Eggs & Fridge",Cheese,Firm cheese,,$8.00,,,$40.00 per 1kg,3029086,"Castello Creamy Havarti is a mild and aromatic cheese with just a hint of tanginess. Its creamy texture makes Castello Creamy Havarti versatile enough for cheese platters, every-day snacking and cooking. Castello Creamy Havarti is a mild and buttery cheese with just a hint of tanginess. As it matures, the taste develops more character. It's a great everyday choice for cheese platters, snacking and cooking. Enjoy with crackers and fig paste, or sliced in a sandwich with smoked ham. Try it grilled or melted for a deliciously creamy taste.",,,"Per 100g/ml
Per Serving
%DI
Energy
1750kJ
437kJ
Protein
19g
5g
Total Fat
38g
10g
Saturated Fat
24g
6g
Carbohydrate
<1g
<1g
Sugars
<1g
<1g
Sodium
800mg
200mg
* Percentage Daily Intakes are based on an average adult diet of 8700 kJ. Your daily intakes may be higher or lower depending on your energy needs.",,https://www.coles.com.au/product/castello-creamy-havarti-200g-3029086,,,2024-06-16T21:47:35.562496-04:00
"Ind54SColes_ADairy, Eggs & Fridge_SACheese_IColes Grated Parmesan Cheese | 100g",Coles Grated Parmesan Cheese | 100g,Coles,"Dairy, Eggs & Fridge",Cheese,Grated cheese,,$2.00,,,$20.00 per 1kg,5235453,"Made from Australian milk, our Coles Grated Parmesan Cheese is packed with all the sharp, savory and nutty parmesan notes we know and love, ready to be sprinkled atop your next master meal. Unlike most big-name Parm-in-a-jar, our Coles Grated Parmesan Cheese is crafted with non-animal rennet, which makes it suitable for our vegetarian folk. Our ingredients are simple and free from potassium sorbate, a preservative often added to extend shelf-life and flavour. What you see is what you get, as it were.

Whether you plan to impress at the next BBQ gathering with an warm pumpkin salad or cook an undeniable meatball bolognese, sprinkling (or let's face it, pouring) this parmesan atop will only improve your no doubt excellent culinary creations.

A simple way to lift your mid-week meals: Parmesan-roasted potatoes

A simple way to lift your mid-week meals: Parmesan-roasted potatoes
Boil potatoes for 2 min, drain and lightly coat potatoes in oil
Toss potatoes into the parmesan mix (until evenly coated) and oven roast",,,"Per 100g/ml
Per Serving
%DI
Energy
1905.88
190.59
Protein
27.92
2.79
Saturated Fat
24.5
2.5
10
Carbohydrate
7.10
0.71
Sugars
7.10
0.71
Sodium
2939.00
293.90
Saturated
24.52
2.45
Energy (Cal)
455.95
45.60
Fat
35.42
3.54
Dietary Fibre (total)
0.00
0.00
Trans
0.40
0.04
* Percentage Daily Intakes are based on an average adult diet of 8700 kJ. Your daily intakes may be higher or lower depending on your energy needs.","INGREDIENTS: Pasteurised Milk, Salt, Starter Culture, Non- Animal Rennet.",https://www.coles.com.au/product/coles-grated-parmesan-cheese-100g-5235453,,,2024-06-16T21:47:46.641292-04:00
"Ind54SColes_ADairy, Eggs & Fridge_SA_IColes Deli Danish Fetta Cheese | approx 100g",Coles Deli Danish Fetta Cheese | approx 100g,Coles,"Dairy, Eggs & Fridge",,,,$2.13,,,$21.30 per 1kg,3218657,A creamier and smoother variant of the traditional Feta cheese. This type of feta is most popular because of its mild flavour and ability to be cubed and sliced without crumbling.,,,"Per 100g/ml
Per Serving
%DI
Energy
916
275
3
Protein
9.5
2.9
6
Total Fat
19.00
5.70
8
Saturated Fat
9.3
2.8
12
Carbohydrate
3.0
LESS THAN 1g
0
Sugars
2.70
0.81
1
Sodium
1520
456
20
Energy (Cal)
219
66
0
Dietary Fibre (total)
0.00
0.00
0
* Percentage Daily Intakes are based on an average adult diet of 8700 kJ. Your daily intakes may be higher or lower depending on your energy needs.",,https://www.coles.com.au/product/coles-deli-danish-fetta-cheese-approx.-100g-3218657,,,2024-06-16T21:47:57.475303-04:00
"Ind54SColes_ADairy, Eggs & Fridge_SACheese_IBega Easy Melt Colby Slices | 250g",Bega Easy Melt Colby Slices | 250g,Bega,"Dairy, Eggs & Fridge",Cheese,Sliced cheese,,$7.50,,,$30.00 per 1kg,1446286,Bega Cheese Easy Melt Colby Slices 250g,,,"Per 100g/ml
Per Serving
%DI
Energy
1680kJ
286kJ
3%
Protein
23.3g
4.0g
8%
Total Fat
34.5g
5.9g
8%
Saturated Fat
20.8g
3.5g
15%
Carbohydrate
Less than 1g
Less than 1g
0%
Sugars
Less than 1g
Less than 1g
0%
Calcium
720mg
Sodium
692mg
118mg
5%
* Percentage Daily Intakes are based on an average adult diet of 8700 kJ. Your daily intakes may be higher or lower depending on your energy needs.",,https://www.coles.com.au/product/bega-easy-melt-colby-slices-250g-1446286,,,2024-06-16T21:48:08.486420-04:00
"Ind54SColes_ADairy, Eggs & Fridge_SACheese_IPerfect Italiano Cheese Romano Block | 200g",Perfect Italiano Cheese Romano Block | 200g,Perfect Italiano,"Dairy, Eggs & Fridge",Cheese,Block cheese,,$7.50,,,$37.50 per 1kg,2486785,"Perfect Italiano Cheese Romano Block 200g
A traditional style Romano that is a sharp, full flavoured cheese.

Grated or shaved into your risottos, it is bound to add a punch of flavour.

Bold and Extra Strong Flavour",,,"Per 100g/ml
Per Serving
%DI
Energy
1570kJ
157kJ
2%
Protein
32.1g
3.2g
6%
Total Fat
27.0g
2.7g
4%
Saturated Fat
16.3g
1.6g
7%
Carbohydrate
Less than 1g
Less than 1g
0%
Sugars
Less than 1g
Less than 1g
0%
Calcium
950mg
92mg
12% RDI*
Sodium
846mg
85mg
4%
* Percentage Daily Intakes are based on an average adult diet of 8700 kJ. Your daily intakes may be higher or lower depending on your energy needs.",,https://www.coles.com.au/product/perfect-italiano-cheese-romano-block-200g-2486785,,,2024-06-16T21:48:19.796673-04:00
"Ind54SColes_ADairy, Eggs & Fridge_SA_IGreat Ocean Road Tasty Cheese Block | 500g",Great Ocean Road Tasty Cheese Block | 500g,Great Ocean Road,"Dairy, Eggs & Fridge",,,,$10.30,,,$20.60 per 1kg,9182177,"Escape the everyday and enjoy our naturally pure tasty. Born on the Great Ocean Road in Victoria, our products are made with 100% Australian milk sourced predominately from farmers in South West Victoria.- Tasty Cheese- Tasty Cheese Block",,,"Per 100g/ml
Per Serving
%DI
Energy
1750kJ
438kJ
0%
Protein
27g
7g
0%
Total Fat
34g
8g
0%
Saturated Fat
23.5g
6g
0%
Carbohydrate
<1g
<1g
0%
Sugars
<1g
<1g
0%
Calcium
750mg
188mg
23%
Sodium
650mg
163mg
0%
* Percentage Daily Intakes are based on an average adult diet of 8700 kJ. Your daily intakes may be higher or lower depending on your energy needs.",,https://www.coles.com.au/product/great-ocean-road-tasty-cheese-block-500g-9182177,,,2024-06-16T21:48:30.775628-04:00
"Ind54SColes_ADairy, Eggs & Fridge_SACheese_IMainland On The Go Tasty Cheese & Crackers | 50g",Mainland On The Go Tasty Cheese & Crackers | 50g,Mainland,"Dairy, Eggs & Fridge",Cheese,Cheese snacks,,$3.00,Pick any 2 for $5,,$6.00 per 100g,7851550,Mainland Cheese & Crackers Tasty Cheddar with Water Crackers. New Zealand Aged Cheddar.,,,"Per 100g/ml
Per Serving
%DI
Energy
1720kJ
860kJ
Protein
19.5g
9.8g
Total Fat
25.1g
12.6g
Saturated Fat
15.9g
8.0g
Carbohydrate
26.2g
13.1g
Sugars
Less than 1g
Less than 1g
Calcium
471mg
236mg
Sodium
636mg
318mg
* Percentage Daily Intakes are based on an average adult diet of 8700 kJ. Your daily intakes may be higher or lower depending on your energy needs.","Tasty Cheddar Cheese 62% [Milk, Salt, Cultures, Enzyme (Non-Animal Rennet)], Water Crackers 38% {Biscuit Flour [Wheat Flour, Minerals (Iron, Zinc), Vitamins (Niacin, Thiamin, Riboflavin, Folate)], Vegetable Fats and Oil [Contains Antioxidants (307b, 322 (Soy))], Iodised Salt, Raising Agent (500)}.",https://www.coles.com.au/product/mainland-on-the-go-tasty-cheese-and-crackers-50g-7851550,,,2024-06-16T21:48:43.041884-04:00
"Ind54SColes_ADairy, Eggs & Fridge_SACheese_IMersey Valley Club Classic Cheddar Cheese | 235g",Mersey Valley Club Classic Cheddar Cheese | 235g,Mersey Valley,"Dairy, Eggs & Fridge",Cheese,Cheddar & tasty cheese,,$7.00,,$9.95,$29.79 per 1kg,4513200,"Mersey Valley Classic has a strong cheddar bite with a crumbly, melt in your mouth texture that has you coming back for more. Mersey Valley Classic is best paired with tomato relish, gherkins and cold meats, and best served with light craft beer or light red wine.Perfect for a snack that really hits the spot!",,,"Per 100g/ml
Per Serving
%DI
Energy
1740kJ
435kJ
0%
Protein
24.8g
6.2g
0%
Total Fat
33g
8.25g
0%
Saturated Fat
21.1g
5.275g
0%
Carbohydrate
1.4g
<1g
0%
Sugars
<1g
<1g
0%
Calcium
725mg
181.25mg
0%
Sodium
762mg
190.5mg
0%
* Percentage Daily Intakes are based on an average adult diet of 8700 kJ. Your daily intakes may be higher or lower depending on your energy needs.",,https://www.coles.com.au/product/mersey-valley-club-classic-cheddar-cheese-235g-4513200,,,2024-06-16T21:48:54.052525-04:00
"Ind54SColes_ADairy, Eggs & Fridge_SACheese_IColes Dairy Tasty Light Cheese Block | 1kg",Coles Dairy Tasty Light Cheese Block | 1kg,Coles,"Dairy, Eggs & Fridge",Cheese,Block cheese,,$13.90,,,$13.90 per 1kg,6900933,STRENGTH INDICATOR: 3 mature Matured for a rich & tasty flavour +30% Less Fat than Coles standard Tasty Cheddar,,,"Per 100g/ml
Per Serving
%DI
Energy
1402.80
350.70
Protein
29.70
7.43
Total Fat
24.20
6.05
Saturated Fat
16.60
4.15
Carbohydrate
0.10
0.03
Sugars
0.10
0.03
Calcium
841.00
210.25
Sodium
665.00
166.25
Energy (Cal)
335.60
83.90
Dietary Fibre (total)
0.10
0.03
* Percentage Daily Intakes are based on an average adult diet of 8700 kJ. Your daily intakes may be higher or lower depending on your energy needs.",,https://www.coles.com.au/product/coles-dairy-tasty-light-cheese-block-1kg-6900933,,,2024-06-16T21:49:07.068151-04:00
"Ind54SColes_ADairy, Eggs & Fridge_SACheese_ISouth Cape Danish Style Reduced Fat Fetta | 200g",South Cape Danish Style Reduced Fat Fetta | 200g,South Cape,"Dairy, Eggs & Fridge",Cheese,Feta cheese,,$6.50,,,$32.50 per 1kg,4539521,"South Cape Reduced Fat Danish Fetta is a smooth, creamy fetta with a firm yet slightly crumbly texture and a milky fresh flavour. Made with cow's milk, it contains 29% less fat than regular South Cape Danish Fetta. Best served with salad and paired with sparkling. Liberate your plate with South Cape.",,,"Per 100g/ml
Per Serving
%DI
Energy
806kJ
201.5kJ
0%
Protein
17g
4.25g
0%
Total Fat
13.5g
3.375g
0%
Saturated Fat
8.8g
2.2g
0%
Carbohydrate
<1g
<1g
0%
Sugars
<1g
<1g
0%
Calcium
450mg
112.5mg
0%
Sodium
993mg
248.25mg
0%
* Percentage Daily Intakes are based on an average adult diet of 8700 kJ. Your daily intakes may be higher or lower depending on your energy needs.",,https://www.coles.com.au/product/south-cape-danish-style-reduced-fat-fetta-200g-4539521,,,2024-06-16T21:49:19.880512-04:00
"Ind54SColes_ADairy, Eggs & Fridge_SACheese_INorco Natural Cheese Block | 500g",Norco Natural Cheese Block | 500g,Norco,"Dairy, Eggs & Fridge",Cheese,Block cheese,,$12.00,,,$24.00 per 1kg,447556,"Inspired by its birthplace in the beautiful, stress-free region of Northern NSW, this is a cheese oozing with goodness. This delicious cheese is low in salt, contains no animal rennet, provides the goodness of dairy, and contains vegetarian enzymes. It also contains acidophilus cultures for good gut health. It's a creamy, healthy cheese with a dash of peace-of-mind.
100% Australian Farmer Owned

Ideal For Melting

Matured For Up To 12 Months

30% Daily Calcium",,,"Per 100g/ml
Per Serving
%DI
Energy
1630kJ
408kJ
0
Protein
26g
6.5g
0
Total Fat
32g
8.0g
0
Saturated Fat
22.4g
5.6g
0
Carbohydrate
Less than 1g
Less than 1g
0
Sugars
Less than 1g
Less than 1g
0
Calcium
740mg
185mg
0
Sodium
300mg
75mg
0
Monounsaturated
0
0
0
Energy (Cal)
391Cal
98Cal
0
Dietary Fibre (total)
0
0
0
Polyunsaturated
0
0
0
Potassium
500mg
125mg
Trans
0
0
0
* Percentage Daily Intakes are based on an average adult diet of 8700 kJ. Your daily intakes may be higher or lower depending on your energy needs.",,https://www.coles.com.au/product/norco-natural-cheese-block-500g-447556,,,2024-06-16T21:49:31.660625-04:00
"Ind54SColes_ADairy, Eggs & Fridge_SACheese_IBio Cheese Creamy Original Spreadable | 150g",Bio Cheese Creamy Original Spreadable | 150g,Bio,"Dairy, Eggs & Fridge",Cheese,Cheese snacks,,$4.20,,$7.00,$28.00 per 1kg,3844723,"It's smooth, it's creamy, it's mild... it's BioCreamy. Introducing the perfect cream cheese simulant - ideally spread on a bagel, used in dessert recipes or even paired with strawberries as an evening snack. Entirely free of additives and preservatives, and containing only plant-based ingredients, this product is light on the stomach (and flavourful on the tastebuds).
Vegan Friendly

Vegetarian

Gluten Free

Soya Free

Lactose Free

Palm Oil Free.

GMO Free.

Plant-Based Dairy Simulant.",,,"Per 100g/ml
Per Serving
%DI
Energy
987
296
Protein
0
0
Total Fat
23
6.9
Saturated Fat
21
6.3
Carbohydrate
8
2.4
Sugars
0
0
Sodium
480
144
Energy (Cal)
239
72
Trans
0.23
0.069
* Percentage Daily Intakes are based on an average adult diet of 8700 kJ. Your daily intakes may be higher or lower depending on your energy needs.",,https://www.coles.com.au/product/bio-cheese-creamy-original-spreadable-150g-3844723,,,2024-06-16T21:49:42.584093-04:00
"Ind54SColes_ADairy, Eggs & Fridge_SACheese_ICracker Barrel Special Reserve Cheese Block | 250g",Cracker Barrel Special Reserve Cheese Block | 250g,Cracker Barrel,"Dairy, Eggs & Fridge",Cheese,Block cheese,,$7.45,,$9.20,$29.80 per 1kg,8838218,"Our vintage cheddar is carefully aged to develop a sharp, full bodied flavour and crumbly texture.",,,"Per 100g/ml
Per Serving
%DI
Energy
1750kJ
438kJ
0%
Protein
25.8g
6.5g
0%
Total Fat
34g
8.5g
0%
Saturated Fat
23.5g
5.9g
0%
Carbohydrate
<1g
<1g
0%
Sugars
<1g
<1g
0%
Calcium
750mg
188mg
24%
Sodium
730mg
183mg
0%
* Percentage Daily Intakes are based on an average adult diet of 8700 kJ. Your daily intakes may be higher or lower depending on your energy needs.",,https://www.coles.com.au/product/cracker-barrel-special-reserve-cheese-block-250g-8838218,,,2024-06-16T21:49:54.394382-04:00
"Ind54SColes_ADairy, Eggs & Fridge_SACheese_IBabybel Mini Cheese Regular | 200g",Babybel Mini Cheese Regular | 200g,Babybel,"Dairy, Eggs & Fridge",Cheese,Cheese snacks,,$9.00,,$11.20,$45.00 per 1kg,6165047,"Mild, creamy and delicious, Original Mini Babybel makes snack time a tasty adventure.This 100% real cheese snack has no artificial growth hormones*, artificial colours, flavours, or preservatives.Pair it with your favourite crackers or pretzel for a creamy, crunchy duo.",,,,,https://www.coles.com.au/product/babybel-mini-cheese-regular-200g-6165047,,,2024-06-16T21:50:03.217829-04:00
"Ind54SColes_ADairy, Eggs & Fridge_SACheese_IColes Gourmet Selection Paneer | 200g",Coles Gourmet Selection Paneer | 200g,Coles,"Dairy, Eggs & Fridge",Cheese,Block cheese,,$6.00,,,$30.00 per 1kg,6793651,"Mild in flavour, Paneer is a non-melting set cheese that is perfect for grilling, baking or adding to curries.",,,"Per 100g/ml
Per Serving
%DI
Energy
1267.50
633.75
Protein
21.10
10.55
Total Fat
23.3
11.7
17
Saturated Fat
16.0
8.0
33
Carbohydrate
2.70
1.35
Sugars
1.80
0.90
Sodium
130.00
65.00
Saturated
16.00
8.00
Energy (Cal)
303.23
151.61
Fat
23.30
11.65
Dietary Fibre (total)
0.10
0.05
* Percentage Daily Intakes are based on an average adult diet of 8700 kJ. Your daily intakes may be higher or lower depending on your energy needs.","INGREDIENTS: Pasteurised Cows Milk (99%), Salt, Preservatives (202, 260), Firming Agent (509), Modified Starch (1442), Stabiliser (415).",https://www.coles.com.au/product/coles-gourmet-selection-paneer-200g-6793651,,,2024-06-16T21:50:14.428516-04:00
"Ind54SColes_ADairy, Eggs & Fridge_SACheese_ICheer Vintage Cheese Slices | 250g",Cheer Vintage Cheese Slices | 250g,Cheer,"Dairy, Eggs & Fridge",Cheese,Sliced cheese,,$7.30,,,$29.20 per 1kg,7648523,"NEW CHEER Cheese slices - refill pack! Now with 80% less plastic* and available in all 250g cheese slice variants. Bring a little CHEER, with a lot less plastic. Simply BYO container and help us save the extra plastic! *Compared to the weight of previous CHEER Slices 250g packagingCHEER Cheese 250g Vintage Cheese Slices are perfect for lunch box sandwiches on the go or to create delicious cheesy toasties at home! With a strong and bitey cheese flavour and 16 slice pack, CHEER Vintage Cheese Slices are ideal for bringing a little CHEER to your table!- 16 Vintage cheese slices- Simply BYO container and help us save the extra plastic! - Made in Australia from 100% Australian cow's milk- Vegetarian friendly- Preservative free- Strong and bitey cheese flavour- Perfect for your back to school lunch box or as a snack when relaxing at home!",,,"Per 100g/ml
Per Serving
%DI
Energy
1750kJ
280kJ
3%
Protein
25.8g
4.1g
8%
Total Fat
34g
5.4g
8%
Saturated Fat
23.5g
3.8g
16%
Carbohydrate
<1g
<1g
1%
Sugars
<1g
<1g
1%
Calcium
750mg
120mg
15%
Sodium
720mg
115mg
5%
* Percentage Daily Intakes are based on an average adult diet of 8700 kJ. Your daily intakes may be higher or lower depending on your energy needs.",,https://www.coles.com.au/product/cheer-vintage-cheese-slices-250g-7648523,,,2024-06-16T21:50:25.520591-04:00
"Ind54SColes_ADairy, Eggs & Fridge_SACheese_IBrancourts Classic Cottage Cheese | 250g",Brancourts Classic Cottage Cheese | 250g,Brancourts,"Dairy, Eggs & Fridge",Cheese,Brie & soft cheese,,$4.80,,,$19.20 per 1kg,3271922,250g Value Tub,,,"Per 100g/ml
Per Serving
%DI
Energy
436kJ
436kJ
Protein
10.5g
10.5g
Total Fat
4.9g
4.9g
Saturated Fat
3.3g
3.3g
Carbohydrate
4.5g
4.5g
Sugars
4.1g
4.1g
Calcium
125mg
125mg
Sodium
351mg
351mg
Gluten
0mg
0mg
* Percentage Daily Intakes are based on an average adult diet of 8700 kJ. Your daily intakes may be higher or lower depending on your energy needs.",,https://www.coles.com.au/product/brancourts-classic-cottage-cheese-250g-3271922,,,2024-06-16T21:50:36.270307-04:00
"Ind54SColes_ADairy, Eggs & Fridge_SADairy, chilled & frozen_IUnicorn Classic Camembert | 125g",Unicorn Classic Camembert | 125g,Unicorn,"Dairy, Eggs & Fridge","Dairy, chilled & frozen",Cheese & yoghurt,,$5.00,,,"$40.00 per 1kg
Was $6.00 on Apr 2024",5094125,"Ready to eat fully matured, soft & creamy cheese.",,,,"Milk, Cream (From Milk), Salt, Starter Cultures, Enzyme (Non Animal Rennet)",https://www.coles.com.au/product/unicorn-classic-camembert-125g-5094125,,,2024-06-16T21:50:45.048153-04:00
"Ind54SColes_ADairy, Eggs & Fridge_SACheese_IColes Dairy Shredded Parmesan Cheese | 250g",Coles Dairy Shredded Parmesan Cheese | 250g,Coles,"Dairy, Eggs & Fridge",Cheese,Grated cheese,,$6.00,,,$24.00 per 1kg,5726014,"6 reserve strength Matured for a minimum of 11 months, for a strong sharp and distinctive flavour, perfect for pasta and salads.",,,"Per 100g/ml
Per Serving
%DI
Energy
1551.6
387.9
Protein
32
8
Carbohydrate
0.1
0.03
Sugars
0.1
0.03
Calcium
964
241
Sodium
1010
252.5
Saturated
18.8
4.7
Energy (Cal)
371.2
92.8
Fat
27.1
6.78
Dietary Fibre (total)
0.4
0.1
* Percentage Daily Intakes are based on an average adult diet of 8700 kJ. Your daily intakes may be higher or lower depending on your energy needs.",,https://www.coles.com.au/product/coles-dairy-shredded-parmesan-cheese-250g-5726014,,,2024-06-16T21:50:56.034452-04:00
"Ind54SColes_ADairy, Eggs & Fridge_SACheese_ISouth Cape Cream Cheese Sweet Chilli | 80g",South Cape Cream Cheese Sweet Chilli | 80g,South Cape,"Dairy, Eggs & Fridge",Cheese,Specialty & entertaining cheese,,$4.80,Pick any 3 for $12,,$60.00 per 1kg,5003618,,,,,,https://www.coles.com.au/product/south-cape-cream-cheese-sweet-chilli-80g-5003618,,,2024-06-16T21:51:04.756998-04:00
"Ind54SColes_ADairy, Eggs & Fridge_SAColes Finest_IColes Finest French Double Cream Brie | approx 100g",Coles Finest French Double Cream Brie | approx 100g,Coles,"Dairy, Eggs & Fridge",Coles Finest,cheeses,,$7.00,,,$70.00 per 1kg,3635891,,,,,,https://www.coles.com.au/product/coles-finest-french-double-cream-brie-approx.-100g-3635891,,,2024-06-16T21:51:13.695202-04:00
"Ind54SColes_ADairy, Eggs & Fridge_SACheese_IColes Simply Light Sandwich Slices 24 Pack | 500g",Coles Simply Light Sandwich Slices 24 Pack | 500g,Coles,"Dairy, Eggs & Fridge",Cheese,Sliced cheese,,$4.75,,,$9.50 per 1kg,5164639,Individually wrapped24 pack,,,"Per 100g/ml
Per Serving
%DI
Energy
966.5
202.97
Protein
18.8
3.95
Carbohydrate
3.4
0.71
Sugars
3.4
0.71
Sodium
1230
258
11
Saturated
11.1
2.33
Energy (Cal)
231.22
48.56
Fat
15.9
3.34
Dietary Fibre (total)
0.1
0.02
Trans
0.6
0.13
trans
LESS THAN 1g
LESS THAN 1g
* Percentage Daily Intakes are based on an average adult diet of 8700 kJ. Your daily intakes may be higher or lower depending on your energy needs.",,https://www.coles.com.au/product/coles-simply-light-sandwich-slices-24-pack-500g-5164639,,,2024-06-16T21:51:24.972243-04:00
"Ind54SColes_ADairy, Eggs & Fridge_SAChampagne & sparkling_IChandon NV Sparkling Brut 750mL | 1 Each",Chandon NV Sparkling Brut 750mL | 1 Each,Chandon,"Dairy, Eggs & Fridge",Champagne & sparkling,Sparkling,,$28.00,,$35.00,$37.33 per 1L,8244712,"If variety is the spice of life, then Chandon Brut is a perfectly seasoned little sparkling. A mix of Chardonnay, Pinot Noir and Meunier grapes are all carefully selected from cool climate locations across Victoria's high country. It's the changes in altitude, age and aspect that can create something deliciously unexpected. The result is a fresh, vibrant finish with hints of apple sorbet, lemon zest, sourdough and nougat. It's diversity that makes the difference - and luckily for us, we've got it in spades.
Chandon Brut is at the cornerstone of Chandon Australia winemaking, combining pristine Australian vineyard resources with French heritage and savior fair.",,,,,https://www.coles.com.au/product/chandon-nv-sparkling-brut-750ml-1-each-8244712,,,2024-06-16T21:51:34.018686-04:00
"Ind54SColes_ADairy, Eggs & Fridge_SACheese_ITidbit Gorgonzola Dolce Dop | 200g",Tidbit Gorgonzola Dolce Dop | 200g,Tidbit,"Dairy, Eggs & Fridge",Cheese,Blue cheese,,$8.50,,,$42.50 per 1kg,5443202,,,,,,https://www.coles.com.au/product/tidbit-gorgonzola-dolce-dop-200g-5443202,,,2024-06-16T21:51:42.833128-04:00
"Ind54SColes_ADairy, Eggs & Fridge_SACheese_IColes Spreadable Light Cream Cheese Tub | 250g",Coles Spreadable Light Cream Cheese Tub | 250g,Coles,"Dairy, Eggs & Fridge",Cheese,Cream cheese & spreads,,$2.90,,,$11.60 per 1kg,8588926,"Coles Spreadable Light Cream Cheese Tub, 250g. Made with Australian milk. Smooth and creamy, perfect for bagels and sandwiches.",,,"Per 100g/ml
Per Serving
%DI
Energy
686.90
171.73
Protein
9.60
2.40
Carbohydrate
3.80
0.95
Sugars
2.90
0.73
Calcium
102.00
25.50
Sodium
167.00
41.75
Saturated
8.70
2.18
Energy (Cal)
164.33
41.08
Fat
12.30
3.08
Dietary Fibre (total)
0.50
0.13
* Percentage Daily Intakes are based on an average adult diet of 8700 kJ. Your daily intakes may be higher or lower depending on your energy needs.",,https://www.coles.com.au/product/coles-spreadable-light-cream-cheese-tub-250g-8588926,,,2024-06-16T21:52:00.508495-04:00
"Ind54SColes_ADairy, Eggs & Fridge_SACheese_IColes Simply Sandwich Slices 24 Pack | 500g",Coles Simply Sandwich Slices 24 Pack | 500g,Coles,"Dairy, Eggs & Fridge",Cheese,Sliced cheese,,$4.75,,,$9.50 per 1kg,244242,individually wrapped24 pack,,,"Per 100g/ml
Per Serving
%DI
Energy
1210
255
3
Protein
18.2
3.8
8
Total Fat
22.5
4.7
7
Saturated Fat
17.3
3.6
15
Carbohydrate
4.1
LESS THAN 1g
0
Sugars
0.60
0.13
Saturated
17.50
3.68
Sodium
1260
265
12
Energy (Cal)
290
61
Fat
22.70
4.77
Dietary Fibre (total)
0.10
0.02
Trans
0.60
0.13
trans
LESS THAN 1g
LESS THAN 1g
* Percentage Daily Intakes are based on an average adult diet of 8700 kJ. Your daily intakes may be higher or lower depending on your energy needs.",,https://www.coles.com.au/product/coles-simply-sandwich-slices-24-pack-500g-244242,,,2024-06-16T21:52:11.647136-04:00
"Ind54SColes_ADairy, Eggs & Fridge_SACheese_ICheer Plant Based Shredded Cheese | 200g",Cheer Plant Based Shredded Cheese | 200g,Cheer,"Dairy, Eggs & Fridge",Cheese,Grated cheese,,$6.30,,,"$31.50 per 1kg
Was $7.00 on May 2024",6126307,"CHEER Plant Based Grated Cheese  a plant based cheese alternative, conveniently shredded and ready for use! Deliciously creamy, great texture, great taste! Bring a little CHEER to your next meal with this CHEER dairy free and gluten free shredded cheese alternative. CHEER 200g Plant Based Grated Cheese is perfect for use during cooking or as the perfect, cheesy style finishing touch to sprinkle over your meal! Try using use CHEER Plant Based Shredded Cheese to make delicious plant based or vegan meals at home - it is perfect as a vegan alternative for topping off pasta or for sprinkling over a plant-based parmagania! - 200g Plant Based shredded cheese- Dairy free- Gluten free- Vegan and vegetarian friendly- Perfect for sprinkling over plant based or vegan alternative meals like plant based pasta or cheesy style vegan pizza!",,,"Per 100g/ml
Per Serving
%DI
Energy
1480kJ
444kJ
5.10%
Protein
<1g
<1g
1%
Total Fat
29.5g
8.9g
12.60%
Saturated Fat
25.5g
7.7g
31.90%
Carbohydrate
22.4g
6.7g
2.20%
Sugars
<1g
<1g
1%
Sodium
860mg
258mg
11.20%
* Percentage Daily Intakes are based on an average adult diet of 8700 kJ. Your daily intakes may be higher or lower depending on your energy needs.",,https://www.coles.com.au/product/cheer-plant-based-shredded-cheese-200g-6126307,,,2024-06-16T21:52:23.184159-04:00
"Ind54SColes_ADairy, Eggs & Fridge_SACheese_IArnotts Jatz & Tasty Cheese | 33g",Arnotts Jatz & Tasty Cheese | 33g,Arnotts,"Dairy, Eggs & Fridge",Cheese,Cheese snacks,,$3.40,,,$10.30 per 100g,5422166,"A delicious duo of Arnott's Jatz crackers and Tasty Cheese in a handy snack pack

Jatz oven baked not fried

Source of protein

No artifical colours or flavours",,,"Per 100g/ml
Per Serving
%DI
Energy
1820kj
600kj
7%
Protein
17.5g
5.8g
12%
Total Fat
27.7g
9.2g
13%
Saturated Fat
15.4g
5.1g
21%
Carbohydrate
28.6g
9.4g
3%
Sugars
3.1g
1.0g
1%
Sodium
622mg
205mg
9%
* Percentage Daily Intakes are based on an average adult diet of 8700 kJ. Your daily intakes may be higher or lower depending on your energy needs.",,https://www.coles.com.au/product/arnotts-jatz-and-tasty-cheese-33g-5422166,,,2024-06-16T21:52:34.461935-04:00
"Ind54SColes_ADairy, Eggs & Fridge_SACheese_ITasmanian Heritage Trilogy Summer Herbs Vintage Cheddar & Sundried Tomato | 140g",Tasmanian Heritage Trilogy Summer Herbs Vintage Cheddar & Sundried Tomato | 140g,Tasmanian Heritage,"Dairy, Eggs & Fridge",Cheese,Cheddar & tasty cheese,,$6.50,,,$46.43 per 1kg,6578069,South Cape Trilogy offers the traditional flavour of Vintage paired with the Mediterranean flavours of Summer Herbs and Sun-dried Tomato. Best served with crackers and paired with craft beer. Liberate your plate with South Cape.,,,"Per 100g/ml
Per Serving
%DI
Energy
1710kJ
427.5kJ
0%
Protein
25.4g
6.35g
0%
Total Fat
34g
8.5g
0%
Saturated Fat
22.8g
5.7g
0%
Carbohydrate
<1g
<1g
0%
Sugars
<1g
<1g
0%
Calcium
744mg
186mg
0%
Sodium
700mg
175mg
0%
* Percentage Daily Intakes are based on an average adult diet of 8700 kJ. Your daily intakes may be higher or lower depending on your energy needs.","Cheese (Milk, Salt, Mineral Salt (509), Cultures, Rennet, Preservative (235)), Tomato Powder, Sundried Tomatoes (0.3%), Herbs (0.2%), Carrot, Garlic, Maltodextrin, Spice Extract, Preservative (202).",https://www.coles.com.au/product/tasmanian-heritage-trilogy-summer-herbs-vintage-cheddar-and-sundried-tomato-140g-6578069,,,2024-06-16T21:52:45.540986-04:00
"Ind54SColes_ADairy, Eggs & Fridge_SACheese_IDodoni Greek Feta Cheese Lactose Free | 200g",Dodoni Greek Feta Cheese Lactose Free | 200g,Dodoni,"Dairy, Eggs & Fridge",Cheese,Block cheese,,$8.90,,,$44.50 per 1kg,3561955,"Lactose free feta cheese (P.D.O.)
Authentic Greek feta made from pasteurized sheep's & goat's milk",,,"Per 100g/ml
Per Serving
%DI
Energy
1075kJ
323kJ
Protein
17g
5.1g
Total Fat
21g
6.3g
Saturated Fat
15.7g
4.7g
Carbohydrate
<1g
<1g
Sugars
<1g
<1g
Sodium
1010mg
303mg
* Percentage Daily Intakes are based on an average adult diet of 8700 kJ. Your daily intakes may be higher or lower depending on your energy needs.",,https://www.coles.com.au/product/dodoni-greek-feta-cheese-lactose-free-200g-3561955,,,2024-06-16T21:52:56.811800-04:00
"Ind54SColes_ADairy, Eggs & Fridge_SACheese_IBega Strong & Bitey Dairy Cheese Vintage Block | 500g",Bega Strong & Bitey Dairy Cheese Vintage Block | 500g,Bega,"Dairy, Eggs & Fridge",Cheese,Block cheese,,$10.50,,,$21.00 per 1kg,5369052,"Proudly Australian owned and made.
100% Natural source of calcium.
What makes bega.. bega? Over 100 years of dairying heritage resulting in the unique bega taste you know and love.",,,"Per 100g/ml
Per Serving
%DI
Energy
1720kJ
430kJ
5%
Protein
24.8g
6.2g
12%
Total Fat
34.7g
8.7g
12%
Saturated Fat
23.8g
6.0g
25%
Carbohydrate
LESS THAN 1g
LESS THAN 1g
0%
Sugars
LESS THAN 1g
LESS THAN 1g
0%
Calcium
738mg
185mg (23% RDI*)
Sodium
650mg
163mg
7%
* Percentage Daily Intakes are based on an average adult diet of 8700 kJ. Your daily intakes may be higher or lower depending on your energy needs.",,https://www.coles.com.au/product/bega-strong-and-bitey-dairy-cheese-vintage-block-500g-5369052,,,2024-06-16T21:53:09.021769-04:00
"Ind54SColes_ADairy, Eggs & Fridge_SA_IPerfect Italiano Perfect Pizza Grated Cheese | 450g",Perfect Italiano Perfect Pizza Grated Cheese | 450g,Perfect Italiano,"Dairy, Eggs & Fridge",,,,$9.50,,,$21.11 per 1kg,5723490,"Perfect Italiano Cheese Perfect Pizza Grated 450g
3 cheeses for authentic flavour",,,"Per 100g/ml
Per Serving
%DI
Energy
1380kJ
345kJ
4%
Protein
26.3g
6.6g
13%
Total Fat
25.1g
6.3g
9%
Saturated Fat
16.1g
4.0g
17%
Carbohydrate
Less than 1g
Less than 1g
0%
Sugars
Less than 1g
Less than 1g
0%
Calcium
758mg
189mg
23% RDI*
Sodium
617mg
154mg
7%
* Percentage Daily Intakes are based on an average adult diet of 8700 kJ. Your daily intakes may be higher or lower depending on your energy needs.",,https://www.coles.com.au/product/perfect-italiano-perfect-pizza-grated-cheese-450g-5723490,,,2024-06-16T21:53:22.338677-04:00
"Ind54SColes_ADairy, Eggs & Fridge_SAColes Finest_IColes Finest Australian Organic Washed Rind | approx 100g",Coles Finest Australian Organic Washed Rind | approx 100g,Coles,"Dairy, Eggs & Fridge",Coles Finest,cheeses,,$7.80,,,$78.00 per 1kg,3897253,"The Coles Finest Australian Organic Washed Rind cheese is expertly crafted with a bright organge rind and a soft, creamy cheese, with a robust savoury flavour and silky smooth texture.",,,"Per 100g/ml
Per Serving
%DI
Energy
1182.40
591.20
Protein
20.30
10.15
Carbohydrate
0.50
0.25
Sugars
0.10
0.05
Sodium
472.00
236.00
Saturated
16.90
8.45
Energy (Cal)
282.87
141.44
Fat
22.40
11.20
Dietary Fibre (total)
0.00
0.00
* Percentage Daily Intakes are based on an average adult diet of 8700 kJ. Your daily intakes may be higher or lower depending on your energy needs.",,https://www.coles.com.au/product/coles-finest-australian-organic-washed-rind-approx.-100g-3897253,,,2024-06-16T21:53:33.348789-04:00
"Ind54SColes_ADairy, Eggs & Fridge_SACheese_ISouth Cape 4 Piece Cheese Selection Platter | 435g",South Cape 4 Piece Cheese Selection Platter | 435g,South Cape,"Dairy, Eggs & Fridge",Cheese,Pates & platters,,$21.95,,,$50.46 per 1kg,8116847,,,,,,https://www.coles.com.au/product/south-cape-4-piece-cheese-selection-platter-435g-8116847,,,2024-06-16T21:53:42.115647-04:00
"Ind54SColes_ADairy, Eggs & Fridge_SACheese_IAshgrove Tasmanian Vintage Cheddar Wineglass Bay | 140g",Ashgrove Tasmanian Vintage Cheddar Wineglass Bay | 140g,Ashgrove,"Dairy, Eggs & Fridge",Cheese,Cheddar & tasty cheese,,$7.50,,,$53.57 per 1kg,7162769,"Ashgrove Wineglass Bay Tasmanian Vintage Cheddar is strong, sharp and crumbly. Pair with rye bread and cider. 100% Tassie family-owned from paddock to plate. Family farm since 1908. Grass, cow, you.",,,"Per 100g/ml
Per Serving
%DI
Energy
1660kJ
332kJ
Protein
24.6g
4.9g
Total Fat
32.8g
6.6g
Saturated Fat
21.6g
4.3g
Carbohydrate
0.5g
0.1g
Sugars
0.4g
0.1g
Calcium
684mg
137mg
Sodium
684mg
137mg
Gluten
NIL
NIL
Trans
1.7g
0.3g
* Percentage Daily Intakes are based on an average adult diet of 8700 kJ. Your daily intakes may be higher or lower depending on your energy needs.",,https://www.coles.com.au/product/ashgrove-tasmanian-vintage-cheddar-wineglass-bay-140g-7162769,,,2024-06-16T21:53:54.430167-04:00
"Ind54SColes_ADairy, Eggs & Fridge_SAFrozen pastry & party food_IPampas Frozen Puff Pastry Sheets 10 pack | 1.6kg",Pampas Frozen Puff Pastry Sheets 10 pack | 1.6kg,Pampas,"Dairy, Eggs & Fridge",Frozen pastry & party food,Pastry Sheets,,$8.50,,,$0.53 per 100g,8469177,"Make the best pastries with Pampas Frozen Puff Pastry 10 Sheets. Whether you're craving tarts or a fruit-filled roll, Pampas is sure to help you create something delicious. Enjoy pastry the way you want to with Pampas Frozen Puff Pastry. it's light, golden layers are the key ingredient for beautiful pies and tarts. Made with no artificial colours, flavours or preservatives and suitable for vegetarians, these pastry sheets are made to be enjoyed by anyone. Pampas Frozen Puff Pastry gives you flaky, golden layers every time which are perfect for making quiches, pies, slices, tarts and rolls.",,,"Per 100g/ml
Per Serving
%DI
Energy
1390kJ
700kJ
8%
Protein
6.2g
3.1g
6%
Total Fat
15.8g
7.9g
12%
Saturated Fat
7.8g
3.9g
16%
Carbohydrate
41.3g
20.7g
7%
Sugars
2.5g
1.3g
1%
Sodium
345mg
175mg
8%
* Percentage Daily Intakes are based on an average adult diet of 8700 kJ. Your daily intakes may be higher or lower depending on your energy needs.",,https://www.coles.com.au/product/pampas-frozen-puff-pastry-sheets-10-pack-1.6kg-8469177,,,2024-06-16T21:54:05.574533-04:00
"Ind54SColes_ADairy, Eggs & Fridge_SACheese_IColes Dairy Cheese Brie Wrapped | 125g",Coles Dairy Cheese Brie Wrapped | 125g,Coles,"Dairy, Eggs & Fridge",Cheese,Brie & soft cheese,,$2.75,,,$22.00 per 1kg,6169489,"Coles Australian Dairy wrapped brie cheese, 125g. A soft surface ripened with a smooth and buttery centre. Perfect for entertaining.",,,"Per 100g/ml
Per Serving
%DI
Energy
1510
377
4
Protein
18
4.5
Carbohydrate
1.3
0.33
Sugars
0
0
Calcium
500
125
Sodium
470
117.5
Saturated
21.4
5.35
Energy (Cal)
361
90
Fat
31.9
7.98
Dietary Fibre (total)
0
0
* Percentage Daily Intakes are based on an average adult diet of 8700 kJ. Your daily intakes may be higher or lower depending on your energy needs.",,https://www.coles.com.au/product/coles-dairy-cheese-brie-wrapped-125g-6169489,,,2024-06-16T21:54:17.370288-04:00
"Ind54SColes_ADairy, Eggs & Fridge_SACheese_IColes Dutch Maasdam | 260g",Coles Dutch Maasdam | 260g,Coles,"Dairy, Eggs & Fridge",Cheese,Firm cheese,,$6.00,,,$23.08 per 1kg,3796427,"Creamy Dutch Maasdam cheese with a sweet fruity flavour. Delicious in a sandwich, on a cheeseboard for entertaining.",,,"Per 100g/ml
Per Serving
%DI
Energy
1450
436
5
Protein
26.50
7.95
Total Fat
27.1
8.1
12
Saturated Fat
18.8
5.6
23
Carbohydrate
0.0g
0.0g
0
Sugars
0.00
0.00
Sodium
476
143
6
Energy (Cal)
348
104
Dietary Fibre (total)
0.00
0.00
* Percentage Daily Intakes are based on an average adult diet of 8700 kJ. Your daily intakes may be higher or lower depending on your energy needs.",,https://www.coles.com.au/product/coles-dutch-maasdam-260g-3796427,,,2024-06-16T21:54:28.531582-04:00
"Ind54SColes_ADairy, Eggs & Fridge_SACheese_ITasmanian Heritage Little Entertainers Double Brie | 80g",Tasmanian Heritage Little Entertainers Double Brie | 80g,Tasmanian Heritage,"Dairy, Eggs & Fridge",Cheese,Brie & soft cheese,,$4.80,Pick any 3 for $12,,$60.00 per 1kg,3029326,,,,"Per 100g/ml
Per Serving
%DI
Energy
1500kJ
375kJ
0%
Protein
17.3g
4.325g
0%
Total Fat
32g
8g
0%
Saturated Fat
20.5g
5.125g
0%
Carbohydrate
<1g
<1g
0%
Sugars
<1g
<1g
0%
Calcium
470mg
117.5mg
0%
Sodium
600mg
150mg
0%
* Percentage Daily Intakes are based on an average adult diet of 8700 kJ. Your daily intakes may be higher or lower depending on your energy needs.",,https://www.coles.com.au/product/tasmanian-heritage-little-entertainers-double-brie-80g-3029326,,,2024-06-16T21:54:39.626077-04:00
"Ind54SColes_ADairy, Eggs & Fridge_SACheese_IDevondale Tasty Shredded Cheese | 750g",Devondale Tasty Shredded Cheese | 750g,Devondale,"Dairy, Eggs & Fridge",Cheese,Grated cheese,,$13.50,,,$18.00 per 1kg,2782926,Devondale tasty shredded cheese is the perfect tool to enrich any meal. Expertly crafted to deliver the full-flavoured reliable and comforting Devondale experience.- 750g Tasty Shredded Cheese- Perfect shredded cheese to sprinkle over to enrich any meal,,,"Per 100g/ml
Per Serving
%DI
Energy
1730kJ
433kJ
0%
Protein
24.3g
6.1g
0%
Total Fat
35.2g
8.8g
0%
Saturated Fat
23.9g
6g
0%
Carbohydrate
<1g
<1g
0%
Sugars
<1g
<1g
0%
Calcium
735mg
184mg
23%
Sodium
635mg
159mg
0%
* Percentage Daily Intakes are based on an average adult diet of 8700 kJ. Your daily intakes may be higher or lower depending on your energy needs.",,https://www.coles.com.au/product/devondale-tasty-shredded-cheese-750g-2782926,,,2024-06-16T21:54:50.630986-04:00
"Ind54SColes_ADairy, Eggs & Fridge_SADairy, chilled & frozen_IPrimo Duos Cabanossi And Cheese | 50g",Primo Duos Cabanossi And Cheese | 50g,Primo,"Dairy, Eggs & Fridge","Dairy, chilled & frozen",Cheese & yoghurt,,$3.75,,,"$7.50 per 100g
Was $4.25 on May 2024",4380504,Primo Duos Cabanossi Bites & Cheddar Cheese contains no artificial colours and has a source of protein.,,,"Per 100g/ml
Per Serving
%DI
Energy
1430kJ
715kJ
8%
Protein
18.8g
9.4g
19%
Total Fat
29.4g
14.7g
21%
Saturated Fat
16.2g
8.1g
34%
Carbohydrate
Less than 1g
Less than 1g
<1%
Sugars
Less than 1g
Less than 1g
<1%
Sodium
817mg
409mg
18%
* Percentage Daily Intakes are based on an average adult diet of 8700 kJ. Your daily intakes may be higher or lower depending on your energy needs.",,https://www.coles.com.au/product/primo-duos-cabanossi-and-cheese-50g-4380504,,,2024-06-16T21:55:01.893139-04:00
"Ind54SColes_ADairy, Eggs & Fridge_SACheese_IColes Dairy Extra Tasty Cheese Block | 250g",Coles Dairy Extra Tasty Cheese Block | 250g,Coles,"Dairy, Eggs & Fridge",Cheese,Block cheese,,$6.00,,,$24.00 per 1kg,5432669,"Extra tasty Cheddar cheese made with Australian milk, matured for a stronger, full bodied flavour.",,,"Per 100g/ml
Per Serving
%DI
Energy
1732.90
433.23
Protein
24.60
6.15
Total Fat
35.40
8.85
Saturated Fat
25.30
6.33
Carbohydrate
0.10
0.03
Sugars
0.10
0.03
Calcium
687.00
171.75
Sodium
675.00
168.75
Energy (Cal)
414.57
103.64
Dietary Fibre (total)
0.40
0.10
* Percentage Daily Intakes are based on an average adult diet of 8700 kJ. Your daily intakes may be higher or lower depending on your energy needs.",,https://www.coles.com.au/product/coles-dairy-extra-tasty-cheese-block-250g-5432669,,,2024-06-16T21:55:14.293761-04:00
"Ind54SColes_ADairy, Eggs & Fridge_SACheese_ILemnos Dairy Organic Haloumi Cheese | 180g",Lemnos Dairy Organic Haloumi Cheese | 180g,Lemnos,"Dairy, Eggs & Fridge",Cheese,Gourmet Cheese,,$7.00,,,$38.89 per 1kg,4998880,"- No artificial flavours.
- No preservatives.
Vacuum sealed for freshness.
Made with milk from certified organic farms

Suitable for vegetarians",,,"Per 100g/ml
Per Serving
%DI
Energy
1370kJ
411kJ
Protein
20.0g
6.0g
Total Fat
27.2g
8.2g
Saturated Fat
18.0g
5.4g
Carbohydrate
1.3g
<1g
Sugars
1.3g
<1g
Sodium
1490mg
447mg
Energy (Cal)
327Cal
98Cal
* Percentage Daily Intakes are based on an average adult diet of 8700 kJ. Your daily intakes may be higher or lower depending on your energy needs.",,https://www.coles.com.au/product/lemnos-dairy-organic-haloumi-cheese-180g-4998880,,,2024-06-16T21:55:26.591261-04:00
"Ind54SColes_ADairy, Eggs & Fridge_SACheese_IColes Tasty Cheese Slices 24 Pack | 500g",Coles Tasty Cheese Slices 24 Pack | 500g,Coles,"Dairy, Eggs & Fridge",Cheese,Sliced cheese,,$7.90,,,$15.80 per 1kg,5433050,"3 is for mature strength With a rich and tasty flavour, perfect for sandwiches and toasties.",,,"Per 100g/ml
Per Serving
%DI
Energy
1730.50
363.41
Protein
24.60
5.17
Carbohydrate
0.10
0.02
Sugars
0.10
0.02
Calcium
687.00
144.27
Sodium
675.00
141.75
Saturated
25.30
5.31
Energy (Cal)
414.00
86.94
Fat
35.40
7.43
Dietary Fibre (total)
0.10
0.02
* Percentage Daily Intakes are based on an average adult diet of 8700 kJ. Your daily intakes may be higher or lower depending on your energy needs.",,https://www.coles.com.au/product/coles-tasty-cheese-slices-24-pack-500g-5433050,,,2024-06-16T21:55:38.690538-04:00
"Ind54SColes_ADairy, Eggs & Fridge_SACheese_ITasmanian Heritage Cheese Marinated Fetta | 350g",Tasmanian Heritage Cheese Marinated Fetta | 350g,Tasmanian Heritage,"Dairy, Eggs & Fridge",Cheese,Feta cheese,,$11.50,,,$32.86 per 1kg,7363818,"South Cape Marinated Fetta is a smooth and creamy style fetta made from cow's milk that has been cubed and marinated in oil, herbs and spices to create a great taste sensation. Best served with antipasto and paired with sparkling wine. Liberate your plate with South Cape.",,,"Per 100g/ml
Per Serving
%DI
Energy
1203kJ
300.75kJ
0%
Protein
12.3g
3.075g
0%
Total Fat
26.4g
6.6g
0%
Saturated Fat
17.1g
4.275g
0%
Carbohydrate
<1g
<1g
0%
Sugars
<1g
<1g
0%
Calcium
310mg
77.5mg
0%
Sodium
880mg
220mg
0%
* Percentage Daily Intakes are based on an average adult diet of 8700 kJ. Your daily intakes may be higher or lower depending on your energy needs.",,https://www.coles.com.au/product/tasmanian-heritage-cheese-marinated-fetta-350g-7363818,,,2024-06-16T21:55:49.749592-04:00
"Ind54SColes_ADairy, Eggs & Fridge_SACheese_ICheer Tasty Cheese Slices | 500g",Cheer Tasty Cheese Slices | 500g,Cheer,"Dairy, Eggs & Fridge",Cheese,Sliced cheese,,$10.00,,$11.00,$20.00 per 1kg,8578,"CHEER Tasty Cheese slices are a must for any sandwich! CHEER Tasty Cheese will melt and bubble nicely under the grill. A mild flavour makes it perfect for families.CHEER 500g Tasty Cheese Slices are perfect for lunch box sandwiches on the go or to create delicious cheesy toasties at home! With a mild cheese flavour and 32 slice pack, CHEER Tasty Cheese Slices are perfect for the whole family.- 32 Tasty cheese slices - Made in Australia from 100% Australian cow's milk- Vegetarian friendly- Preservative free- Mild cheese flavour- Perfect for your back to school lunch box or as a snack when relaxing at home!",,,"Per 100g/ml
Per Serving
%DI
Energy
1690kJ
355kJ
0%
Protein
25.8g
5.4g
0%
Total Fat
33.3g
7g
0%
Saturated Fat
21.6g
4.5g
0%
Carbohydrate
<1g
<1g
0%
Sugars
<1g
<1g
0%
Calcium
750mg
158mg
20%
Sodium
720mg
151mg
0%
* Percentage Daily Intakes are based on an average adult diet of 8700 kJ. Your daily intakes may be higher or lower depending on your energy needs.",,https://www.coles.com.au/product/cheer-tasty-cheese-slices-500g-8578,,,2024-06-16T21:56:00.805569-04:00
"Ind54SColes_ADairy, Eggs & Fridge_SAColes Finest_IColes Finest Wensleydale With Cranberry PGI | 150g",Coles Finest Wensleydale With Cranberry PGI | 150g,Coles,"Dairy, Eggs & Fridge",Coles Finest,cheeses,,$6.50,,,$43.34 per 1kg,5217371,This regional speciality pairs creamy crumbly Wensleydale with the fruity succulence of sweet cranberries PGI 150g,,,"Per 100g/ml
Per Serving
%DI
Energy
1560.50
468.15
Protein
19.80
5.94
Total Fat
26.60
7.98
Saturated Fat
17.60
5.28
Carbohydrate
14.10
4.23
Sugars
12.00
3.60
Sodium
420.00
126.00
Energy (Cal)
373.33
112.00
Dietary Fibre (total)
0.00
0.00
Trans
0.37
0.11
* Percentage Daily Intakes are based on an average adult diet of 8700 kJ. Your daily intakes may be higher or lower depending on your energy needs.",,https://www.coles.com.au/product/coles-finest-wensleydale-with-cranberry-pgi-150g-5217371,,,2024-06-16T21:56:11.947204-04:00
"Ind54SColes_ADairy, Eggs & Fridge_SA_IDodoni Goat Cheese | 200g",Dodoni Goat Cheese | 200g,Dodoni,"Dairy, Eggs & Fridge",,,,$8.60,,,$43.00 per 1kg,6577780,Authentic Greek cheese made from pasteurized goat's milk,,,"Per 100g/ml
Per Serving
%DI
Energy
1243kJ
372kJ
Protein
18g
5.4g
Total Fat
25g
7.5g
Saturated Fat
18.8g
5.6g
Carbohydrate
<1g
<1g
Sugars
<1g
<1g
Sodium
1010mg
303mg
* Percentage Daily Intakes are based on an average adult diet of 8700 kJ. Your daily intakes may be higher or lower depending on your energy needs.",,https://www.coles.com.au/product/dodoni-goat-cheese-200g-6577780,,,2024-06-16T21:56:23.008648-04:00
"Ind54SColes_ADairy, Eggs & Fridge_SACheese_ICheer Tasty Cheese Block | 1kg",Cheer Tasty Cheese Block | 1kg,Cheer,"Dairy, Eggs & Fridge",Cheese,Block cheese,,$14.95,,,$14.95 per 1kg,192411,"CHEER 1Kg Tasty Cheese block is a delicious fridge staple, perfect for when you want the option for sliced cheese or grated cheese.CHEER 1kg Tasty Cheese Block will melt and bubble nicely under the grill, making it perfect for a delicious cheese toastie! Cheer Tasty Cheese is also perfect to enjoy as a snack when relaxing at home. With a mild cheese flavour, Cheer Cheese 1Kg Tasty Cheese Block is perfect for families. - 1kg Tasty cheese block- Made in Australia from 100% Australian Cow's Milk- Vegetarian friendly- Preservative free- Mild cheese flavour- Convenient value block",,,"Per 100g/ml
Per Serving
%DI
Energy
1690kJ
423kJ
0%
Protein
25.8g
6.5g
0%
Total Fat
33.3g
8.3g
0%
Saturated Fat
21.6g
5.4g
0%
Carbohydrate
<1g
<1g
0%
Sugars
<1g
<1g
0%
Calcium
750mg
188mg
24%
Sodium
720mg
180mg
0%
* Percentage Daily Intakes are based on an average adult diet of 8700 kJ. Your daily intakes may be higher or lower depending on your energy needs.",,https://www.coles.com.au/product/cheer-tasty-cheese-block-1kg-192411,,,2024-06-16T21:56:34.413016-04:00
"Ind54SColes_ADairy, Eggs & Fridge_SACheese_IColes Dairy Cheese Fetta Danish Style | 200g",Coles Dairy Cheese Fetta Danish Style | 200g,Coles,"Dairy, Eggs & Fridge",Cheese,Feta cheese,,$3.30,,,$16.50 per 1kg,9808405,"Coles Dairy Danish style fetta cheese, 200g. A smooth creamy soft white cheese, perfect for crackers and salads.",,,"Per 100g/ml
Per Serving
%DI
Energy
1000.20
250.05
Protein
10.10
2.53
Carbohydrate
3.20
0.80
Sugars
2.50
0.63
Calcium
240.00
60.00
Sodium
1420.00
355.00
Saturated
9.20
2.30
Energy (Cal)
239.28
59.82
Fat
20.90
5.23
Dietary Fibre (total)
0.10
0.03
* Percentage Daily Intakes are based on an average adult diet of 8700 kJ. Your daily intakes may be higher or lower depending on your energy needs.","INGREDIENTS: Milk, Vegetable Oil (Palm Oil), Salt, Firming Agent (509), Enzyme (Vegetarian Rennet), Cultures (Milk).",https://www.coles.com.au/product/coles-dairy-cheese-fetta-danish-style-200g-9808405,,,2024-06-16T21:56:46.826585-04:00
"Ind54SColes_ADairy, Eggs & Fridge_SAPrimo_IPrimo Trios Ham Cheese & Cheddar Rice Crackers | 50g",Primo Trios Ham Cheese & Cheddar Rice Crackers | 50g,Primo,"Dairy, Eggs & Fridge",Primo,Crackers & Snacks,,$4.50,,,$9.00 per 100g,7696548,"Ham, Tasty Cheese and Cheddar Cheese Flavoured Rice Crackers",,,"Per 100g/ml
Per Serving
%DI
Energy
1110
555
6
Protein
19.6
9.8
20
Total Fat
13.1
6.6
9
Saturated Fat
7.9
3.9
16
Carbohydrate
17.0
8.5
3
Sugars
1.1
<1g
<1
Sodium
820mg
410mg
18
* Percentage Daily Intakes are based on an average adult diet of 8700 kJ. Your daily intakes may be higher or lower depending on your energy needs.",,https://www.coles.com.au/product/primo-trios-ham-cheese-and-cheddar-rice-crackers-50g-7696548,,,2024-06-16T21:56:58.734656-04:00
"Ind54SColes_ADairy, Eggs & Fridge_SA_ISouth Cape Reduced Fat Greek Style Fetta | 200g",South Cape Reduced Fat Greek Style Fetta | 200g,South Cape,"Dairy, Eggs & Fridge",,,,$6.50,,,$32.50 per 1kg,6416883,"Low-fat Greek Fetta with a slight acidic taste and crumbly texture. All the flavours of our classic Greek Fetta - salty, tangy, crumbly - with 43% less fat. Try this low-fat Fetta cheese cubed in salads, skewered as an entree, or crumbled over pasta. Enjoy.
Reduced-fat
25% Less fat than Cape Greek-style Fetta
Sharp & crumbly light
Made in Australia",,,,"Reduced Fat Pasteurised Cow'S Milk, Salt, Mineral Salt (509), Starter Cultures, Non-Animal Rennet).",https://www.coles.com.au/product/south-cape-reduced-fat-greek-style-fetta-200g-6416883,,,2024-06-16T21:57:08.262700-04:00
"Ind54SColes_ADairy, Eggs & Fridge_SACheese_ITasmanian Heritage Double Cream Brie | 200g",Tasmanian Heritage Double Cream Brie | 200g,Tasmanian Heritage,"Dairy, Eggs & Fridge",Cheese,Brie & soft cheese,,$11.95,,,$59.75 per 1kg,7670395,"Tasmanian Heritage Double Brie is a delicate, creamy soft white cheese. Tasmanian Heritage Double Brie has a deliciously creamy centre with a mild delicate flavour. It will continue to develop in flavour and soften in texture as it reaches the best before date. Take your cheese out of the fridge an hour before serving to ensure the best flavour and texture. Made with 100% Tasmanian milk. Cheese Type: White Mould Milk: Cow Origin: Tasmania Serving Suggestion: Tasmanian Heritage Double Brie is delicious served on a platter with fresh berries and crackers. We also recommend including the Tasmanian Heritage Classic Blue.",,,"Per 100g/ml
Per Serving
%DI
Energy
1500kJ
383kJ
0%
Protein
17.3g
4.3g
0%
Total Fat
32g
8g
0%
Saturated Fat
20.5g
5.1g
0%
Carbohydrate
<1g
<1g
0%
Sugars
<1g
<1g
0%
Calcium
470mg
118mg
0%
Sodium
600mg
150mg
0%
* Percentage Daily Intakes are based on an average adult diet of 8700 kJ. Your daily intakes may be higher or lower depending on your energy needs.",,https://www.coles.com.au/product/tasmanian-heritage-double-cream-brie-200g-7670395,,,2024-06-16T21:57:19.457064-04:00
"Ind54SColes_ADairy, Eggs & Fridge_SA_IPerfect Italiano Perfect Bakes | 450g",Perfect Italiano Perfect Bakes | 450g,Perfect Italiano,"Dairy, Eggs & Fridge",,,,$9.50,,,$21.11 per 1kg,1436737,"Perfect Italiano Cheese Perfect Bakes Grated 450g
3 Cheeses for a crisp, golden crust",,,"Per 100g/ml
Per Serving
%DI
Energy
1620kJ
405kJ
5%
Protein
25.8g
6.5g
13%
Total Fat
31.8g
8.0g
11%
Saturated Fat
21.9g
5.5g
23%
Carbohydrate
Less than 1g
Less than 1g
0%
Sugars
Less than 1g
Less than 1g
0%
Calcium
719mg
180mg
Sodium
703mg
176mg
8%
* Percentage Daily Intakes are based on an average adult diet of 8700 kJ. Your daily intakes may be higher or lower depending on your energy needs.",,https://www.coles.com.au/product/perfect-italiano-perfect-bakes-450g-1436737,,,2024-06-16T21:57:30.922999-04:00
"Ind54SColes_ADairy, Eggs & Fridge_SACheese_IColes Regular Cream Cheese Block | 250g",Coles Regular Cream Cheese Block | 250g,Coles,"Dairy, Eggs & Fridge",Cheese,Cream cheese & spreads,,$3.30,,,$13.20 per 1kg,2486672, This cream cheese is made with Australian milk and perfect for crackers or in sandwiches and wraps. Also handy for baking.,,,"Per 100g/ml
Per Serving
%DI
Energy
1282.80
320.70
Protein
7.10
1.78
Total Fat
29.60
7.40
Saturated Fat
20.90
5.23
Carbohydrate
3.70
0.93
Sugars
3.70
0.93
Calcium
72.00
18.00
Sodium
300.00
75.00
Energy (Cal)
306.89
76.72
* Percentage Daily Intakes are based on an average adult diet of 8700 kJ. Your daily intakes may be higher or lower depending on your energy needs.",,https://www.coles.com.au/product/coles-regular-cream-cheese-block-250g-2486672,,,2024-06-16T21:57:42.796708-04:00
"Ind54SColes_ADairy, Eggs & Fridge_SACheese_IBio Cheese Pizza Shred | 200g",Bio Cheese Pizza Shred | 200g,Bio,"Dairy, Eggs & Fridge",Cheese,Grated cheese,,$7.20,,$9.00,$36.00 per 1kg,3844520,"Bio Cheese Pizza Shred is made with coconut oil, providing a mild nutty flavour that melts and stretches easily and evenly, without going oily. An ideal plant based simulant shredded for your convenience in a resealable bag. Perfect for pizza, pasta, nachos and many more of your favourite dishes. At My Life we believe that food should taste great and be food for you - natural, tasty and nutritious food should be a simple, everyday choice. That's why we ensure our products tick ALL boxes.
Vegan Friendly

Vegetarian

Gluten Free

Soya Free

Lactose Free

Palm Oil Free.

GMO Free.

Plant Based Dairy Simulant.",,,"Per 100g/ml
Per Serving
%DI
Energy
1247kJ
374kJ
Protein
0.0g
0.0g
Total Fat
24.0g
7.2g
Saturated Fat
22.0g
6.6g
Carbohydrate
21.0g
6.3g
Sugars
0.0g
0.0g
Sodium
680mg
204mg
Energy (Cal)
298kcal
89kcal
Dietary Fibre (total)
0.0g
0.0g
Gluten
Nil detected
Nil detected
* Percentage Daily Intakes are based on an average adult diet of 8700 kJ. Your daily intakes may be higher or lower depending on your energy needs.","Water, Coconut Oil (24%) (non-hydrogenated), Modified Starch (E1404, E1450), Starch, Sea Salt, Anti-Caking Agent (Tapioca Starch), Vegan Mozzarella Flavours, Olive Extract, Colour: B-Carotene.",https://www.coles.com.au/product/bio-cheese-pizza-shred-200g-3844520,,,2024-06-16T21:57:53.692623-04:00
"Ind54SColes_ADairy, Eggs & Fridge_SACheese_IPhiladelphia Light Cream Cheese Block | 250g",Philadelphia Light Cream Cheese Block | 250g,Philadelphia,"Dairy, Eggs & Fridge",Cheese,Cream cheese & spreads,,$5.70,,,$22.80 per 1kg,5590885,"Philadelphia light block is your essential ingredient for a less fat cheesecake and tart or as a lighter icing alternative for any of your baking creations. Philadelphia Light block is also ideal to be used on salads. Philadelphia Light is highly versatile and can be enjoyed by the whole family and it's the perfect choice for all things cheesy and creamy.
25% less fat on average than Philadelphia Original block

Deliciously Creamy

Philadelphia is made in Australia since 1956

Natural ingredients

No artificial colours or flavours

No artificial colours or flavours.",,,"Per 100g/ml
Per Serving
%DI
Energy
948kJ
237kJ
3%
Protein
6.1g
1.5g
3%
Total Fat
21.9g
5.5g
8%
Saturated Fat
15.3g
3.8g
16%
Carbohydrate
2.9g
<1.0g
<1%
Sugars
2.8g
<1.0g
1%
Sodium
379mg
25mg
4%
Monounsaturated
0
0
0
Energy (Cal)
0
0
0
Dietary Fibre (total)
0
0
0
Polyunsaturated
0
0
0
Trans
0
0
0
* Percentage Daily Intakes are based on an average adult diet of 8700 kJ. Your daily intakes may be higher or lower depending on your energy needs.","Milk, Cream (From Milk), Milk Solids, Salt, Vegetable Gums (Locust Bean And/Or Guar), Starter Culture, Processing Aids (Contain Milk).",https://www.coles.com.au/product/philadelphia-light-cream-cheese-block-250g-5590885,,,2024-06-16T21:58:04.645040-04:00
"Ind54SColes_ADairy, Eggs & Fridge_SACheese_IMainland On The Go Tasty Cheese & Crackers 4 Pack | 120g",Mainland On The Go Tasty Cheese & Crackers 4 Pack | 120g,Mainland,"Dairy, Eggs & Fridge",Cheese,Cheese snacks,,$5.50,,$7.00,$4.58 per 100g,5415670,Mainland On The Go Tasty Cheese and Crackers 120g,,,"Per 100g/ml
Per Serving
%DI
Energy
1770kJ
531kJ
6 %
Protein
19.8g
5.9g
12 %
Total Fat
27.8g
8.3g
11.7g
Saturated Fat
16.2g
4.9g
20 %
Carbohydrate
21.8g
6.5g
2 %
Sugars
LESS THAN 1g
LESS THAN 1g
0
Calcium
511mg
153mg
19% RDI*
Sodium
675mg
203mg
9 %
* Percentage Daily Intakes are based on an average adult diet of 8700 kJ. Your daily intakes may be higher or lower depending on your energy needs.","Tasty Cheddar Cheese 69% [*Milk*, Salt, Cultures, Enzyme (Rennet)]. Water Crackers 31% {Biscuit Flour [*Wheat* Flour, Minerals (Iron, Zinc), Vitamins (Niacin, Thiamin, Riboflavin, Folate)], Vegetable Fats & Oil [Contains Antioxidants (307b, 307, 322 From *Soy*)], Iodised Salt, Raising Agent (500)}.",https://www.coles.com.au/product/mainland-on-the-go-tasty-cheese-and-crackers-4-pack-120g-5415670,,,2024-06-16T21:58:17.029031-04:00
"Ind54SColes_ADairy, Eggs & Fridge_SACheese_IMainland On The Go Extra Tasty Cheese & Date Apricot Crackers | 38g",Mainland On The Go Extra Tasty Cheese & Date Apricot Crackers | 38g,Mainland,"Dairy, Eggs & Fridge",Cheese,Cheese snacks,,$3.00,Pick any 2 for $5,,$7.89 per 100g,3576090,Mainland On The Go Extra Tasty Cheese Date & Apricot Crackers 38g,,,"Per 100g/ml
Per Serving
%DI
Energy
1710kJ
650kJ
Protein
20.1g
7.6g
Total Fat
26.7g
10.1g
Saturated Fat
16.3g
6.2g
Carbohydrate
21.1g
8.0g
Sugars
9.8g
3.7g
Calcium
524mg
199mg
Sodium
696mg
264mg
* Percentage Daily Intakes are based on an average adult diet of 8700 kJ. Your daily intakes may be higher or lower depending on your energy needs.","Extra Tasty Cheddar Cheese 69% [Milk, Salt, Cultures, Enzyme (Non-Animal Rennet)], Date & Apricot Crackers 31% {Wheat Flour, Flaxseeds, Diced Dates [Dates, Rice Flour], Raw Sugar, Dried Apricots [Apricot, Rice Flour, Preservative (220)], Honey, Greek Yoghurt [Milk, Cream, Cultures], Raising Agent (500), Salt}.",https://www.coles.com.au/product/mainland-on-the-go-extra-tasty-cheese-and-date-apricot-crackers-38g-3576090,,,2024-06-16T21:58:28.078382-04:00
"Ind54SColes_ADairy, Eggs & Fridge_SACheese_ICheer Cheese Slices Colby | 750g",Cheer Cheese Slices Colby | 750g,Cheer,"Dairy, Eggs & Fridge",Cheese,Sliced cheese,,$14.00,,,$18.67 per 1kg,6800134,,,,,,https://www.coles.com.au/product/cheer-cheese-slices-colby-750g-6800134,,,2024-06-16T21:58:36.944311-04:00
"Ind54SColes_ADairy, Eggs & Fridge_SACheese_IMainland Tasty Cheese Block | 500g",Mainland Tasty Cheese Block | 500g,Mainland,"Dairy, Eggs & Fridge",Cheese,Block cheese,,$10.00,,,$20.00 per 1kg,472994,Mainland Cheese Tasty Block 500g,,,"Per 100g/ml
Per Serving
%DI
Energy
1800 kJ
450 kJ
5%
Protein
23.3 g
5.8 g
12%
Total Fat
37.4 g
9.4 g
13%
Saturated Fat
22.5 g
5.6 g
23%
Carbohydrate
LESS THAN 1 g
LESS THAN 1 g
0%
Sugars
LESS THAN 1 g
LESS THAN 1 g
0%
Calcium
760 mg
190 mg
24% RDI*
Sodium
696 mg
174 mg
8%
* Percentage Daily Intakes are based on an average adult diet of 8700 kJ. Your daily intakes may be higher or lower depending on your energy needs.",,https://www.coles.com.au/product/mainland-tasty-cheese-block-500g-472994,,,2024-06-16T21:58:48.975035-04:00
"Ind54SColes_ADairy, Eggs & Fridge_SACheese_IZanetti Grana Padano Grated PDO | 100g",Zanetti Grana Padano Grated PDO | 100g,Zanetti,"Dairy, Eggs & Fridge",Cheese,Grated cheese,,$5.50,,,$55.00 per 1kg,4379957,"Zanetti Grana Padano Pdo Grated Bag 100g. The processing of milk that will become Grana Padano starts within a few hours, to preserve its freshness and its organoleptic properties Comes from an extremely large family of cheeses of certified quality, produced in Italy and distributed throughout the world. Each one has a different region of origin: all masterpieces of our dairy tradition and ensure the consumer can enjoy the quality, typicality and originality of all shapes, wedges and slices.",,,,"Unpasteurised cow's MILK, salt, animal rennet, lysozyme from EGG.",https://www.coles.com.au/product/zanetti-grana-padano-grated-pdo-100g-4379957,,,2024-06-16T21:58:58.408258-04:00
"Ind54SColes_ADairy, Eggs & Fridge_SACheese_IColes Vintage Cheese Block | 250g",Coles Vintage Cheese Block | 250g,Coles,"Dairy, Eggs & Fridge",Cheese,Block cheese,,$6.00,,,$24.00 per 1kg,6995102,"5 is for vintage strength Matured for longer to develop smooth, rich and complex flavours.",,,"Per 100g/ml
Per Serving
%DI
Energy
1732.9
433.23
Protein
24.6
6.15
Carbohydrate
0.1
0.03
Sugars
0.1
0.03
Calcium
687
171.75
Sodium
675
168.75
Saturated
25.3
6.33
Energy (Cal)
414.57
103.64
Fat
35.4
8.85
Dietary Fibre (total)
0.4
0.1
* Percentage Daily Intakes are based on an average adult diet of 8700 kJ. Your daily intakes may be higher or lower depending on your energy needs.","INGREDIENTS: Milk, Salt, Mineral Salt (509), Cultures (Milk), Enzyme (Vegetarian Rennet)",https://www.coles.com.au/product/coles-vintage-cheese-block-250g-6995102,,,2024-06-16T21:59:09.444960-04:00
"Ind54SColes_ADairy, Eggs & Fridge_SACheese_ISouth Cape Camembert | 200g",South Cape Camembert | 200g,South Cape,"Dairy, Eggs & Fridge",Cheese,Brie & soft cheese,,$6.80,,,$34.00 per 1kg,5269091,"South Cape Camembert has a velvety white surface with a smooth, creamy texture and rich nutty flavour. Best served with fruit and paired with white wine. Liberate your plate with South Cape.",,,"Per 100g/ml
Per Serving
%DI
Energy
1430kJ
357.5kJ
0%
Protein
19.9g
4.975g
0%
Total Fat
29g
7.25g
0%
Saturated Fat
21.2g
5.3g
0%
Carbohydrate
<1g
<1g
0%
Sugars
<1g
<1g
0%
Calcium
546mg
136.5mg
0%
Sodium
530mg
132.5mg
0%
* Percentage Daily Intakes are based on an average adult diet of 8700 kJ. Your daily intakes may be higher or lower depending on your energy needs.",,https://www.coles.com.au/product/south-cape-camembert-200g-5269091,,,2024-06-16T21:59:20.443920-04:00
"Ind54SColes_ADairy, Eggs & Fridge_SACheese_IColes Dairy Tasty Lite Cheese Block | 250g",Coles Dairy Tasty Lite Cheese Block | 250g,Coles,"Dairy, Eggs & Fridge",Cheese,Block cheese,,$6.00,,,$24.00 per 1kg,5236004,STRENGTH INDICATOR: 3 mature Matured for a rich & tasty flavour +30% Less Fat than Coles standard Tasty Cheddar.,,,"Per 100g/ml
Per Serving
%DI
Energy
1405.20
351.30
Protein
29.70
7.43
Total Fat
24.20
6.05
Saturated Fat
16.60
4.15
Carbohydrate
0.10
0.03
Sugars
0.10
0.03
Calcium
841.00
210.25
Sodium
665.00
166.25
Energy (Cal)
336.17
84.04
Dietary Fibre (total)
0.40
0.10
* Percentage Daily Intakes are based on an average adult diet of 8700 kJ. Your daily intakes may be higher or lower depending on your energy needs.",,https://www.coles.com.au/product/coles-dairy-tasty-lite-cheese-block-250g-5236004,,,2024-06-16T21:59:31.461992-04:00
"Ind54SColes_ADairy, Eggs & Fridge_SACheese_IMainland Cheese Slices Gouda | 180g",Mainland Cheese Slices Gouda | 180g,Mainland,"Dairy, Eggs & Fridge",Cheese,Sliced cheese,,$6.00,,,$33.34 per 1kg,6824336,"At Mainland we know good things take time, so our convenient range of slices are crafted with the same care, time, and effort as all our cheeses. They really are a slice off the old block.

Taking inspiration from the Netherlands, Mainland Gouda is a creamy textured soft cheese with a sweet and buttery subtle flavour.
Sweet & Buttery",,,"Per 100g/ml
Per Serving
%DI
Energy
1530kJ
276kJ
3%
Protein
25.5g
4.6g
9%
Total Fat
28.9g
5.2g
7%
Saturated Fat
19.2g
3.5g
14%
Carbohydrate
Less than 1g
Less than 1g
0%
Sugars
Less than 1g
Less than 1g
0%
Calcium
800mg
144mg
18% RDI*
Sodium
688mg
124mg
5%
* Percentage Daily Intakes are based on an average adult diet of 8700 kJ. Your daily intakes may be higher or lower depending on your energy needs.",,https://www.coles.com.au/product/mainland-cheese-slices-gouda-180g-6824336,,,2024-06-16T21:59:43.425408-04:00
"Ind54SColes_ADairy, Eggs & Fridge_SACheese_IPerfect Italiano Grated Cheese Perfect Bakes | 250g",Perfect Italiano Grated Cheese Perfect Bakes | 250g,Perfect Italiano,"Dairy, Eggs & Fridge",Cheese,Grated cheese,,$6.50,,,$26.00 per 1kg,3274024,"Perfect Italiano Cheese Perfect Bakes Grated 250g
3 Cheeses for a crisp, golden crust",,,"Per 100g/ml
Per Serving
%DI
Energy
1620kJ
405kJ
5%
Protein
25.8g
6.5g
13%
Total Fat
31.8g
8.0g
11%
Saturated Fat
21.9g
5.5g
23%
Carbohydrate
less than 1g
less than 1g
0%
Sugars
less than 1g
less than 1g
0%
Calcium
719mg
180mg
Sodium
703mg
176mg
8%
* Percentage Daily Intakes are based on an average adult diet of 8700 kJ. Your daily intakes may be higher or lower depending on your energy needs.",,https://www.coles.com.au/product/perfect-italiano-grated-cheese-perfect-bakes-250g-3274024,,,2024-06-16T21:59:54.743040-04:00
"Ind54SColes_ADairy, Eggs & Fridge_SA_IDevondale 3 Shredded Cheese Blend | 750g",Devondale 3 Shredded Cheese Blend | 750g,Devondale,"Dairy, Eggs & Fridge",,,,$13.50,,,$18.00 per 1kg,2782959,"Devondale Shredded 3 Cheese Blend is the ultimate cooking companion. This blend of colby, parmesan and mozzarella is packed full of dynamic flavour that will elevate your meals and bring a terrific cheesy stretch.- 750g shredded 3 cheese blend- Perfect for cooking- blend of colby parmesan and mozzarella",,,"Per 100g/ml
Per Serving
%DI
Energy
1500kJ
375kJ
0%
Protein
25.3g
6.3g
0%
Total Fat
28.2g
7.1g
0%
Saturated Fat
19.8g
5g
0%
Carbohydrate
<1g
<1g
0%
Sugars
<1g
<1g
0%
Calcium
812mg
203mg
25%
Sodium
638mg
160mg
0%
* Percentage Daily Intakes are based on an average adult diet of 8700 kJ. Your daily intakes may be higher or lower depending on your energy needs.",,https://www.coles.com.au/product/devondale-3-shredded-cheese-blend-750g-2782959,,,2024-06-16T22:00:05.963145-04:00
"Ind54SColes_ADairy, Eggs & Fridge_SACheese_IKing Island Dairy Cape Wickham Double Brie | 200g",King Island Dairy Cape Wickham Double Brie | 200g,King Island Dairy,"Dairy, Eggs & Fridge",Cheese,Brie & soft cheese,,$14.95,,,$74.75 per 1kg,8167484,"Cape Wickham Double Brie's velvety, dense white rind encases a beautiful glossy, creamy coloured centre. The flavour is superbly rich with mushroom overtones. Cheese Type: Soft Ripened White. Milk: Cow. Origin: King Island, TAS. Serving Suggestion: Pairs well with fruit breads and fresh grapes or figs. Beverage Pairing: Enjoy with sparkling wine or Chardonnay. Delicious on its own, or enjoy as a part of a platter with other King Island Dairy cheeses.",,,"Per 100g/ml
Per Serving
%DI
Energy
1530kJ
382.5kJ
0%
Protein
19.9g
4.975g
0%
Total Fat
31.6g
7.9g
0%
Saturated Fat
22.1g
5.525g
0%
Carbohydrate
<1g
<1g
0%
Sugars
<1g
<1g
0%
Calcium
540mg
135mg
0%
Sodium
605mg
151.25mg
0%
* Percentage Daily Intakes are based on an average adult diet of 8700 kJ. Your daily intakes may be higher or lower depending on your energy needs.",,https://www.coles.com.au/product/king-island-dairy-cape-wickham-double-brie-200g-8167484,,,2024-06-16T22:00:17.012525-04:00
"Ind54SColes_ADairy, Eggs & Fridge_SACheese_IJindi Camembert | 125g",Jindi Camembert | 125g,Jindi,"Dairy, Eggs & Fridge",Cheese,Brie & soft cheese,,$4.00,,$5.50,$32.00 per 1kg,6139320,"Crafted locally in Gippsland, Victoria.

To your taste: This Camembert will continue to mature naturally and will reach its fullest flavour and softness towards the end of its shelf life. Consume earlier for a milder, firmer cheese.

Suitable for vegetarians.
Crafted locally in Gippsland, Victoria

Suitable for vegetarians",,,"Per 100g/ml
Per Serving
%DI
Energy
1300 kJ
325 kJ
Protein
19.7 g
4.9 g
Total Fat
25.5 g
6.4 g
Saturated Fat
17.5 g
4.4 g
Carbohydrate
1.1 g
Less than 1 g
Sugars
Less than 1 g
Less than 1 g
Sodium
467 mg
117 mg
Energy (Cal)
311 Cal
78 Cal
* Percentage Daily Intakes are based on an average adult diet of 8700 kJ. Your daily intakes may be higher or lower depending on your energy needs.","Pasteurised Cow's Milk, Salt, Cultures (from Milk), Rennet (Vegetarian).",https://www.coles.com.au/product/jindi-camembert-125g-6139320,,,2024-06-16T22:00:28.497657-04:00
"Ind54SColes_ADairy, Eggs & Fridge_SACheese_IEmborg French Camembert | 200g",Emborg French Camembert | 200g,Emborg,"Dairy, Eggs & Fridge",Cheese,Brie & soft cheese,,$7.20,,,$36.00 per 1kg,4360529,"Emborg French Camembert is a classic creamy Camembert made in France. This French Camembert is of premium quality made in an authentic French family dairy located in the heart of the Limousin region.
Emborg French Camembert is handcrafted by sacred methods, giving it the authentic taste experience of deep, mild and earthy flavours.
The rich aromatic flavours with hints of mushrooms makes it great to enjoy with mild-tasting dishes, cheeseboard, baked and as an appetiser.",,,,"Pasteurized cow's milk, salt, lactic culture, rennet, mould culture. CONTAINS MILK",https://www.coles.com.au/product/emborg-french-camembert-200g-4360529,,,2024-06-16T22:00:38.488698-04:00
"Ind54SColes_ADairy, Eggs & Fridge_SACheese_IColes Cypriot Halloumi With Mint | 250g",Coles Cypriot Halloumi With Mint | 250g,Coles,"Dairy, Eggs & Fridge",Cheese,Gourmet Cheese,,$6.50,,,$26.00 per 1kg,2173917,"Coles Dairy traditional Cypriot halloumi with a hint of mint, 250g. Perfect for barbecues and salads.",,,"Per 100g/ml
Per Serving
%DI
Energy
1351.27
337.82
Protein
22.97
5.74
Carbohydrate
2.17
0.54
Sugars
1.63
0.41
Calcium
634.00
158.50
Sodium
1200.00
300.00
Saturated
14.30
3.58
Energy (Cal)
323.27
80.82
Fat
24.97
6.24
Dietary Fibre (total)
0.00
0.00
Trans
0.60
0.15
* Percentage Daily Intakes are based on an average adult diet of 8700 kJ. Your daily intakes may be higher or lower depending on your energy needs.",,https://www.coles.com.au/product/coles-cypriot-halloumi-with-mint-250g-2173917,,,2024-06-16T22:00:49.540379-04:00
"Ind54SColes_ADairy, Eggs & Fridge_SACheese_ILiddells Lactose Free Shredded Cheese | 250g",Liddells Lactose Free Shredded Cheese | 250g,Liddells,"Dairy, Eggs & Fridge",Cheese,Grated cheese,,$7.50,,,$30.00 per 1kg,1418305,"All Liddells products are all made from real dairy, lactose free and where needed we add the lactase enzyme to break down the lactose into two simple sugars: glucose and galactose. These sugars can be easily absorbed in the small intestine, keeping your tummy feeling happy. That's all it is!",,,"Per 100g/ml
Per Serving
%DI
Energy
1670kJ
418kJ
0%
Protein
24.1g
6g
0%
Total Fat
33.5g
8.4g
0%
Saturated Fat
23.2g
5.8g
0%
Carbohydrate
<1g
<1g
0%
Sugars
<1g
<1g
0%
Calcium
710mg
178mg
22%
Sodium
610mg
153mg
0%
* Percentage Daily Intakes are based on an average adult diet of 8700 kJ. Your daily intakes may be higher or lower depending on your energy needs.",,https://www.coles.com.au/product/liddells-lactose-free-shredded-cheese-250g-1418305,,,2024-06-16T22:01:00.510579-04:00
"Ind54SColes_ADairy, Eggs & Fridge_SACheese_IThe Organic Milk Co Organic Cheddar Slices | 250g",The Organic Milk Co Organic Cheddar Slices | 250g,The Organic Milk Co,"Dairy, Eggs & Fridge",Cheese,Sliced cheese,,$7.50,,,$30.00 per 1kg,4380865,"Our products start with a passion for quality, organic milk. No additives, antibiotics or GMOs.

Our Organic Cheddar is aged up to 12 months and selected when the flavour has developed a hint of sharpness and a smooth texture. A versatile all rounder, sure to please the whole family.",,,"Per 100g/ml
Per Serving
%DI
Energy
1660
349
Protein
25.4
5.33
Total Fat
33.0
6.93
Saturated Fat
21.5
4.52
Carbohydrate
<1.0g
<1.0g
Sugars
<1.0g
<1.0g
Sodium
655
138
* Percentage Daily Intakes are based on an average adult diet of 8700 kJ. Your daily intakes may be higher or lower depending on your energy needs.",,https://www.coles.com.au/product/the-organic-milk-co-organic-cheddar-slices-250g-4380865,,,2024-06-16T22:01:11.704241-04:00
"Ind54SColes_ADairy, Eggs & Fridge_SACheese_IPerfect Italiano Mexican Blend Grated Cheese | 250g",Perfect Italiano Mexican Blend Grated Cheese | 250g,Perfect Italiano,"Dairy, Eggs & Fridge",Cheese,Grated cheese,,$6.50,,,$26.00 per 1kg,3846139,"Perfect Italiano Cheese Mexican Blend Grated 250g
For a more authentic Mexican Flavour",,,"Per 100g/ml
Per Serving
%DI
Energy
1490kJ
371kJ
4%
Protein
24.7g
6.2g
12%
Total Fat
28.3g
7.1g
10%
Saturated Fat
17.5g
4.4g
18%
Carbohydrate
Less than 1g
Less than 1g
0%
Sugars
Less than 1g
Less than 1g
0%
Calcium
725mg
181mg
23% RDI*
Sodium
670mg
166mg
7%
* Percentage Daily Intakes are based on an average adult diet of 8700 kJ. Your daily intakes may be higher or lower depending on your energy needs.",,https://www.coles.com.au/product/perfect-italiano-mexican-blend-grated-cheese-250g-3846139,,,2024-06-16T22:01:24.676300-04:00
"Ind54SColes_ADairy, Eggs & Fridge_SACheese_ICheer Light & Tasty Cheese Block | 400g",Cheer Light & Tasty Cheese Block | 400g,Cheer,"Dairy, Eggs & Fridge",Cheese,Block cheese,,$9.00,,,$22.50 per 1kg,7648465,"CHEER Cheese 400g Tasty Light Cheese block is a delicious fridge staple, perfect for when you want the option for sliced cheese or grated cheese ! CHEER Cheese 400g Tasty Light Cheese Block is perfect for cutting into cheese slices for toasties, to use as grated cheese as a garnish to meals, or even to enjoy as a snack! With 25% less fat* and a mild flavour, CHEER Light & Tasty Cheese Block is perfect for families.- 400g Tasty Light cheese block- Made in Australia from 100% Australian cow's milk- Vegetarian friendly- Preservative free- Mild cheese flavour*Contains 25% less fat than CHEER Tasty Cheese.",,,"Per 100g/ml
Per Serving
%DI
Energy
1400kJ
350kJ
4%
Protein
30g
7.5g
15%
Total Fat
23.6g
5.9g
8%
Saturated Fat
15.3g
3.8g
16%
Carbohydrate
<1g
<1g
1%
Sugars
<1g
<1g
1%
Calcium
860mg
215mg
27%
Sodium
700mg
175mg
8%
* Percentage Daily Intakes are based on an average adult diet of 8700 kJ. Your daily intakes may be higher or lower depending on your energy needs.",,https://www.coles.com.au/product/cheer-light-and-tasty-cheese-block-400g-7648465,,,2024-06-16T22:01:36.319210-04:00
"Ind54SColes_ADairy, Eggs & Fridge_SA_IUnicorn Classic Brie Chilli | 125g",Unicorn Classic Brie Chilli | 125g,Unicorn,"Dairy, Eggs & Fridge",,,,$5.00,,,"$40.00 per 1kg
Was $6.00 on Apr 2024",5443337,Our Classic Brie Cheese infused with chilli flakes. For the entertainer that wants to add a kick to their cheese board.,,,"Per 100g/ml
Per Serving
%DI
Energy
1630kJ
326kJ
Protein
18.5g
3.7g
Total Fat
35.6g
7.1g
Saturated Fat
25.7g
5.1g
Carbohydrate
<0.5g
<0.1g
Sugars
0.4g
<0.1g
Sodium
963mg
192.6mg
* Percentage Daily Intakes are based on an average adult diet of 8700 kJ. Your daily intakes may be higher or lower depending on your energy needs.",,https://www.coles.com.au/product/unicorn-classic-brie-chilli-125g-5443337,,,2024-06-16T22:01:48.424775-04:00
"Ind54SColes_ADairy, Eggs & Fridge_SACheese_ILemnos Fetta Traditional | 180g",Lemnos Fetta Traditional | 180g,Lemnos,"Dairy, Eggs & Fridge",Cheese,Gourmet Cheese,,$6.50,,,$36.11 per 1kg,8857482,"Delicious Lemnos Traditional Fetta is perfect for any
occasion. Sprinkle on salad or pizza, stir through soup or pasta, or simply serve baked with tomatoes as a crowd pleasing canape.

- No artificial flavours.
- No preservatives.

- suitable for vegetarians.
- Vacuum sealed for freshness.
No artificial flavours.

No preservatives.

suitable for vegetarians.

Made in Australia",,,"Per 100g/ml
Per Serving
%DI
Energy
1110 kJ
333 kJ
Protein
17.0 g
5.1 g
Total Fat
21.5 g
6.5 g
Saturated Fat
15.0
4.5 g
Carbohydrate
Less than 1g
Less than 1g
Sugars
Less than 1g
Less than 1g
Calcium
285 mg
86 mg
11%
Sodium
1120 mg
336 mg
Energy (Cal)
268 cal
80 cal
* Percentage Daily Intakes are based on an average adult diet of 8700 kJ. Your daily intakes may be higher or lower depending on your energy needs.",,https://www.coles.com.au/product/lemnos-fetta-traditional-180g-8857482,,,2024-06-16T22:01:59.573569-04:00
"Ind54SColes_ADairy, Eggs & Fridge_SACheese_IDelre Dutch Smoked Cheese | approx 100g",Delre Dutch Smoked Cheese | approx 100g,Delre,"Dairy, Eggs & Fridge",Cheese,Cheddar & tasty cheese,,$3.60,,,$14.40 per 1kg,6120912,,,,,,https://www.coles.com.au/product/delre-dutch-smoked-cheese-approx.-100g-6120912,,,2024-06-16T22:02:09.025980-04:00
"Ind54SColes_ADairy, Eggs & Fridge_SA_IJarlsberg Dairy Swiss Lite Cheese Slices | 150g",Jarlsberg Dairy Swiss Lite Cheese Slices | 150g,Jarlsberg,"Dairy, Eggs & Fridge",,,,$8.50,Pick any 2 for $13,,$56.67 per 1kg,8389680,"Jarlsberg is made with a secret recipe since 1956, and generations of know-how.
A semi-soft, Swiss style cheese that is famous for its distinctive sweet and nutty taste with large, round holes.
Low in lactose and gluten free.
Cheese Type: Semi-Soft, Swiss Style
Milk: Cow
Origin: Ireland
Serving Suggestion: A versatile cheese - perfect for cheeseboards, toasties or sandwiches.
Wine Pairing: Chardonnay or Pinot Noir",,,,,https://www.coles.com.au/product/jarlsberg-dairy-swiss-lite-cheese-slices-150g-8389680,,,2024-06-16T22:02:18.882102-04:00
"Ind54SColes_ADairy, Eggs & Fridge_SACheese_IAshgrove Three Peaks Tassie Trio Cheese | 140g",Ashgrove Three Peaks Tassie Trio Cheese | 140g,Ashgrove,"Dairy, Eggs & Fridge",Cheese,Cheddar & tasty cheese,,$7.50,,,$53.57 per 1kg,7163820,"Ashgrove Three Peaks Tasmanian Trio. Three Ashgrove favourites in one. The ultimate cheese platter addition. 100% Tassie Family-owned from paddock to plate. Family farm since 1908. Grass, Cow, you.",,,"Per 100g/ml
Per Serving
%DI
Energy
1610kJ
322kJ
Protein
23.4g
4.7g
Total Fat
32.3g
6.5g
Saturated Fat
23.3g
4.7g
Carbohydrate
1.2g
0.2g
Sugars
0.1g
0.0g
Calcium
694mg
139mg
Sodium
671mg
134mg
Gluten
NIL
NIL
Trans
1.6g
0.3g
* Percentage Daily Intakes are based on an average adult diet of 8700 kJ. Your daily intakes may be higher or lower depending on your energy needs.","Pasteurised Cow's Milk, Salt, Colour (160b), Non-Animal Rennet, Culture.",https://www.coles.com.au/product/ashgrove-three-peaks-tassie-trio-cheese-140g-7163820,,,2024-06-16T22:03:45.608315-04:00
"Ind54SColes_ADairy, Eggs & Fridge_SA_IMaggie Beer Quince Paste | 100g",Maggie Beer Quince Paste | 100g,Maggie Beer,"Dairy, Eggs & Fridge",,,,$6.30,,,$6.30 per 100g,8133052,Maggie Beer's slow dried Cavatelli Pasta has an authentic flavour and texture that makes it the perfect starting point for any pasta dish. Simply combine with one of Maggie's rich and flavourful pasta sauces to create an instant family favourite!,,,"Per 100g/ml
Per Serving
%DI
Energy
1350kJ
1688kJ
Protein
10.7g
13.4g
Total Fat
1.2g
1.5g
Saturated Fat
<1g
<1g
Carbohydrate
66.2g
82.8g
Sugars
<1g
<1g
Sodium
<5mg
<5mg
* Percentage Daily Intakes are based on an average adult diet of 8700 kJ. Your daily intakes may be higher or lower depending on your energy needs.",,https://www.coles.com.au/product/maggie-beer-quince-paste-100g-8133052,,,2024-06-16T22:03:57.172761-04:00
"Ind54SColes_ADairy, Eggs & Fridge_SACheese_IColes Vintage Cheese & Crackers 4 Pack | 120g",Coles Vintage Cheese & Crackers 4 Pack | 120g,Coles,"Dairy, Eggs & Fridge",Cheese,Cheese snacks,,$4.40,,,$3.67 per 100g,2989039,Coles VINTAGE CHEESE & CRACKERS Three slices of Australian vintage cheddar & three water crackers in each pack Vintage 5 Strength 4 PACK,,,"Per 100g/ml
Per Serving
%DI
Energy
1671.9
501.57
Protein
20.6
6.18
Total Fat
25.2
7.56
Carbohydrate
21.3
6.39
Sugars
0.8
0.24
Calcium
540
162
Sodium
640
192
Saturated
17.1
5.13
Energy (Cal)
399.98
119.99
Dietary Fibre (total)
3.4
1.02
Trans
1
0.3
* Percentage Daily Intakes are based on an average adult diet of 8700 kJ. Your daily intakes may be higher or lower depending on your energy needs.",,https://www.coles.com.au/product/coles-vintage-cheese-and-crackers-4-pack-120g-2989039,,,2024-06-16T22:04:08.196183-04:00
"Ind54SColes_ADairy, Eggs & Fridge_SA_IColes Greek Feta PDO | 250g",Coles Greek Feta PDO | 250g,Coles,"Dairy, Eggs & Fridge",,,,$6.00,,,$24.00 per 1kg,4350831,"Coles Dairy Greek feta pdo (protected designation of origin.) , 250g. Part of the gourmet selection this rich and tangy feta, made traditionally in Thessaly, Greece, is perfect crumbled over a salad.",,,"Per 100g/ml
Per Serving
%DI
Energy
1143.4
285.85
3
Protein
16.5
4.13
8
Total Fat
23
5.75
8
Saturated Fat
17
4.25
18
Carbohydrate
0.7
0.18
0
Sugars
0.7
0.18
0
Calcium
448
112
14
Sodium
1085
271.25
12
Energy (Cal)
273.54
68.39
0
Dietary Fibre (total)
0
0
0
* Percentage Daily Intakes are based on an average adult diet of 8700 kJ. Your daily intakes may be higher or lower depending on your energy needs.",,https://www.coles.com.au/product/coles-greek-feta-pdo-250g-4350831,,,2024-06-16T22:04:19.185460-04:00
"Ind54SColes_ADairy, Eggs & Fridge_SACheese_IYarra Valley Cheese Fresh Goats Cheese | 80g",Yarra Valley Cheese Fresh Goats Cheese | 80g,Yarra Valley,"Dairy, Eggs & Fridge",Cheese,Specialty & entertaining cheese,,$5.50,,,$68.75 per 1kg,5443461,"Yarra Valley Cheese Fresh Goats Cheese. Salty, fresh goat's milk cheese with a savoury yoghurt aroma and light citrus finish.
Made in Australia

Fresh Goats Cheese

New Smaller Size

Creamy Goat's milk cheese

The way cheese should be.",,,"Per 100g/ml
Per Serving
%DI
Energy
1140
228
Protein
15.9
3.2
Total Fat
19.6
3.9
Saturated Fat
14.5
2.9
Carbohydrate
3.7
<1
Sugars
1.6
<1
Sodium
470
94
Trans
<1
<1
* Percentage Daily Intakes are based on an average adult diet of 8700 kJ. Your daily intakes may be higher or lower depending on your energy needs.",,https://www.coles.com.au/product/yarra-valley-cheese-fresh-goats-cheese-80g-5443461,,,2024-06-16T22:04:31.025853-04:00
"Ind54SColes_ADairy, Eggs & Fridge_SACheese_ILemnos Smooth Fetta | 200g",Lemnos Smooth Fetta | 200g,Lemnos,"Dairy, Eggs & Fridge",Cheese,Feta cheese,,$6.50,,,$32.50 per 1kg,9728565,"Delicious Lemos Smooth Fetta is perfect for any occasion. Sprinkle on salad or pizza, stir through soup or pasta, or simply serve baked with tomatoes as a crowd pleasing Canape.
 No artificial flavours

No preservatives

Suitable for vegetarians",,,"Per 100g/ml
Per Serving
%DI
Energy
1020 kJ
255 kJ
Protein
10.5 g
2.6 g
Total Fat
21.5 g
5.4 g
Saturated Fat
11.4 g
2.8 g
Carbohydrate
3.0 g
Less than 1g
Sugars
2.2 g
Less than 1g
Sodium
1330 mg
333 mg
Energy (Cal)
244 Cal
61 Cal
* Percentage Daily Intakes are based on an average adult diet of 8700 kJ. Your daily intakes may be higher or lower depending on your energy needs.",,https://www.coles.com.au/product/lemnos-smooth-fetta-200g-9728565,,,2024-06-16T22:04:42.779362-04:00
"Ind54SColes_ADairy, Eggs & Fridge_SACheese_ILemnos Haloumi Slices | 200g",Lemnos Haloumi Slices | 200g,Lemnos,"Dairy, Eggs & Fridge",Cheese,Gourmet Cheese,,$8.00,,,$40.00 per 1kg,3841951,"Lemnos Haloumi Burger Slices contains 2 x burger slices, each with 18g of protein per slice. Suitable for vegetarians, no preservatives and has a good source of protein.
Delicious baked, fried or grilled. Haloumi Slices are perfect in burgers, sandwiches or as a delicious side!
Good source of protein

Suitable for vegetarians

No preservatives

Made in Australia",,,"Per 100g/ml
Per Serving
%DI
Energy
1190 kJ
1190 kJ
Protein
18.1 g
18.1 g
Total Fat
23.9 g
23.9 g
Saturated Fat
17.0 g
17.0 g
Carbohydrate
1.3 g
1.3 g
Sugars
1.3 g
1.3 g
Sodium
1720 mg
1720 mg
Energy (Cal)
283 Cal
283 Cal
* Percentage Daily Intakes are based on an average adult diet of 8700 kJ. Your daily intakes may be higher or lower depending on your energy needs.",,https://www.coles.com.au/product/lemnos-haloumi-slices-200g-3841951,,,2024-06-16T22:04:54.324280-04:00
"Ind54SColes_ADairy, Eggs & Fridge_SA_ILa Casa Del Formaggio Bocconcini Bambini Cheese | 220g",La Casa Del Formaggio Bocconcini Bambini Cheese | 220g,La Casa Del Formaggio,"Dairy, Eggs & Fridge",,,,$6.00,,,$27.27 per 1kg,4537253,"Bambini Bocconcini is perfect for bruschetta, finger foods, or to toss with fresh basil, tomato, olive oil, salt and pepper in a green salad. Bambini Bocconcini are 5g sized small balls of fresh mozzarella. Bocconcini is a type of Pasta Filata or stretched curd, which is a delicately flavoured fresh cheese that has a texture very similar to al dente pasta. It is used to carry other flavours such as fresh herbs and extra virgin olive oil in salads.",,,"Per 100g/ml
Per Serving
%DI
Energy
1110kJ
488kJ
Protein
17.9g
7.9g
Total Fat
20.3g
8.9g
Saturated Fat
14.3g
6.3g
Carbohydrate
3.4g
1.5g
Sugars
<1g
<1g
Calcium
396mg
174mg
21%
Sodium
74mg
33mg
* Percentage Daily Intakes are based on an average adult diet of 8700 kJ. Your daily intakes may be higher or lower depending on your energy needs.",,https://www.coles.com.au/product/la-casa-del-formaggio-bocconcini-bambini-cheese-220g-4537253,,,2024-06-16T22:05:05.602683-04:00
"Ind54SColes_ADairy, Eggs & Fridge_SA_IPrimo Stacker Mild Salami Cheese & Crackers | 50g",Primo Stacker Mild Salami Cheese & Crackers | 50g,Primo,"Dairy, Eggs & Fridge",,,,$4.50,,,$9.00 per 100g,3755430,Primo Stackers Mild Salami Cheddar Cheese & Crackers is a source of protein and has no artificial colours or flavours. Perfect for a quick snack.,,,"Per 100g/ml
Per Serving
%DI
Energy
1640kJ
818kJ
9%
Protein
20.3g
10.1g
20%
Total Fat
27g
13.5g
19%
Saturated Fat
13.6g
6.8g
28%
Carbohydrate
16.3g
8.2g
3%
Sugars
1.1%
Less than 1g
<1%
Sodium
1070mg
535mg
23%
* Percentage Daily Intakes are based on an average adult diet of 8700 kJ. Your daily intakes may be higher or lower depending on your energy needs.",,https://www.coles.com.au/product/primo-stacker-mild-salami-cheese-and-crackers-50g-3755430,,,2024-06-16T22:05:16.872932-04:00
"Ind54SColes_ADairy, Eggs & Fridge_SACheese_IMainland On The Go Cheese Lavosh & Caramelised Onion | 36g",Mainland On The Go Cheese Lavosh & Caramelised Onion | 36g,Mainland,"Dairy, Eggs & Fridge",Cheese,Cheese snacks,,$3.00,Pick any 2 for $5,,$8.33 per 100g,5420025,Mainland Tasty Cheese & Caramelised Onion Lavosh Crackers 36g,,,"Per 100g/ml
Per Serving
%DI
Energy
1770kJ
637kJ
Protein
20.5g
7.4g
Total Fat
29.3g
10.6g
Saturated Fat
18.5g
6.7g
Carbohydrate
18.1g
6.5g
Sugars
1.2g
Less than 1g
Calcium
549mg
198mg
Sodium
740mg
266mg
* Percentage Daily Intakes are based on an average adult diet of 8700 kJ. Your daily intakes may be higher or lower depending on your energy needs.",,https://www.coles.com.au/product/mainland-on-the-go-cheese-lavosh-and-caramelised-onion-36g-5420025,,,2024-06-16T22:05:27.929720-04:00
"Ind54SColes_ADairy, Eggs & Fridge_SACheese_ITasmanian Heritage Cheese Wedge Gouda | 180g",Tasmanian Heritage Cheese Wedge Gouda | 180g,Tasmanian Heritage,"Dairy, Eggs & Fridge",Cheese,Firm cheese,,$7.00,,,$38.89 per 1kg,5438440,"South Cape Gouda is a creamy yellow, semi-soft cheese with a smooth texture. It has a sweet mellow flavour with a slight nuttiness. Best served with cold meats and paired with white wine. Liberate your plate with South Cape.",,,"Per 100g/ml
Per Serving
%DI
Energy
1500kJ
375kJ
0%
Protein
23.8g
6g
0%
Total Fat
29g
7.3g
0%
Saturated Fat
19.4g
4.9g
0%
Carbohydrate
<1g
<1g
0%
Sugars
<1g
<1g
0%
Calcium
849mg
212mg
0%
Sodium
592mg
148mg
0%
* Percentage Daily Intakes are based on an average adult diet of 8700 kJ. Your daily intakes may be higher or lower depending on your energy needs.","PASTEURISED MILK, SALT, MINERAL SALT (509), CULTURES (MILK), NON ANIMAL RENNET",https://www.coles.com.au/product/tasmanian-heritage-cheese-wedge-gouda-180g-5438440,,,2024-06-16T22:05:40.709241-04:00
"Ind54SColes_ADairy, Eggs & Fridge_SACheese_IMil Lel Shredded Parmesan | 170g",Mil Lel Shredded Parmesan | 170g,Mil Lel,"Dairy, Eggs & Fridge",Cheese,Grated cheese,,$6.20,,$6.90,$36.47 per 1kg,3843265,Our MIL LEL Parmesan is expertly crafted from the finest ingredients. This award winning full-flavoured robust cheese is perfect addition to any occasion or meal.,,,"Per 100g/ml
Per Serving
%DI
Energy
1540kJ
385kJ
0%
Protein
31.3g
7.8g
0%
Total Fat
26.8g
6.7g
0%
Saturated Fat
17.4g
4.4g
0%
Carbohydrate
<1g
<1g
0%
Sugars
<1g
<1g
0%
Calcium
1540mg
385mg
48%
Sodium
1120mg
280mg
0%
* Percentage Daily Intakes are based on an average adult diet of 8700 kJ. Your daily intakes may be higher or lower depending on your energy needs.","Natural Parmesan Cheese. Ingredients- Cheese (Paseurised Milk, Salt, Mineral Salt (509), Starter Culture, Enzymes (Animal Lipase), Preservatatives (1105, 235) (Contains Egg Protein)), Anti-Caking Agent (460)",https://www.coles.com.au/product/mil-lel-shredded-parmesan-170g-3843265,,,2024-06-16T22:05:52.020785-04:00
"Ind54SColes_ADairy, Eggs & Fridge_SACheese_IArnotts Jatz & Extra Tasty Cheese | 33g",Arnotts Jatz & Extra Tasty Cheese | 33g,Arnotts,"Dairy, Eggs & Fridge",Cheese,Cheese snacks,,$3.40,,,$10.30 per 100g,5422177,"Jatz oven baked not fried
Source of protein
No artifical colours or flavours
Great for lunch box or lunch bag",,,"Per 100g/ml
Per Serving
%DI
Energy
1810kj
598kj
7%
Protein
17.5g
5.8g
12%
Total Fat
27.7g
9.1g
13%
Saturated Fat
16.1g
5.3g
22%
Carbohydrate
28.6g
9.4g
3%
Sugars
3.1g
1.0g
1%
Sodium
603mg
199mg
9%
* Percentage Daily Intakes are based on an average adult diet of 8700 kJ. Your daily intakes may be higher or lower depending on your energy needs.",,https://www.coles.com.au/product/arnotts-jatz-and-extra-tasty-cheese-33g-5422177,,,2024-06-16T22:06:03.152419-04:00
"Ind54SColes_ADairy, Eggs & Fridge_SACheese_ISunbeam Sultanas With Cheddar Cheese | 35g",Sunbeam Sultanas With Cheddar Cheese | 35g,Sunbeam,"Dairy, Eggs & Fridge",Cheese,Cheese snacks,,$3.00,,,$8.57 per 100g,7703790,"Introducing Sunbeam Fruit & Cheese chilled snacks  where real fruit meets real cheese for a taste that's real cool!
Packed with the goodness of nature, our snacks are the perfect on-the-go solution for busy kids.
Embrace the real goodness of Sunbeam Fruit & Cheese snacks and add a little Sunbeam sunshine to their day!
With Real Fruit
With Real Cheese
Source of Calcium
No Artificial colours or flavours",,,"Per 100g/ml
Per Serving
%DI
Energy
1400kJ
491kJ
Protein
9.2g
3.2g
Total Fat
12.7g
4.4g
Saturated Fat
9.5g
3.3g
Carbohydrate
44.6g
15.6g
Sugars
43.3g
15.2g
Calcium
377mg
132mg
16%
Sodium
355mg
124mg
* Percentage Daily Intakes are based on an average adult diet of 8700 kJ. Your daily intakes may be higher or lower depending on your energy needs.",,https://www.coles.com.au/product/sunbeam-sultanas-with-cheddar-cheese-35g-7703790,,,2024-06-16T22:06:15.767698-04:00
"Ind54SColes_ADairy, Eggs & Fridge_SACheese_IMeredith Dairy Goats Cheese Chevre Dill | 80g",Meredith Dairy Goats Cheese Chevre Dill | 80g,Meredith,"Dairy, Eggs & Fridge",Cheese,Specialty & entertaining cheese,,$5.50,,,$68.75 per 1kg,5438574,"Meredith Dairy Fresh Dill Goat Cheese is infused with the fresh, lemony and subtle aniseed lift of dill. A perfect harmony of restrained salt and citrus taste in a light, fluffy texture. Its pure, delicate and wonderfully creamy taste is achieved by processing farm fresh goat milk when it is just hours old! Delicious with smoked salmon, nestled in baked potatoes or the hero of your next omelette.  ",,,"Per 100g/ml
Per Serving
%DI
Energy
1070
214
Protein
14.0
2.8
Total Fat
21.1
4.2
Saturated Fat
14.5
2.9
Carbohydrate
1.8
0.4
Sugars
1.8
0.4
Calcium
69
14
Sodium
378
76
* Percentage Daily Intakes are based on an average adult diet of 8700 kJ. Your daily intakes may be higher or lower depending on your energy needs.",,https://www.coles.com.au/product/meredith-dairy-goats-cheese-chevre-dill-80g-5438574,,,2024-06-16T22:06:26.927766-04:00
"Ind54SColes_ADairy, Eggs & Fridge_SACheese_IColes Cheese Spring Onion & Chive | 190g",Coles Cheese Spring Onion & Chive | 190g,Coles,"Dairy, Eggs & Fridge",Cheese,Specialty & entertaining cheese,,$3.80,,,$20.00 per 1kg,7781283,"Coles Dairy 190g spring onion and chive cream cheese. A savoury cream cheese with spring onion, roasted garlic and chives perfect for any cheese board.",,,"Per 100g/ml
Per Serving
%DI
Protein
8.90
2.23
Carbohydrate
3.60
0.90
Sugars
3.60
0.90
Calcium
91.00
22.75
Saturated
22.10
5.53
Monounsaturated
7.20
1.80
Fat
31.50
7.88
Dietary Fibre (total)
1.00
0.25
Polyunsaturated
0.80
0.20
Trans
1.10
0.28
* Percentage Daily Intakes are based on an average adult diet of 8700 kJ. Your daily intakes may be higher or lower depending on your energy needs.",,https://www.coles.com.au/product/coles-cheese-spring-onion-and-chive-190g-7781283,,,2024-06-16T22:06:38.173334-04:00
"Ind54SColes_ADairy, Eggs & Fridge_SACheese_ISouth Cape Greek Style Fetta | 200g",South Cape Greek Style Fetta | 200g,South Cape,"Dairy, Eggs & Fridge",Cheese,Gourmet Cheese,,$6.50,,,$32.50 per 1kg,6416861,"South Cape Greek Style Fetta is a creamy white, porous textured cheese. It has a sharp, salty and milky flavour and is firm enough to be crumbled or sliced. Best served with salad and paired with sparkling wine. Liberate your plate with South Cape.",,,"Per 100g/ml
Per Serving
%DI
Energy
1318kJ
329.5kJ
0%
Protein
20.8g
5.2g
0%
Total Fat
25.6g
6.4g
0%
Saturated Fat
16.6g
4.15g
0%
Carbohydrate
<1g
<1g
0%
Sugars
<1g
<1g
0%
Calcium
450mg
112.5mg
0%
Sodium
1148mg
287mg
0%
* Percentage Daily Intakes are based on an average adult diet of 8700 kJ. Your daily intakes may be higher or lower depending on your energy needs.","Pasteurised Cow's Milk, Salt, Mineral Salt (509), Starter Cultures, Non-animal Rennet.",https://www.coles.com.au/product/south-cape-greek-style-fetta-200g-6416861,,,2024-06-16T22:06:49.324223-04:00
"Ind54SColes_ADairy, Eggs & Fridge_SACheese_IColes Cheese Bites Chorizo & Mini Preztels | 50g",Coles Cheese Bites Chorizo & Mini Preztels | 50g,Coles,"Dairy, Eggs & Fridge",Cheese,Cheese snacks,,$3.50,,,$7.00 per 100g,4383965,"Coles Dairy 50g mild tasty cheese cubes made with Australian milk, mild chorizo bites and mini salted pretzels. The perfect snack for on the go.",,,"Per 100g/ml
Per Serving
%DI
Energy
1747.20
873.60
Protein
22.30
11.15
Carbohydrate
20.20
10.10
Sugars
2.70
1.35
Calcium
300.00
150.00
Sodium
900.00
450.00
Saturated
13.90
6.95
Energy (Cal)
417.99
209.00
Fat
27.50
13.75
Dietary Fibre (total)
0.90
0.45
Trans
0.90
0.45
* Percentage Daily Intakes are based on an average adult diet of 8700 kJ. Your daily intakes may be higher or lower depending on your energy needs.",,https://www.coles.com.au/product/coles-cheese-bites-chorizo-and-mini-preztels-50g-4383965,,,2024-06-16T22:07:01.708492-04:00
"Ind54SColes_ADairy, Eggs & Fridge_SACheese_IMainland Tasty Cheddar & Rosemary & Rock Salt Lavosh Crackers | 36g",Mainland Tasty Cheddar & Rosemary & Rock Salt Lavosh Crackers | 36g,Mainland,"Dairy, Eggs & Fridge",Cheese,Cheese snacks,,$3.00,Pick any 2 for $5,,$8.11 per 100g,4383739,Mainland Tasty Cheese & Rosemary & Rock Salt Lavosh Crackers 36g,,,"Per 100g/ml
Per Serving
%DI
Energy
1770kJ
637kJ
Protein
20.5g
7.4g
Total Fat
29.5g
10.6g
Saturated Fat
18.6g
6.7g
Carbohydrate
17.7g
6.4g
Sugars
1.0g
Less than 1g
Calcium
549mg
198mg
Sodium
744mg
268mg
* Percentage Daily Intakes are based on an average adult diet of 8700 kJ. Your daily intakes may be higher or lower depending on your energy needs.",,https://www.coles.com.au/product/mainland-tasty-cheddar-and-rosemary-and-rock-salt-lavosh-crackers-36g-4383739,,,2024-06-16T22:07:12.931254-04:00
"Ind54SColes_ADairy, Eggs & Fridge_SADairy, chilled & frozen_IUnicorn Classic Triple Cream Brie | 125g",Unicorn Classic Triple Cream Brie | 125g,Unicorn,"Dairy, Eggs & Fridge","Dairy, chilled & frozen",Cheese & yoghurt,,$5.00,,,"$40.00 per 1kg
Was $6.00 on Apr 2024",5443326,"Our Classic Triple Cream Brie is an even creamier, richer flavour than our Double Brie.",,,"Per 100g/ml
Per Serving
%DI
Energy
1400kJ
350kJ
Protein
15.5g
3.9g
Total Fat
29.9g
7.5g
Saturated Fat
19.6g
4.9g
Carbohydrate
2g
0.5g
Sugars
<0.5g
<0.1g
Sodium
786mg
196.5mg
* Percentage Daily Intakes are based on an average adult diet of 8700 kJ. Your daily intakes may be higher or lower depending on your energy needs.","Milk, Cream (From Milk), Salt, Starter Cultures, Enzyme (Non Animal Rennet).",https://www.coles.com.au/product/unicorn-classic-triple-cream-brie-125g-5443326,,,2024-06-16T22:07:28.354727-04:00
"Ind54SColes_ADairy, Eggs & Fridge_SACheese_ITasmanian Heritage Triple Cream Brie Oval | 125g",Tasmanian Heritage Triple Cream Brie Oval | 125g,Tasmanian Heritage,"Dairy, Eggs & Fridge",Cheese,Brie & soft cheese,,$5.00,,$7.50,$40.00 per 1kg,7766155,"Tasmanian Heritage Triple Cream Brie is a rich, buttery soft white cheese, perfect with quince paste and crispbreads. Serve at room temperature for ultimate creaminess. Made with 100% Tasmanian milk.",,,"Per 100g/ml
Per Serving
%DI
Energy
1730kJ
433kJ
0%
Protein
13.5g
3.4g
0%
Total Fat
40.1g
10g
0%
Saturated Fat
27.8g
7g
0%
Carbohydrate
<1g
<1g
0%
Sugars
<1g
<1g
0%
Calcium
430mg
108mg
0%
Sodium
554mg
139mg
0%
* Percentage Daily Intakes are based on an average adult diet of 8700 kJ. Your daily intakes may be higher or lower depending on your energy needs.",,https://www.coles.com.au/product/tasmanian-heritage-triple-cream-brie-oval-125g-7766155,,,2024-06-16T22:07:39.748150-04:00
"Ind54SColes_ADairy, Eggs & Fridge_SA_IRiverina Fetta Basil Pesto | 200g",Riverina Fetta Basil Pesto | 200g,Riverina,"Dairy, Eggs & Fridge",,,,$5.30,,,$26.50 per 1kg,4360846,"Award Winning, 100% Australian Owned Fetta infused with Basil Pesto!

Our delicious NUT FREE Basil Pesto-infused Fetta blends basil and garlic with our award winning Double Cream Fetta for a taste sensation. Try adding to your favourite omelet or quiche, sprinkle on a salad or enjoy just on its own as a flavour filled snack.

Our Fetta is made using the highest quality milk from our own farm situated on the fertile banks of the Murray River at Corowa NSW. 
Infused with Basil Pesto
100% Australian Owned and Made
All Natural Ingredients
Award Winning
Quality milk from our own farm
Made with Double Cream.",,,"Per 100g/ml
Per Serving
%DI
Energy
1590kJ
397.5kJ
Protein
19.4g
4.9g
Total Fat
34g
8.5g
Saturated Fat
23.6g
5.9g
Carbohydrate
0.1g
0.1g
Sugars
<0.1g
<0.1g
Sodium
800mg
200mg
* Percentage Daily Intakes are based on an average adult diet of 8700 kJ. Your daily intakes may be higher or lower depending on your energy needs.",,https://www.coles.com.au/product/riverina-fetta-basil-pesto-200g-4360846,,,2024-06-16T22:07:52.415803-04:00
"Ind54SColes_ADairy, Eggs & Fridge_SACheese_IColes Grana Padano Aged 14 Months | 250g",Coles Grana Padano Aged 14 Months | 250g,Coles,"Dairy, Eggs & Fridge",Cheese,Block cheese,,$8.50,,,$34.00 per 1kg,2123577,Matured for over 14 months for a sharp & rich flavour,,,"Per 100g/ml
Per Serving
%DI
Energy
1634
408.5
Protein
33
8.25
Carbohydrate
0
0
Sugars
0
0
Sodium
600
150
Saturated
18
4.5
Energy (Cal)
390.91
97.73
Fat
29
7.25
Dietary Fibre (total)
0
0
* Percentage Daily Intakes are based on an average adult diet of 8700 kJ. Your daily intakes may be higher or lower depending on your energy needs.","INGREDIENTS: Unpasteurised Milk, Salt, Enzyme (Rennet), Preservative (1105 (Egg)).",https://www.coles.com.au/product/coles-grana-padano-aged-14-months-250g-2123577,,,2024-06-16T22:08:03.992246-04:00
"Ind54SColes_ADairy, Eggs & Fridge_SACheese_IAshgrove Natural Wood Cold Smoked Havarti Cheese Block | 140g",Ashgrove Natural Wood Cold Smoked Havarti Cheese Block | 140g,Ashgrove,"Dairy, Eggs & Fridge",Cheese,Firm cheese,,$7.50,,,$53.57 per 1kg,3272925,"Ashgrove Lake Burbury Tasmanian Smoked Havarti is soft, creamy and naturally wood smoked. Pair with Tasmanian cider and salami. 100% Tassie family-owned from paddock to plate. Family farm since 1908. Grass, cow, you.",,,"Per 100g/ml
Per Serving
%DI
Energy
1540kJ
308kJ
Protein
24.0g
4.8g
Total Fat
30.3g
6.1g
Saturated Fat
22.2g
4.4g
Carbohydrate
0.9g
0.2g
Sugars
0.1g
0.0
Calcium
774mg
155mg
Sodium
567mg
113mg
Trans
1.4g
0.3g
* Percentage Daily Intakes are based on an average adult diet of 8700 kJ. Your daily intakes may be higher or lower depending on your energy needs.",,https://www.coles.com.au/product/ashgrove-natural-wood-cold-smoked-havarti-cheese-block-140g-3272925,,,2024-06-16T22:08:14.993677-04:00
"Ind54SColes_ADairy, Eggs & Fridge_SACheese_IMainland Munchables Tasty Cheese & Crackers 4 pack | 120g",Mainland Munchables Tasty Cheese & Crackers 4 pack | 120g,Mainland,"Dairy, Eggs & Fridge",Cheese,Cheese snacks,,$5.50,,$7.00,$4.58 per 100g,6577500,"Mainland Munchables Cheese & Crackers 120g
100% natural tasty cheese

No Artificial Flavours

No Artificial Colours",,,"Per 100g/ml
Per Serving
%DI
Energy
1830kJ
548kJ
Protein
17.3g
5.2g
Total Fat
29.4g
8.8g
8.7g
Saturated Fat
19.2g
5.8g
Carbohydrate
25.5g
7.6g
Sugars
2.5g
0.8g
Calcium
463mg
139mg
Sodium
726mg
218mg
* Percentage Daily Intakes are based on an average adult diet of 8700 kJ. Your daily intakes may be higher or lower depending on your energy needs.",,https://www.coles.com.au/product/mainland-munchables-tasty-cheese-and-crackers-4-pack-120g-6577500,,,2024-06-16T22:08:27.293546-04:00
"Ind54SColes_ADairy, Eggs & Fridge_SACheese_IPerfect Italiano Cheese Extra Sharp Parmesan Block | 200g",Perfect Italiano Cheese Extra Sharp Parmesan Block | 200g,Perfect Italiano,"Dairy, Eggs & Fridge",Cheese,Block cheese,,$7.50,,,$37.50 per 1kg,4394123,"Perfect Italiano Cheese Extra Sharp Block 200g
It's an easy way to add delicious flavour to pasta, salad or risotto.

Strong & Bitey flavour",,,"Per 100g/ml
Per Serving
%DI
Energy
1580kJ
158kJ
2 %
Protein
32.6g
3.3g
7%
Total Fat
27.2g
2.7g
4%
Saturated Fat
16.3g
1.6g
7%
Carbohydrate
LESS THAN 1g
LESS THAN 1g
0
Sugars
LESS THAN 1g
LESS THAN 1g
0
Calcium
950mg
95mg
12% RDI*
Sodium
846mg
85mg
4%
* Percentage Daily Intakes are based on an average adult diet of 8700 kJ. Your daily intakes may be higher or lower depending on your energy needs.",,https://www.coles.com.au/product/perfect-italiano-cheese-extra-sharp-parmesan-block-200g-4394123,,,2024-06-16T22:08:38.919179-04:00
"Ind54SColes_ADairy, Eggs & Fridge_SACheese_IColes Mascarpone | 250g",Coles Mascarpone | 250g,Coles,"Dairy, Eggs & Fridge",Cheese,Brie & soft cheese,,$4.80,,,$19.20 per 1kg,2212600,Coles dairy 250g soft and creamy mascarpone. Perfect for crafting any Italian dish and especially for delicious desserts.,,,"Per 100g/ml
Per Serving
%DI
Energy
1815.20
453.80
5
Protein
1.80
0.45
1
Total Fat
46.33
11.58
17
Saturated Fat
32.70
8.18
34
Carbohydrate
3.67
0.92
0
Sugars
2.30
0.58
1
Sodium
21.00
5.25
0
Energy (Cal)
434.26
108.56
Dietary Fibre (total)
1.00
0.25
1
* Percentage Daily Intakes are based on an average adult diet of 8700 kJ. Your daily intakes may be higher or lower depending on your energy needs.",,https://www.coles.com.au/product/coles-mascarpone-250g-2212600,,,2024-06-16T22:08:50.383807-04:00
"Ind54SColes_ADairy, Eggs & Fridge_SACheese_IBega Cheese Stringers Lactose Free 8 Pack | 160g",Bega Cheese Stringers Lactose Free 8 Pack | 160g,Bega,"Dairy, Eggs & Fridge",Cheese,Cheese snacks,,$7.00,,,$43.75 per 1kg,5419300,Bega Cheese Lactose Free Stringers 12pk,,,"Per 100g/ml
Per Serving
%DI
Energy
1240kJ
247kJ
Protein
25.5g
5.1g
Total Fat
21.3g
4.3g
Saturated Fat
14.6g
2.9g
Carbohydrate
Less than 1g
Less than 1g
Sugars
Less than 1g
Less than 1g
Lactose
Nil
Nil
Calcium
641mg
128mg
16% RDI^
Sodium
707mg
141mg
Dietary Fibre (total)
Less than 1g
Less than 1g
Galactose
Less than 1g
Less than 1g
* Percentage Daily Intakes are based on an average adult diet of 8700 kJ. Your daily intakes may be higher or lower depending on your energy needs.",,https://www.coles.com.au/product/bega-cheese-stringers-lactose-free-8-pack-160g-5419300,,,2024-06-16T22:09:02.721387-04:00
"Ind54SColes_ADairy, Eggs & Fridge_SACheese_IDairylea Burger Cheese Slices | 250g",Dairylea Burger Cheese Slices | 250g,Dairylea,"Dairy, Eggs & Fridge",Cheese,Sliced cheese,,$5.40,,,$21.60 per 1kg,2984261,"Dairylea Burger Cheese Slices are bold in taste, have no artificial colours or flavours and are a delicious source of calcium. Add some extra oomph to your classic homemade burger.",,,,"CHEESE (MINIMUM 55%) (MILK, SALT, STARTER CULTURE, ENZYMES), BUTTER OR CREAM (FROM MILK) OR MILK FAT, WATER, MILK SOLIDS, MINERAL SALTS (331, 339), SALT, FOOD ACID (270), COLOUR (160b), PRESERVATIVE (200), SPICE, ANTI-STICK AGENT (401).",https://www.coles.com.au/product/dairylea-burger-cheese-slices-250g-2984261,,,2024-06-16T22:09:13.090620-04:00
"Ind54SColes_ADairy, Eggs & Fridge_SACheese_INorco Natural Dairy Cheese Slices 12 Pack | 250g",Norco Natural Dairy Cheese Slices 12 Pack | 250g,Norco,"Dairy, Eggs & Fridge",Cheese,Sliced cheese,,$7.90,,,$31.60 per 1kg,7119409,"Inspired by its birthplace in the beautiful, stress-free region of Northern NSW, this is a cheese oozing with goodness. This delicious cheese is low in salt, contains no animal rennet, provides the goodness of dairy, and contains vegetarian enzymes. It also contains acidophilus cultures for good gut health. It's a creamy, healthy cheese with a dash of peace-of-mind.
100% Australian Farmer Owned

Ideal For Melting

Matured For Up To 12 Months

30% Daily Calcium",,,"Per 100g/ml
Per Serving
%DI
Energy
1630kJ
342kJ
0
Protein
26g
5.5g
0
Total Fat
32g
6.7g
0
Saturated Fat
22.4g
4.7g
0
Carbohydrate
Less than 1g
Less than 1g
0
Sugars
Less than 1g
Less than 1g
0
Calcium
740mg
155mg
0
Sodium
300mg
63mg
0
Monounsaturated
0
0
0
Energy (Cal)
391Cal
82Cal
0
Dietary Fibre (total)
0
0
0
Polyunsaturated
0
0
0
Potassium
105mg
Trans
0
0
0
Caffeine
500mg
* Percentage Daily Intakes are based on an average adult diet of 8700 kJ. Your daily intakes may be higher or lower depending on your energy needs.",,https://www.coles.com.au/product/norco-natural-dairy-cheese-slices-12-pack-250g-7119409,,,2024-06-16T22:09:25.270927-04:00
"Ind54SColes_ADairy, Eggs & Fridge_SA_IBio Cheese Marinated Fetta | 300g",Bio Cheese Marinated Fetta | 300g,Bio,"Dairy, Eggs & Fridge",,,,$15.00,,,$50.00 per 1kg,3844585,"Marinated in Australian Extra Virgin Olive oil, garlic and herbs, this smooth and creamy product will be a fridge staple in no time. Enjoy on its own, spread on toast or crackers, or crumble through salads. You won't believe it's dairy free.
Vegan Friendly

Vegetarian

Gluten Free

Soya Free

Lactose Free

Palm Oil Free.

GMO Free.

Plant-Based Dairy Simulant.",,,"Per 100g/ml
Per Serving
%DI
Energy
1260
315
Protein
0
0
Total Fat
29.0
7.3
Saturated Fat
26.0
6.5
Carbohydrate
11.0
2.8
Sugars
0
0
Sodium
680
170
Energy (Cal)
305
76
Trans
0.29
0.07
* Percentage Daily Intakes are based on an average adult diet of 8700 kJ. Your daily intakes may be higher or lower depending on your energy needs.",,https://www.coles.com.au/product/bio-cheese-marinated-fetta-300g-3844585,,,2024-06-16T22:09:39.337728-04:00
"Ind54SColes_ADairy, Eggs & Fridge_SA_ILiddells Lactose Free Tasty Cheese Slices | 250g",Liddells Lactose Free Tasty Cheese Slices | 250g,Liddells,"Dairy, Eggs & Fridge",,,,$7.50,,,$30.00 per 1kg,3843298,"All Liddells products are all made from real dairy, lactose free and where needed we add the lactase enzyme to break down the lactose into two simple sugars: glucose and galactose. These sugars can be easily absorbed in the small intestine, keeping your tummy feeling happy. That's all it is!",,,"Per 100g/ml
Per Serving
%DI
Energy
1690kJ
355kJ
0%
Protein
25.8g
5.4g
0%
Total Fat
33.3g
7g
0%
Saturated Fat
26.1g
4.5g
0%
Carbohydrate
<1g
<1g
0%
Sugars
<1g
<1g
0%
Calcium
750mg
158mg
20%
Sodium
720mg
151mg
0%
* Percentage Daily Intakes are based on an average adult diet of 8700 kJ. Your daily intakes may be higher or lower depending on your energy needs.",,https://www.coles.com.au/product/liddells-lactose-free-tasty-cheese-slices-250g-3843298,,,2024-06-16T22:09:51.466233-04:00
"Ind54SColes_ADairy, Eggs & Fridge_SA_IBabybel Mini Cheese Original Protein 5 Pack | 100g",Babybel Mini Cheese Original Protein 5 Pack | 100g,Babybel,"Dairy, Eggs & Fridge",,,,$6.25,,,$62.50 per 1kg,4379844,,,,,,https://www.coles.com.au/product/babybel-mini-cheese-original-protein-5-pack-100g-4379844,,,2024-06-16T22:10:01.927998-04:00
"Ind54SColes_ADairy, Eggs & Fridge_SACheese_IColes Tasty Light Cheese Slices 24 Pack | 500g",Coles Tasty Light Cheese Slices 24 Pack | 500g,Coles,"Dairy, Eggs & Fridge",Cheese,Sliced cheese,,$7.90,,,$15.80 per 1kg,5433027,"3 is for mature strength 30% less fat* and matured for a rich, tasty flavour. Perfect for sandwiches and toasties.",,,"Per 100g/ml
Per Serving
%DI
Energy
1402.8
294.59
Protein
29.7
6.24
Carbohydrate
0.1
0.02
Sugars
0.1
0.02
Calcium
841
176.61
Sodium
665
139.65
Saturated
16.6
3.49
Energy (Cal)
335.6
70.48
Fat
24.2
5.08
Dietary Fibre (total)
0.1
0.02
* Percentage Daily Intakes are based on an average adult diet of 8700 kJ. Your daily intakes may be higher or lower depending on your energy needs.",,https://www.coles.com.au/product/coles-tasty-light-cheese-slices-24-pack-500g-5433027,,,2024-06-16T22:10:13.286348-04:00
"Ind54SColes_ADairy, Eggs & Fridge_SACheese_IColes Monterey Jack Cheese Slices | 200g",Coles Monterey Jack Cheese Slices | 200g,Coles,"Dairy, Eggs & Fridge",Cheese,Cheddar & tasty cheese,,$4.90,,,$24.50 per 1kg,3273510,10 cheese slices mild with a smooth finish,,,"Per 100g/ml
Per Serving
%DI
Energy
1539.7
307.94
Protein
23
4.6
Total Fat
31
6.2
Carbohydrate
0.1
0.02
Sugars
0.1
0.02
Calcium
700
140
Sodium
750
150
Saturated
19.2
3.84
Energy (Cal)
368.35
73.67
Dietary Fibre (total)
0
0
* Percentage Daily Intakes are based on an average adult diet of 8700 kJ. Your daily intakes may be higher or lower depending on your energy needs.",,https://www.coles.com.au/product/coles-monterey-jack-cheese-slices-200g-3273510,,,2024-06-16T22:10:25.874804-04:00
"Ind54SColes_ADairy, Eggs & Fridge_SADairy, chilled & frozen_IUnicorn Selections Truffle Brie | 125g",Unicorn Selections Truffle Brie | 125g,Unicorn,"Dairy, Eggs & Fridge","Dairy, chilled & frozen",Cheese & desserts,,$5.50,,,"$44.00 per 1kg
Was $6.50 on Apr 2024",4357524,Handcrafted in Shoalhaven and infused with the earthy and aromatic flavours of Black Winter and Summer Truffle - grown in Western Australia. Unicorn Selections Truffle Brie is truly decadent with a buttery finish.,,,"Per 100g/ml
Per Serving
%DI
Energy
1170kJ
293kJ
Protein
13.6g
3.4g
Total Fat
22.8g
5.7g
Saturated Fat
15.4g
3.9g
Carbohydrate
5.6g
1.4g
Sugars
1.2g
<1g
Sodium
566mg
142mg
* Percentage Daily Intakes are based on an average adult diet of 8700 kJ. Your daily intakes may be higher or lower depending on your energy needs.",,https://www.coles.com.au/product/unicorn-selections-truffle-brie-125g-4357524,,,2024-06-16T22:10:37.739229-04:00
"Ind54SColes_ADairy, Eggs & Fridge_SACheese_ICracker Barrel Extra Sharp Cheese Slices | 250g",Cracker Barrel Extra Sharp Cheese Slices | 250g,Cracker Barrel,"Dairy, Eggs & Fridge",Cheese,Sliced cheese,,$7.45,,$9.20,$29.80 per 1kg,4389178,"Our vintage cheddar is carefully aged to develop a sharp, full bodied flavour and crumbly texture.",,,"Per 100g/ml
Per Serving
%DI
Energy
1690kJ
355kJ
0%
Protein
25.8g
5.4g
0%
Total Fat
33.3g
7g
0%
Saturated Fat
21.6g
4.5g
0%
Carbohydrate
<1g
<1g
0%
Sugars
<1g
<1g
0%
Calcium
750mg
158mg
20%
Sodium
730mg
153mg
0%
* Percentage Daily Intakes are based on an average adult diet of 8700 kJ. Your daily intakes may be higher or lower depending on your energy needs.",,https://www.coles.com.au/product/cracker-barrel-extra-sharp-cheese-slices-250g-4389178,,,2024-06-16T22:10:52.075473-04:00
"Ind54SColes_ADairy, Eggs & Fridge_SAPrimo_IPrimo Trios Twiggy Cheese & BBQ Rice Crackers | 50g",Primo Trios Twiggy Cheese & BBQ Rice Crackers | 50g,Primo,"Dairy, Eggs & Fridge",Primo,Crackers & Snacks,,$4.50,,,$9.00 per 100g,7696570,"Twiggy, Tasty Cheese and Barbecue Flavoured Rice Crackers
Source of protein
No artificial colours or flavours
Place straight into lunch bags for an easy filling snack",,,"Per 100g/ml
Per Serving
%DI
Energy
1680
840
10
Protein
19.4
9.7
19
Total Fat
27.1
13.6
19
Saturated Fat
13.0
6.5
27
Carbohydrate
20.0
10.0
3
Sugars
1.7
<1g
<1
Sodium
775mg
388mg
17%
* Percentage Daily Intakes are based on an average adult diet of 8700 kJ. Your daily intakes may be higher or lower depending on your energy needs.",,https://www.coles.com.au/product/primo-trios-twiggy-cheese-and-bbq-rice-crackers-50g-7696570,,,2024-06-16T22:11:03.679522-04:00
"Ind54SColes_ADairy, Eggs & Fridge_SACheese_IColes Edam Cheese Slices | 200g",Coles Edam Cheese Slices | 200g,Coles,"Dairy, Eggs & Fridge",Cheese,Sliced cheese,,$4.90,,,$24.50 per 1kg,1462511,10 CHEESE SLICESMild with a buttery finish,,,"Per 100g/ml
Per Serving
%DI
Energy
1314.4
262.88
Protein
25.3
5.06
Total Fat
23.9
4.78
Carbohydrate
0
0
Sugars
0
0
Calcium
920
184
Sodium
790
158
Saturated
16.2
3.24
Energy (Cal)
314.45
62.89
Dietary Fibre (total)
0
0
* Percentage Daily Intakes are based on an average adult diet of 8700 kJ. Your daily intakes may be higher or lower depending on your energy needs.",,https://www.coles.com.au/product/coles-edam-cheese-slices-200g-1462511,,,2024-06-16T22:11:17.273510-04:00
"Ind54SColes_ADairy, Eggs & Fridge_SACheese_ISheese Vegan Grated Cheese | 200g",Sheese Vegan Grated Cheese | 200g,Sheese,"Dairy, Eggs & Fridge",Cheese,Grated cheese,,$7.00,,,$35.00 per 1kg,4459488,"Our Grated Mild Cheddar style Sheese is a dairy free alternative to a mild white grated Cheddar cheese. Made with coconut oil and for easy melting, it's vegan, kosher, and perfect for specialist dietary requirements such as lactose intolerance.",,,"Per 100g/ml
Per Serving
%DI
Energy
1320kJ
395kJ
Protein
1.3g
0.4g
Total Fat
26.2g
7.9g
Saturated Fat
21.8g
6.5g
Carbohydrate
17g
5.1g
Sugars
0.3g
0.1g
Sodium
760mg
228mg
Dietary Fibre (total)
4.9g
1.5g
* Percentage Daily Intakes are based on an average adult diet of 8700 kJ. Your daily intakes may be higher or lower depending on your energy needs.","Water, coconut oil (23%), modified potato starch, oat fibre, maize starch, acidity regulators (333, 270, 325), modified maize starch (1450), salt, yeast extract, thickeners (407, 412), natural flavourings,, colour (160a).",https://www.coles.com.au/product/sheese-vegan-grated-cheese-200g-4459488,,,2024-06-16T22:11:29.917656-04:00
"Ind54SColes_ADairy, Eggs & Fridge_SACheese_ILemnos Crumbled Fetta Pouch | 120g",Lemnos Crumbled Fetta Pouch | 120g,Lemnos,"Dairy, Eggs & Fridge",Cheese,Feta cheese,,$3.85,,$4.80,$32.08 per 1kg,6820539,"Embrace your creative side with Lemnos Traditional Crumbled Fetta. Sprinkle on salad or pizza, stir through soup or pasta or bake in a frittata or quiche.
Contains Protein & Calcium

Just a few Ingredients

No Artificial Flavours or Colors

Suitable for Vegetarians

Made in Australia",,,"Per 100g/ml
Per Serving
%DI
Energy
1140 kJ
342 kJ
Protein
17.6 g
5.3 g
Total Fat
21.5 g
6.4 g
Saturated Fat
14.6 g
4.4 g
Carbohydrate
2.5 g
Less than 1 g
Sugars
1.4 g
Less than 1 g
Calcium
285 mg
85 mg
Sodium
1165 mg
349 mg
Energy (Cal)
272 Cal
82 Cal
* Percentage Daily Intakes are based on an average adult diet of 8700 kJ. Your daily intakes may be higher or lower depending on your energy needs.",,https://www.coles.com.au/product/lemnos-crumbled-fetta-pouch-120g-6820539,,,2024-06-16T22:11:42.096185-04:00
"Ind54SColes_ADairy, Eggs & Fridge_SACheese_IAphrodite Barrel Aged Feta Portion | 170g",Aphrodite Barrel Aged Feta Portion | 170g,Aphrodite,"Dairy, Eggs & Fridge",Cheese,Gourmet Cheese,,$12.20,,,$71.76 per 1kg,3628568,"Authentic handmade Greek barrel-ripened feta is rare, and it tastes very different to modern feta matured in brine in airtight tins. This cheese has been carefully ripened in small, old beech wood barrels using traditional techniques that date back to the time when nomadic shepherds roamed the hills of northern Greece.",,,,,https://www.coles.com.au/product/aphrodite-barrel-aged-feta-portion-170g-3628568,,,2024-06-16T22:11:51.018140-04:00
"Ind54SColes_ADairy, Eggs & Fridge_SACheese_IAshgrove Signature Red Leicester | 150g",Ashgrove Signature Red Leicester | 150g,Ashgrove Signature,"Dairy, Eggs & Fridge",Cheese,Cheddar & tasty cheese,,$9.50,,,$63.34 per 1kg,5400232,"Ashgrove cheese is 100% Tassie family-owned. Dairy farming in Tasmania since 1908. 

Enjoy with sea salt lavosh, muscatel, fresh apricot and peated whisky. 

Signature Masterclass

Style: Rich and rounded. 
Colour: Deep orange hue. 
Texture: Slightly open, moist, smooth. 
Taste: Mellow, milky, fresh almond. ",,,"Per 100g/ml
Per Serving
%DI
Energy
1710kJ
342kJ
Protein
25.5g
5.1g
Total Fat
33.9g
6.8g
Saturated Fat
24.8g
5g
Carbohydrate
1.3g
0.3g
Sugars
0.1g
0.0g
Sodium
667mg
133mg
* Percentage Daily Intakes are based on an average adult diet of 8700 kJ. Your daily intakes may be higher or lower depending on your energy needs.",,https://www.coles.com.au/product/ashgrove-signature-red-leicester-150g-5400232,,,2024-06-16T22:12:02.681354-04:00
"Ind54SColes_ADairy, Eggs & Fridge_SACheese_IDairylea Less Fat Light Cheese Slices 24 Pack | 432g",Dairylea Less Fat Light Cheese Slices 24 Pack | 432g,Dairylea,"Dairy, Eggs & Fridge",Cheese,Sliced cheese,,$8.00,,$9.00,$18.52 per 1kg,6679678,Dairylea Slices Light are a delicious source of calcium with no artificial colours or flavours. They're sure to be a hit in your wraps and sandwiches!,,,"Per 100g/ml
Per Serving
%DI
Energy
911kJ
165kJ
2%
Protein
19.1g
3.4g
7%
Total Fat
15.4g
2.8g
4%
Saturated Fat
10.0g
1.8g
8%
Carbohydrate
1.0g
<1.0g
<1%
Sugars
<1.0g
<1.0g
<1%
Calcium
800 mg
144 mg
18%
Sodium
1380mg
249mg
11%
* Percentage Daily Intakes are based on an average adult diet of 8700 kJ. Your daily intakes may be higher or lower depending on your energy needs.","CHEESE (MINIMUM 41%), (MILK, SALT, STARTER CULTURE, ENZYMES), WATER, MILK SOLIDS, MINERAL SALTS (331, 339, 341), FOOD ACID (270), SALT, BUTTER OR CREAM (FROM MILK) OR MILK FAT, PRESERVATIVE (200), COLOUR (160b).",https://www.coles.com.au/product/dairylea-less-fat-light-cheese-slices-24-pack-432g-6679678,,,2024-06-16T22:12:14.090066-04:00
"Ind54SColes_ADairy, Eggs & Fridge_SAChampagne & sparkling_IGrant Burge Pinot Noir Chardonnay NV 750mL | 1 Each",Grant Burge Pinot Noir Chardonnay NV 750mL | 1 Each,Grant Burge,"Dairy, Eggs & Fridge",Champagne & sparkling,Sparkling,,$27.00,,,$36.00 per 1L,8230591,"Tinged with copper hues, the wine deals out a delightful biscuit-like nose combined with ripe strawberry and peach characters. The palate is rich and generous with a real vitality that's heightened by the creamy mouth-feel. This is a sparkling that adapts to its environment, and as such is just as enjoyable with food as it is on its own.",,,,,https://www.coles.com.au/product/grant-burge-pinot-noir-chardonnay-nv-750ml-1-each-8230591,,,2024-06-16T22:12:23.539028-04:00
"Ind54SColes_ADairy, Eggs & Fridge_SACheese_IDairylea Original Cheese Slices 12 pack | 216g",Dairylea Original Cheese Slices 12 pack | 216g,Dairylea,"Dairy, Eggs & Fridge",Cheese,Sliced cheese,,$4.50,,$5.25,$20.83 per 1kg,192546,Dairylea Cheese Slices Original are a delicious source of calcium with no artificial colours or flavours. They're sure to be a hit in sandwiches and wraps!,,,"Per 100g/ml
Per Serving
%DI
Energy
1160kJ
209kJ
2%
Protein
19.8g
3.6g
7%
Total Fat
20.9g
3.8g
5%
Saturated Fat
13.6g
2.5g
10%
Carbohydrate
3.1g
<1.0g
<1%
Sugars
2.4g
<1.0g
<1%
Calcium
800 mg
144 mg
18%
Sodium
1350mg
242mg
11%
* Percentage Daily Intakes are based on an average adult diet of 8700 kJ. Your daily intakes may be higher or lower depending on your energy needs.",,https://www.coles.com.au/product/dairylea-original-cheese-slices-12-pack-216g-192546,,,2024-06-16T22:12:36.414800-04:00
"Ind54SColes_ADairy, Eggs & Fridge_SACheese_IPerfect Italiano Mexican Cheese Blend Grated | 450g",Perfect Italiano Mexican Cheese Blend Grated | 450g,Perfect Italiano,"Dairy, Eggs & Fridge",Cheese,Grated cheese,,$9.50,,,$21.11 per 1kg,4383740,"Perfect Italiano Cheese Mexican Blend Grated 450g
For a more authentic Mexican Flavour",,,"Per 100g/ml
Per Serving
%DI
Energy
1490kJ
371kJ
4%
Protein
24.7g
6.2g
12%
Total Fat
28.3g
7.1g
10%
Saturated Fat
17.5g
4.4g
18%
Carbohydrate
Less than 1g
Less than 1g
0%
Sugars
Less than 1g
Less than 1g
0%
Calcium
725mg
181mg
23% RDI%
Sodium
670mg
166mg
7%
* Percentage Daily Intakes are based on an average adult diet of 8700 kJ. Your daily intakes may be higher or lower depending on your energy needs.",,https://www.coles.com.au/product/perfect-italiano-mexican-cheese-blend-grated-450g-4383740,,,2024-06-16T22:12:48.063126-04:00
"Ind54SColes_ADairy, Eggs & Fridge_SACheese_IColes Deli Australian Fetta Reduced Fat | approx 100g",Coles Deli Australian Fetta Reduced Fat | approx 100g,Coles,"Dairy, Eggs & Fridge",Cheese,Feta cheese,,$2.25,,,$22.50 per 1kg,3218941,"A delicious reduced fat semi soft cheese with an open crumbly texture, perfect for salads and barbeques",,,"Per 100g/ml
Per Serving
%DI
Energy
920.9
230.23
Protein
19
4.75
Total Fat
15.5
3.88
Carbohydrate
1.2
0.3
Sugars
0.1
0.03
Sodium
1210
302.5
Saturated
10.8
2.7
Energy (Cal)
220.31
55.08
Dietary Fibre (total)
0.5
0.13
* Percentage Daily Intakes are based on an average adult diet of 8700 kJ. Your daily intakes may be higher or lower depending on your energy needs.",,https://www.coles.com.au/product/coles-deli-australian-fetta-reduced-fat-approx.-100g-3218941,,,2024-06-16T22:13:00.506329-04:00
"Ind54SColes_ADairy, Eggs & Fridge_SACheese_IColes Cheese Shredded Tasty Light | 700g",Coles Cheese Shredded Tasty Light | 700g,Coles,"Dairy, Eggs & Fridge",Cheese,Grated cheese,,$9.50,,,$13.57 per 1kg,8145346,"Matured for a rich & tasty flavour, perfect for baking +30% Less Fat than Coles standard tasty cheddar",,,"Per 100g/ml
Per Serving
%DI
Energy
1402.8
350.7
Protein
29.7
7.43
Carbohydrate
0.1
0.03
Sugars
0.1
0.03
Calcium
841
210.25
Sodium
665
166.25
Saturated
16.6
4.15
Energy (Cal)
335.6
83.9
Fat
24.2
6.05
Dietary Fibre (total)
0.1
0.03
* Percentage Daily Intakes are based on an average adult diet of 8700 kJ. Your daily intakes may be higher or lower depending on your energy needs.",,https://www.coles.com.au/product/coles-cheese-shredded-tasty-light-700g-8145346,,,2024-06-16T22:13:11.720731-04:00
"Ind54SColes_ADairy, Eggs & Fridge_SAColes Finest_IColes Finest Oak Smoked Cheddar | approx 100g",Coles Finest Oak Smoked Cheddar | approx 100g,Coles,"Dairy, Eggs & Fridge",Coles Finest,cheeses,,$5.00,,,$50.00 per 1kg,3892599,,,,,,https://www.coles.com.au/product/coles-finest-oak-smoked-cheddar-approx.-100g-3892599,,,2024-06-16T22:13:21.324337-04:00
"Ind54SColes_ADairy, Eggs & Fridge_SACheese_ISouth Cape Apricot & Almond Cream Cheese | 200g",South Cape Apricot & Almond Cream Cheese | 200g,South Cape,"Dairy, Eggs & Fridge",Cheese,Specialty & entertaining cheese,,$6.50,,,$32.50 per 1kg,6581201,"South Cape Apricot and Almond Cream Cheese is delicious combination of ripe apricots, tropical papaya and natural almonds. It has an amazing fresh flavour with a light, soft texture. Best served with crackers and paired with a sparkling wine. Liberate your plate with South Cape.",,,"Per 100g/ml
Per Serving
%DI
Energy
1380kJ
345kJ
0%
Protein
6.4g
1.6g
0%
Total Fat
28.1g
7.025g
0%
Saturated Fat
19.7g
4.925g
0%
Carbohydrate
13.3g
3.325g
0%
Sugars
10.8g
2.7g
0%
Sodium
280mg
70mg
0%
* Percentage Daily Intakes are based on an average adult diet of 8700 kJ. Your daily intakes may be higher or lower depending on your energy needs.",,https://www.coles.com.au/product/south-cape-apricot-and-almond-cream-cheese-200g-6581201,,,2024-06-16T22:13:32.556741-04:00
"Ind54SColes_ADairy, Eggs & Fridge_SACheese_IBega Lactose Free Grated Cheese | 250g",Bega Lactose Free Grated Cheese | 250g,Bega,"Dairy, Eggs & Fridge",Cheese,Grated cheese,,$7.50,,,$30.00 per 1kg,4383750,Bega Cheese Lactose Free Tasty Grated 250g,,,"Per 100g/ml
Per Serving
%DI
Energy
1720kJ
430kJ
5%
Protein
24.2g
6.1g
12%
Total Fat
35.3g
8.8g
13%
Saturated Fat
21.3g
5.3g
22%
Carbohydrate
2.6g
Less than 1g
0%
Sugars
Less than 1g
Less than 1g
0%
Lactose
NIL
NIL
NIL
Calcium
660mg
165mg
21% RDI*
Sodium
720mg
180mg
8%
Dietary Fibre (total)
2.6g
Less than 1g
2%
Galactose
Less than 1g
Less than 1g
0%
* Percentage Daily Intakes are based on an average adult diet of 8700 kJ. Your daily intakes may be higher or lower depending on your energy needs.",,https://www.coles.com.au/product/bega-lactose-free-grated-cheese-250g-4383750,,,2024-06-16T22:13:43.566603-04:00
"Ind54SColes_ADairy, Eggs & Fridge_SACheese_IMersey Valley Club Ploughman's Cheddar Cheese | 235g",Mersey Valley Club Ploughman's Cheddar Cheese | 235g,Mersey Valley,"Dairy, Eggs & Fridge",Cheese,Cheddar & tasty cheese,,$7.00,,$9.95,$29.79 per 1kg,4513211,"Iconic Mersey Valley is best known for its unique crumbly texture and bold vintage cheddar flavour. Mersey Valley Ploughmans is a strong, bitey cheddar with a punch of Tasmanian pickled onions. Create an afternoon smorgasbord featuring Mersey Valley Ploughmans cheese, fruit, crackers, relish and fresh bread. Snack perfection! Best served with a light craft beer or a red wine.",,,"Per 100g/ml
Per Serving
%DI
Energy
1510kJ
377.5kJ
0%
Protein
22.1g
5.525g
0%
Total Fat
28g
7g
0%
Saturated Fat
18.2g
4.55g
0%
Carbohydrate
3g
<1g
0%
Sugars
2.4g
1g
0%
Calcium
645mg
161.25mg
0%
Sodium
745mg
186.25mg
0%
* Percentage Daily Intakes are based on an average adult diet of 8700 kJ. Your daily intakes may be higher or lower depending on your energy needs.",,https://www.coles.com.au/product/mersey-valley-club-ploughman's-cheddar-cheese-235g-4513211,,,2024-06-16T22:13:54.828997-04:00
"Ind54SColes_ADairy, Eggs & Fridge_SA_IMersey Valley Club Dairy Original Vintage Cheddar Cheese | 180g",Mersey Valley Club Dairy Original Vintage Cheddar Cheese | 180g,Mersey Valley,"Dairy, Eggs & Fridge",,,,$8.65,,,$48.06 per 1kg,6580253,"Mersey Valley Original has a delightful crumbly texture with a milder cheddar flavour, perfect for a snack that really hits the spot! Mersey Valley Original pairs perfectly with tomatoes, salami and your favourite crackers. Best served with a light craft beer or light red wine.",,,"Per 100g/ml
Per Serving
%DI
Energy
1740kJ
435kJ
0%
Protein
24.8g
6.2g
0%
Total Fat
33g
8.25g
0%
Saturated Fat
21.1g
5.275g
0%
Carbohydrate
1.4g
<1g
0%
Sugars
<1g
<1g
0%
Calcium
741mg
185.25mg
0%
Sodium
720mg
180mg
0%
* Percentage Daily Intakes are based on an average adult diet of 8700 kJ. Your daily intakes may be higher or lower depending on your energy needs.",,https://www.coles.com.au/product/mersey-valley-club-dairy-original-vintage-cheddar-cheese-180g-6580253,,,2024-06-16T22:14:05.913106-04:00
"Ind54SColes_ADairy, Eggs & Fridge_SACheese_IColes Marinated Danish Fetta | 300g",Coles Marinated Danish Fetta | 300g,Coles,"Dairy, Eggs & Fridge",Cheese,Feta cheese,,$6.10,,,$20.33 per 1kg,2466450,"Coles Dairy Marinated Danish Feta, 300g. Bronze medallist in the Sydney Royal 2017 cheese and dairy show. Danish fetta marinated in herbs and garlic ready to be eaten on fresh bread.",,,"Per 100g/ml
Per Serving
%DI
Energy
1180
296
3
Protein
9.88
2.47
Total Fat
25.8
6.5
9
Saturated Fat
8.8
2.2
9
Carbohydrate
3.46
0.87
Sugars
2.26
0.57
Sodium
1290.00
322.50
Energy (Cal)
283
71
Dietary Fibre (total)
0.00
0.00
* Percentage Daily Intakes are based on an average adult diet of 8700 kJ. Your daily intakes may be higher or lower depending on your energy needs.",,https://www.coles.com.au/product/coles-marinated-danish-fetta-300g-2466450,,,2024-06-16T22:14:18.278266-04:00
"Ind54SColes_ADairy, Eggs & Fridge_SACheese_IColes Vintage Cheese & Crackers | 50g",Coles Vintage Cheese & Crackers | 50g,Coles,"Dairy, Eggs & Fridge",Cheese,Cheese snacks,,$1.90,,,$3.80 per 100g,2073071,Coles VINTAGE CHEESE & CRACKERS Delicious slices of Australian vintage cheddar with plain water crackers Vintage 5 Strength 5 Slices & 5 Crackers,,,"Per 100g/ml
Per Serving
%DI
Energy
1671.9
835.95
Protein
20.6
10.3
Total Fat
25.2
12.6
Carbohydrate
21.3
10.65
Sugars
0.8
0.4
Calcium
540
270
Sodium
640
320
Saturated
17.1
8.55
Energy (Cal)
399.98
199.99
Dietary Fibre (total)
3.4
1.7
Trans
1
0.5
* Percentage Daily Intakes are based on an average adult diet of 8700 kJ. Your daily intakes may be higher or lower depending on your energy needs.",,https://www.coles.com.au/product/coles-vintage-cheese-and-crackers-50g-2073071,,,2024-06-16T22:14:29.351382-04:00
"Ind54SColes_ADairy, Eggs & Fridge_SACheese_IYarra Valley Cheese Salted Honey Cow | 80g",Yarra Valley Cheese Salted Honey Cow | 80g,Yarra Valley,"Dairy, Eggs & Fridge",Cheese,Brie & soft cheese,,$3.50,,$4.10,$43.75 per 1kg,5443519,"A creamy, fresh cow's milk cheese with Beechworth Honey and salt. A real show stopper!
Using only the finest Australian milk to make our fresh cow's milk cheese, we then stir in premium local honey and salt to create the unique salty, yet sweet Salted Honey Cow. At home on a cheeseboard, baked into your favourite cheesecake, whipped and dolloped on waffles or pancakes or the perfect topping for toasted fruit bread, you won't look back once you've tried this unique, moreish cheese.
A creamy fresh cow's milk cheese with honey and salt

Made in Australia",,,"Per 100g/ml
Per Serving
%DI
Energy
1148
230
Protein
15g
3g
Total Fat
21.0g
4.2g
Saturated Fat
14.7g
2.9
Carbohydrate
7.9g
1.6g
Sugars
6.5g
1.3g
Sodium
370mg
74mg
* Percentage Daily Intakes are based on an average adult diet of 8700 kJ. Your daily intakes may be higher or lower depending on your energy needs.",,https://www.coles.com.au/product/yarra-valley-cheese-salted-honey-cow-80g-5443519,,,2024-06-16T22:14:40.600622-04:00
"Ind54SColes_ADairy, Eggs & Fridge_SACheese_IDodoni Greek Feta Cheese | 150g",Dodoni Greek Feta Cheese | 150g,Dodoni,"Dairy, Eggs & Fridge",Cheese,Feta cheese,,$7.00,,,$46.67 per 1kg,5095605,"Premium authentic Greek feta cheese made from pasteurized sheep's and goat's milk
Protected Designation of Origin (P.D.O.)",,,"Per 100g/ml
Per Serving
%DI
Energy
1075kJ
323kJ
Protein
17g
5.1g
Total Fat
21g
6.3g
Saturated Fat
15.7g
4.7g
Carbohydrate
<1g
<1g
Sugars
<1g
<1g
Sodium
1010mg
303mg
* Percentage Daily Intakes are based on an average adult diet of 8700 kJ. Your daily intakes may be higher or lower depending on your energy needs.","Pasteurised Sheep's and Goat's Milk, Salt, Starter Culture, Rennet",https://www.coles.com.au/product/dodoni-greek-feta-cheese-150g-5095605,,,2024-06-16T22:14:51.590842-04:00
"Ind54SColes_ADairy, Eggs & Fridge_SACheese_IArnott's Clix Crackers & Tasty Cheese | 31g",Arnott's Clix Crackers & Tasty Cheese | 31g,Arnotts,"Dairy, Eggs & Fridge",Cheese,Cheese snacks,,$3.40,,,$10.97 per 100g,6090560,"A delicious duo of Arnott's Clix crackers and Extra Tasty Cheese in a handy pack

Satisfying snack for anytime, anywhere

Clix Oven baked not fried

No artifical colours or flavours",,,"Per 100g/ml
Per Serving
%DI
Energy
1850kJ
574kJ
7%
Protein
17.8g
5.5g
11%
Total Fat
30.8g
9.5g
14%
Saturated Fat
16.9g
5.2g
22%
Carbohydrate
23.5g
7.3g
2%
Sugars
2.9g
Less than 1g
<1%
Sodium
763mg
237mg
10%
* Percentage Daily Intakes are based on an average adult diet of 8700 kJ. Your daily intakes may be higher or lower depending on your energy needs.",,https://www.coles.com.au/product/arnott's-clix-crackers-and-tasty-cheese-31g-6090560,,,2024-06-16T22:15:04.045339-04:00
"Ind54SColes_ADairy, Eggs & Fridge_SACheese_ILa Casa Del Formagio Cheese Mozzarella Bag | 125g",La Casa Del Formagio Cheese Mozzarella Bag | 125g,La Casa Del Formagio,"Dairy, Eggs & Fridge",Cheese,Block cheese,,$3.00,,,$24.00 per 1kg,5429085,"It is packaged in a single use bag to be opened and enjoyed immediately to promote freshness. Drain off the brine, slice and layer with tomatoes and basil to form a traditional Caprese salad. It is also a great traditional pizza topping. If you've never had Fresh Mozzarella on your pizza, now is the time to try it! Fresh Mozzarella is a type of Pasta Filata or stretched curd, which is a delicately flavoured fresh cheese that has a texture very similar to al dente pasta.",,,"Per 100g/ml
Per Serving
%DI
Energy
1110kJ
694kJ
Protein
17.9g
11.2g
Total Fat
20.3g
12.7g
Saturated Fat
14.3g
8.9g
Carbohydrate
3.4g
2.1g
Sugars
<1g
<1g
Calcium
396mg
248mg
31%
Sodium
74mg
46mg
* Percentage Daily Intakes are based on an average adult diet of 8700 kJ. Your daily intakes may be higher or lower depending on your energy needs.",,https://www.coles.com.au/product/la-casa-del-formagio-cheese-mozzarella-bag-125g-5429085,,,2024-06-16T22:15:17.217262-04:00
"Ind54SColes_ADairy, Eggs & Fridge_SACheese_IDairylea Regular Cheese Slices 36 Pack | 648g",Dairylea Regular Cheese Slices 36 Pack | 648g,Dairylea,"Dairy, Eggs & Fridge",Cheese,Sliced cheese,,$10.80,,,$16.67 per 1kg,5185821,Dairylea Cheese Slices Original are a delicious source of calcium with no artificial colours or flavours. They're sure to be a hit in sandwiches and wraps!,,,"Per 100g/ml
Per Serving
%DI
Energy
1160kJ
209kJ
2%
Protein
19.8g
3.6g
7%
Total Fat
20.9g
3.8g
5%
Saturated Fat
13.6g
2.5g
10%
Carbohydrate
3.1g
<1.0g
<1%
Sugars
2.4g
<1.0g
<1%
Calcium
800 mg
144 mg
18%
Sodium
1350mg
242mg
11%
* Percentage Daily Intakes are based on an average adult diet of 8700 kJ. Your daily intakes may be higher or lower depending on your energy needs.","CHEESE (MINIMUM 41%) (MILK, SALT, STARTER CULTURE, ENZYMES), WATER MILK SOLIDS, BUTTER OR CREAM (FROM MILK) OR MILK FAT, MINERAL SALTS (331, 339, 341), SALT, FOOD ACID (270), PRESERVATIVE (200), COLOUR (160b).",https://www.coles.com.au/product/dairylea-regular-cheese-slices-36-pack-648g-5185821,,,2024-06-16T22:15:28.766060-04:00
"Ind54SColes_ADairy, Eggs & Fridge_SACheese_IColes Simply Sandwich Slices 84 Pack | 1kg",Coles Simply Sandwich Slices 84 Pack | 1kg,Coles,"Dairy, Eggs & Fridge",Cheese,Sliced cheese,,$12.50,,,$12.50 per 1kg,1978140,84 PACK,,,"Per 100g/ml
Per Serving
%DI
Energy
1417.80
168.72
Protein
20.00
2.38
Carbohydrate
4.20
0.50
Sugars
2.60
0.31
Calcium
634.00
75.45
Sodium
1050.00
124.95
Saturated
18.80
2.24
Energy (Cal)
339.19
40.36
Fat
27.20
3.24
Dietary Fibre (total)
0.00
0.00
trans
1.1
LESS THAN 1g
* Percentage Daily Intakes are based on an average adult diet of 8700 kJ. Your daily intakes may be higher or lower depending on your energy needs.",,https://www.coles.com.au/product/coles-simply-sandwich-slices-84-pack-1kg-1978140,,,2024-06-16T22:15:43.653823-04:00
"Ind54SColes_ADairy, Eggs & Fridge_SA_IMainland Cheese On The Go Lunch Fig Jam | 110g",Mainland Cheese On The Go Lunch Fig Jam | 110g,Mainland,"Dairy, Eggs & Fridge",,,,$5.50,,,$5.00 per 100g,7023671,Mainland Cheese Gouda Slices 180g,,,"Per 100g/ml
Per Serving
%DI
Energy
1620kJ
1782kJ
20%
Protein
12g
13.2g
26%
Total Fat
19.9g
21.8g
31%
Saturated Fat
11.8g
13.0g
54%
Carbohydrate
38.5g
42.4g
14%
Sugars
19.0g
20.9g
23%
Calcium
276mg
304mg
Sodium
530mg
584mg
25%
Energy (Cal)
387Cal
426Cal
* Percentage Daily Intakes are based on an average adult diet of 8700 kJ. Your daily intakes may be higher or lower depending on your energy needs.",,https://www.coles.com.au/product/mainland-cheese-on-the-go-lunch-fig-jam-110g-7023671,,,2024-06-16T22:15:55.294842-04:00
"Ind54SColes_ADairy, Eggs & Fridge_SACheese_IMersey Valley Little Entertainer Classic | 80g",Mersey Valley Little Entertainer Classic | 80g,Mersey Valley,"Dairy, Eggs & Fridge",Cheese,Cheddar & tasty cheese,,$4.80,Pick any 3 for $12,,$60.00 per 1kg,3276879,"Mersey Valley Classic has a strong cheddar bite with a crumbly, melt in your mouth texture that has you coming back for more. This smaller 80g serving is perfect for cheese boards for smaller groups, or a snack that really hits the spot! Mersey Valley Classic is best paired with tomato relish, gherkins and cold meats, and best served with light craft beer or light red wine.",,,"Per 100g/ml
Per Serving
%DI
Energy
1740kJ
435kJ
0%
Protein
24.8g
6.2g
0%
Total Fat
33g
8.25g
0%
Saturated Fat
21.1g
5.275g
0%
Carbohydrate
1.4g
<1g
0%
Sugars
<1g
<1g
0%
Sodium
762mg
190.5mg
0%
* Percentage Daily Intakes are based on an average adult diet of 8700 kJ. Your daily intakes may be higher or lower depending on your energy needs.",,https://www.coles.com.au/product/mersey-valley-little-entertainer-classic-80g-3276879,,,2024-06-16T22:16:06.917817-04:00
"Ind54SColes_ADairy, Eggs & Fridge_SA_IMil Lel Shaved Parmesan | 170g",Mil Lel Shaved Parmesan | 170g,Mil Lel,"Dairy, Eggs & Fridge",,,,$6.20,,$6.90,$36.47 per 1kg,3843232,Our MIL LEL Parmesan is expertly crafted from the finest ingredients. This award winning full-flavoured robust cheese is perfect addition to any occasion or meal.,,,"Per 100g/ml
Per Serving
%DI
Energy
1540kJ
385kJ
0%
Protein
31.3g
7.8g
0%
Total Fat
26.8g
6.7g
0%
Saturated Fat
17.4g
4.4g
0%
Carbohydrate
<1g
<1g
0%
Sugars
<1g
<1g
0%
Calcium
1540mg
385mg
48%
Sodium
1120mg
280mg
0%
* Percentage Daily Intakes are based on an average adult diet of 8700 kJ. Your daily intakes may be higher or lower depending on your energy needs.",,https://www.coles.com.au/product/mil-lel-shaved-parmesan-170g-3843232,,,2024-06-16T22:16:18.612344-04:00
"Ind54SColes_ADairy, Eggs & Fridge_SACheese_IKraft Grated Parmesan Cheese Cannister | 125g",Kraft Grated Parmesan Cheese Cannister | 125g,Kraft,"Dairy, Eggs & Fridge",Cheese,Grated cheese,,$5.50,,,$44.00 per 1kg,133591,"Enjoy your favourite Italian dishes with the delicious taste of Kraft Grated Parmesan Cheese. Conveniently packed in a handy reusable storage container, this is a classic way to season your favourite family meals. Kraft Grated Parmesan Cheese is ready to use straight from the pantry. You'll love the taste of this grated cheese, ready to use to enhance the taste of your pizza, salad, seafood and more. Sprinkle it on top of pasta or risotto, or melt into a warm creamy mash for a bold cheese flavour.",,,"Per 100g/ml
Per Serving
%DI
Energy
1960 kJ
100 kJ
Protein
40.8 g
2.0 g
Total Fat
34.1 g
1.7 kg
Saturated Fat
20.4 g
1.0 kg
Carbohydrate
0.1 g
0 g
Sugars
0 g
0 g
Sodium
1650 mg
85 mg
* Percentage Daily Intakes are based on an average adult diet of 8700 kJ. Your daily intakes may be higher or lower depending on your energy needs.",,https://www.coles.com.au/product/kraft-grated-parmesan-cheese-cannister-125g-133591,,,2024-06-16T22:16:29.686753-04:00
"Ind54SColes_ADairy, Eggs & Fridge_SACheese_IDodoni Greek Feta Cheese In Brine | 400g",Dodoni Greek Feta Cheese In Brine | 400g,Dodoni,"Dairy, Eggs & Fridge",Cheese,Feta cheese,,$18.50,,,$46.25 per 1kg,9728587,"Premium authentic Greek feta cheese made from pasteurized sheep's and goat's milk
Protected Designation of Origin (P.D.O.)",,,"Per 100g/ml
Per Serving
%DI
Energy
1075kJ
323kJ
Protein
17g
5.1g
Total Fat
21g
6.3g
Saturated Fat
15.7g
4.7g
Carbohydrate
<1g
<1g
Sugars
<1g
<1g
Sodium
1010mg
303mg
* Percentage Daily Intakes are based on an average adult diet of 8700 kJ. Your daily intakes may be higher or lower depending on your energy needs.",,https://www.coles.com.au/product/dodoni-greek-feta-cheese-in-brine-400g-9728587,,,2024-06-16T22:16:40.717450-04:00
"Ind54SColes_ADairy, Eggs & Fridge_SACheese_ISouth Cape Spring Onion & Chive Cream Cheese | 200g",South Cape Spring Onion & Chive Cream Cheese | 200g,South Cape,"Dairy, Eggs & Fridge",Cheese,Specialty & entertaining cheese,,$6.50,,,$32.50 per 1kg,6581256,"South Cape Onion and Chives Cream Cheese has a smooth texture and is infused with a mouth-watering blend of onion and chives, perfect for your next cheese platter or cooking creation! Best served with crackers and paired with sparkling wine. Liberate your plate with South Cape.",,,"Per 100g/ml
Per Serving
%DI
Energy
1320kJ
330kJ
0%
Protein
7.8g
1.95g
0%
Total Fat
29.7g
7.425g
0%
Saturated Fat
19.9g
4.975g
0%
Carbohydrate
5.5g
1.375g
0%
Sugars
2.5g
0.625g
0%
Sodium
326mg
81.5mg
0%
* Percentage Daily Intakes are based on an average adult diet of 8700 kJ. Your daily intakes may be higher or lower depending on your energy needs.","Cream Cheese (98%)(Milk, Cream, Salt, Vegetable Gums (Locust Bean Gum, Guar Gum), Cultures), Spring Onion (1%), Chives (0.75%), Preservative (Sorbic Acid).",https://www.coles.com.au/product/south-cape-spring-onion-and-chive-cream-cheese-200g-6581256,,,2024-06-16T22:16:52.170891-04:00
"Ind54SColes_ADairy, Eggs & Fridge_SACheese_ILiddells Lactose Free Shredded Cheese Taco Blend | 225g",Liddells Lactose Free Shredded Cheese Taco Blend | 225g,Liddells,"Dairy, Eggs & Fridge",Cheese,Grated cheese,,$7.50,,,$33.33 per 1kg,7648261,,,,,,https://www.coles.com.au/product/liddells-lactose-free-shredded-cheese-taco-blend-225g-7648261,,,2024-06-16T22:17:02.087744-04:00
"Ind54SColes_ADairy, Eggs & Fridge_SAColes Finest_IColes Finest Pate | 150g",Coles Finest Pate | 150g,Coles,"Dairy, Eggs & Fridge",Coles Finest,cheeses,,$4.80,,,$3.20 per 100g,5485814,"Made from Tasmanian free range chicken livers, this creamy pate is smooth, rich and full of flavour. Finished with warm, fruity notes of Tawny and Apera fortified wines.",,,"Per 100g/ml
Per Serving
%DI
Energy
526.80
263.40
Protein
9.90
4.95
Total Fat
8.50
4.25
Saturated Fat
3.60
1.80
Carbohydrate
0.80
0.40
Sugars
1.80
0.90
Sodium
580.00
290.00
Energy (Cal)
126.03
63.01
Dietary Fibre (total)
3.80
1.90
Trans
0.10
0.05
* Percentage Daily Intakes are based on an average adult diet of 8700 kJ. Your daily intakes may be higher or lower depending on your energy needs.",,https://www.coles.com.au/product/coles-finest-pate-150g-5485814,,,2024-06-16T22:17:14.763258-04:00
"Ind54SColes_ADairy, Eggs & Fridge_SACheese_IColes Finest Triple Cream Brie | 200g",Coles Finest Triple Cream Brie | 200g,Coles,"Dairy, Eggs & Fridge",Cheese,Brie & soft cheese,,$5.50,,,$27.50 per 1kg,2801758,"Smooth, rich & extra creamy soft-ripened cheese crafted in the Gippsland region using Australian milk",,,"Per 100g/ml
Per Serving
%DI
Energy
1563.00
390.75
Protein
14.70
3.68
Carbohydrate
0.80
0.20
Sugars
0.10
0.03
Calcium
439.00
109.75
Sodium
469.00
117.25
Saturated
24.00
6.00
Energy (Cal)
373.92
93.48
Fat
35.10
8.78
Dietary Fibre (total)
0.10
0.03
* Percentage Daily Intakes are based on an average adult diet of 8700 kJ. Your daily intakes may be higher or lower depending on your energy needs.",,https://www.coles.com.au/product/coles-finest-triple-cream-brie-200g-2801758,,,2024-06-16T22:17:26.665842-04:00
"Ind54SColes_ADairy, Eggs & Fridge_SACheese_IPerfect Italiano Dairy Cheese Grated Mozzarella:Mozzarella | 450g",Perfect Italiano Dairy Cheese Grated Mozzarella:Mozzarella | 450g,Perfect Italiano,"Dairy, Eggs & Fridge",Cheese,Grated cheese,,$9.50,,,$21.11 per 1kg,63816,"Perfect Italiano Cheese Mozzarella Shredded 450g
Perfectly mild and stretchy",,,"Per 100g/ml
Per Serving
%DI
Energy
1260kJ
316kJ
4%
Protein
24.8g
6.2g
12%
Total Fat
22.3g
5.6g
8%
Saturated Fat
15.5g
3.9g
16%
Carbohydrate
1.2g
less than 1g
0%
Sugars
1.2g
less than 1g
0%
Calcium
707mg
177mg
Sodium
576mg
144mg
6%
* Percentage Daily Intakes are based on an average adult diet of 8700 kJ. Your daily intakes may be higher or lower depending on your energy needs.","Cheese (Milk, Salt, Cultures, Enzyme), Anticaking Agent (460), Preservative (200).",https://www.coles.com.au/product/perfect-italiano-dairy-cheese-grated-mozzarella:mozzarella-450g-63816,,,2024-06-16T22:17:37.815839-04:00
"Ind54SColes_ADairy, Eggs & Fridge_SACheese_IBega Lactose Free Natural Cheese Slices | 250g",Bega Lactose Free Natural Cheese Slices | 250g,Bega,"Dairy, Eggs & Fridge",Cheese,Sliced cheese,,$7.50,,,$30.00 per 1kg,4385756,"Great Bega Taste, without the Lactose.
Proudly Australian owned and made. 100% Natural source of calcium.
What makes Bega.. Bega? Over 100 years of dairying heritage resulting in the unique Bega taste you know and love.",,,"Per 100g/ml
Per Serving
%DI
Energy
1720kJ
292kJ
3%
Protein
24.2g
4.1g
8%
Total Fat
35.3g
6.0g
9%
Saturated Fat
21.3g
3.6g
15%
Carbohydrate
Less than 1g
Less than 1g
0%
Sugars
Less than 1g
Less than 1g
0%
Lactose
NIL
NIL
NIL
Calcium
660mg
112mg
14% RDI*
Sodium
720mg
122mg
5%
Dietary Fibre (total)
Less than 1g
Less than 1g
0%
Galactose
Less than 1g
Less than 1g
0%
* Percentage Daily Intakes are based on an average adult diet of 8700 kJ. Your daily intakes may be higher or lower depending on your energy needs.","Milk, Salt, Cultures, Enzyme (Non-Animal Rennet).",https://www.coles.com.au/product/bega-lactose-free-natural-cheese-slices-250g-4385756,,,2024-06-16T22:17:48.830423-04:00
"Ind54SColes_ADairy, Eggs & Fridge_SACheese_IJarlsberg Dairy Original Swiss Cheese Slices | 150g",Jarlsberg Dairy Original Swiss Cheese Slices | 150g,Jarlsberg,"Dairy, Eggs & Fridge",Cheese,Sliced cheese,,$8.50,Pick any 2 for $13,,$56.67 per 1kg,5498703,"Jarlsberg is made with a secret recipe since 1956, and generations of know-how.
A semi-soft, Swiss style cheese that is famous for its distinctive sweet and nutty taste with large, round holes.
Low in lactose and gluten free.
Cheese Type: Semi-Soft, Swiss Style
Milk: Cow
Origin: Ireland
Serving Suggestion: A versatile cheese - perfect for cheeseboards, toasties or sandwiches.
Wine Pairing: Chardonnay or Pinot Noir",,,,,https://www.coles.com.au/product/jarlsberg-dairy-original-swiss-cheese-slices-150g-5498703,,,2024-06-16T22:17:57.715281-04:00
"Ind54SColes_ADairy, Eggs & Fridge_SACheese_INormandie Dairy Cognac Pate | 150g",Normandie Dairy Cognac Pate | 150g,Normandie,"Dairy, Eggs & Fridge",Cheese,Pates & platters,,$5.10,,,$3.40 per 100g,476420,,,,"Per 100g/ml
Per Serving
%DI
Energy
1410kJ
141kJ
Protein
8.9g
0.9g
Total Fat
33g
3.3g
Saturated Fat
20g
2g
Carbohydrate
2g
0.2g
Sugars
<1g
<1g
Sodium
480mg
48mg
* Percentage Daily Intakes are based on an average adult diet of 8700 kJ. Your daily intakes may be higher or lower depending on your energy needs.",,https://www.coles.com.au/product/normandie-dairy-cognac-pate-150g-476420,,,2024-06-16T22:18:09.946825-04:00
"Ind54SColes_ADairy, Eggs & Fridge_SACheese_ICremeux Blue | 100g",Cremeux Blue | 100g,Cremeux,"Dairy, Eggs & Fridge",Cheese,Blue cheese,,$8.00,,,$80.00 per 1kg,4962419,Where taste meets flair and substance has style.,,,"Per 100g/ml
Per Serving
%DI
Energy
1040kJ
260kJ
Protein
18.6g
4.7g
Total Fat
35.7g
8.9g
Saturated Fat
23.6g
5.9g
Carbohydrate
3.24g
<1g
Sugars
<1g
<1g
Sodium
1350mg
338mg
* Percentage Daily Intakes are based on an average adult diet of 8700 kJ. Your daily intakes may be higher or lower depending on your energy needs.",,https://www.coles.com.au/product/cremeux-blue-100g-4962419,,,2024-06-16T22:18:21.312807-04:00
"Ind54SColes_ADairy, Eggs & Fridge_SAColes Finest_IColes Finest Aged Red Leicester | 200g",Coles Finest Aged Red Leicester | 200g,Coles,"Dairy, Eggs & Fridge",Coles Finest,cheeses,,$5.00,,,$25.00 per 1kg,3273316,"With its bold red colour, this crumbly Vintage Red Leicester has been aged for up to 15 months for a rich, nutty flavour 200g",,,"Per 100g/ml
Per Serving
%DI
Energy
1724.80
431.20
Protein
25.40
6.35
Total Fat
34.90
8.73
Saturated Fat
21.70
5.43
Carbohydrate
0.10
0.03
Sugars
0.10
0.03
Sodium
723.00
180.75
Energy (Cal)
412.63
103.16
Dietary Fibre (total)
0.00
0.00
Trans
1.40
0.35
* Percentage Daily Intakes are based on an average adult diet of 8700 kJ. Your daily intakes may be higher or lower depending on your energy needs.",,https://www.coles.com.au/product/coles-finest-aged-red-leicester-200g-3273316,,,2024-06-16T22:18:33.600078-04:00
"Ind54SColes_ADairy, Eggs & Fridge_SACheese_IBega Light & Tasty Natural Cheese Slices 12x250g | 250g",Bega Light & Tasty Natural Cheese Slices 12x250g | 250g,Bega,"Dairy, Eggs & Fridge",Cheese,Sliced cheese,,$7.50,,,$30.00 per 1kg,9400960,"Contains 50% less fat than Bega Tasty Cheddar Cheese which contains 35.3g fat per 100g.

100% Natural.

100% Natural Tasty Cheddar Cheese.",,,"Per 100g/ml
Per Serving
%DI
Energy
1140kJ
194kJ
2%
Protein
34.4g
5.8g
12%
Total Fat
15.0g
2.6g
4%
Saturated Fat
9.0g
1.5g
7%
Carbohydrate
Less than 1g
Less than 1g
0%
Sugars
Less than 1g
Less than 1g
0%
Calcium
940mg
Sodium
600mg
102mg
4%
* Percentage Daily Intakes are based on an average adult diet of 8700 kJ. Your daily intakes may be higher or lower depending on your energy needs.",,https://www.coles.com.au/product/bega-light-and-tasty-natural-cheese-slices-12x250g-250g-9400960,,,2024-06-16T22:21:41.062756-04:00
"Ind54SColes_ADairy, Eggs & Fridge_SACheese_ITidbit Spanish Goats Cheese | 150g",Tidbit Spanish Goats Cheese | 150g,Tidbit,"Dairy, Eggs & Fridge",Cheese,Cheddar & tasty cheese,,$7.00,,,$46.67 per 1kg,5443304,,,,,,https://www.coles.com.au/product/tidbit-spanish-goats-cheese-150g-5443304,,,2024-06-16T22:21:50.241407-04:00
"Ind54SColes_ADairy, Eggs & Fridge_SACheese_IColes Dairy Vintage Cheese Slices 12 Pack | 250g",Coles Dairy Vintage Cheese Slices 12 Pack | 250g,Coles,"Dairy, Eggs & Fridge",Cheese,Sliced cheese,,$6.00,,,$24.00 per 1kg,5726058,Made with Australian milkVINTAGE5STRENGTH,,,"Per 100g/ml
Per Serving
%DI
Energy
1730.5
363.41
Protein
24.6
5.17
Carbohydrate
0.1
0.02
Sugars
0.1
0.02
Calcium
687
144.27
Sodium
675
141.75
Saturated
25.3
5.31
Energy (Cal)
414
86.94
Fat
35.4
7.43
Dietary Fibre (total)
0.1
0.02
* Percentage Daily Intakes are based on an average adult diet of 8700 kJ. Your daily intakes may be higher or lower depending on your energy needs.",,https://www.coles.com.au/product/coles-dairy-vintage-cheese-slices-12-pack-250g-5726058,,,2024-06-16T22:22:01.470199-04:00
"Ind54SColes_ADairy, Eggs & Fridge_SACheese_IColes Tasty Cheese & Crackers 4 Pack | 120g",Coles Tasty Cheese & Crackers 4 Pack | 120g,Coles,"Dairy, Eggs & Fridge",Cheese,Cheese snacks,,$4.40,,,$3.67 per 100g,2989028,TASTY CHEESE & CRACKERS Three slices of Australian tasty cheddar & three water crackers in each pack. MATURE 3 STRENGTH 4 PACK,,,"Per 100g/ml
Per Serving
%DI
Energy
1628.5
488.55
Protein
21.3
6.39
Total Fat
23.8
7.14
Carbohydrate
21
6.3
Sugars
0.9
0.27
Calcium
540
162
Sodium
640
192
Saturated
16.2
4.86
Energy (Cal)
389.59
116.88
Dietary Fibre (total)
3.6
1.08
Trans
0.8
0.24
* Percentage Daily Intakes are based on an average adult diet of 8700 kJ. Your daily intakes may be higher or lower depending on your energy needs.",,https://www.coles.com.au/product/coles-tasty-cheese-and-crackers-4-pack-120g-2989028,,,2024-06-16T22:22:12.592158-04:00
"Ind54SColes_ADairy, Eggs & Fridge_SACheese_IKing Island Dairy Stokes Point Smoked Cheddar Cheese | 170g",King Island Dairy Stokes Point Smoked Cheddar Cheese | 170g,King Island Dairy,"Dairy, Eggs & Fridge",Cheese,Cheddar & tasty cheese,,$10.95,,,$64.41 per 1kg,7160016,"Stokes Point Smoked Cheddar is naturally smoked with Australian hardwood to impart a deep smoky aroma and flavour tones, balanced perfectly with its creamy cheddar centre. Cheese Type: Hard. Milk: Cow. Origin: King Island, TAS. Serving Suggestion: Pairs well with cornichons, cured meats and pickled onions. Beverage Pairing: Enjoy with Riesling, Shiraz or craft beer. Delicious on its own, or enjoy as a part of a platter with other King Island Dairy cheeses.",,,"Per 100g/ml
Per Serving
%DI
Energy
1580kJ
395kJ
0%
Protein
26.6g
6.65g
0%
Total Fat
30g
7.5g
0%
Saturated Fat
19.1g
4.775g
0%
Carbohydrate
<1g
<1g
0%
Sugars
<1g
<1g
0%
Calcium
770mg
192.5mg
0%
Sodium
655mg
163.75mg
0%
* Percentage Daily Intakes are based on an average adult diet of 8700 kJ. Your daily intakes may be higher or lower depending on your energy needs.",,https://www.coles.com.au/product/king-island-dairy-stokes-point-smoked-cheddar-cheese-170g-7160016,,,2024-06-16T22:22:23.839011-04:00
"Ind54SColes_ADairy, Eggs & Fridge_SACheese_IBabybel Mini Cheese Original | 100g",Babybel Mini Cheese Original | 100g,Babybel,"Dairy, Eggs & Fridge",Cheese,Cheese snacks,,$6.25,,,$62.50 per 1kg,6165014,"Mild, creamy and delicious, Original Mini Babybel makes snack time a tasty adventure.This 100% real cheese snack has no artificial growth hormones*, artificial colours, flavours, or preservatives.Pair it with your favourite crackers or pretzel for a creamy, crunchy duo.",,,,,https://www.coles.com.au/product/babybel-mini-cheese-original-100g-6165014,,,2024-06-16T22:22:32.786718-04:00
"Ind54SColes_ADairy, Eggs & Fridge_SACheese_ICheer Light & Tasty Cheese Slices | 500g",Cheer Light & Tasty Cheese Slices | 500g,Cheer,"Dairy, Eggs & Fridge",Cheese,Sliced cheese,,$10.00,,$11.00,$20.00 per 1kg,5292118,"Enjoy the great classic taste of CHEER Cheese with 25% less fat*. A mild flavour makes it perfect for families. *Contains 25% less fat than CHEER Tasty Cheese.CHEER 500g Light & Tasty Cheese Slices are perfect for lunch box sandwiches on the go or to create delicious cheesy toasties at home! With 25% less fat* and a 32 slice pack, CHEER Light & Tasty Cheese Slices are perfect for bringing a little CHEER to your table! - 32 Light & Tasty cheese slices - Made in Australia from 100% Australian cow's milk- Vegetarian friendly- Preservative free- Mild cheese flavour- Natural reduced fat cheese- Perfect for your back to school lunch box or as a snack when relaxing at home!",,,"Per 100g/ml
Per Serving
%DI
Energy
1400kJ
294kJ
0%
Protein
30g
6.3g
0%
Total Fat
23.6g
5g
0%
Saturated Fat
15.3g
3.2g
0%
Carbohydrate
<1g
<1g
0%
Sugars
<1g
<1g
0%
Calcium
860mg
181mg
23%
Sodium
700mg
147mg
0%
* Percentage Daily Intakes are based on an average adult diet of 8700 kJ. Your daily intakes may be higher or lower depending on your energy needs.",,https://www.coles.com.au/product/cheer-light-and-tasty-cheese-slices-500g-5292118,,,2024-06-16T22:22:44.212581-04:00
"Ind54SColes_ADairy, Eggs & Fridge_SACheese_IPhiladelphia Portions Cream Cheese Light Spread | 150g",Philadelphia Portions Cream Cheese Light Spread | 150g,Philadelphia,"Dairy, Eggs & Fridge",Cheese,Cream cheese & spreads,,$4.00,,,$26.67 per 1kg,5432057,"Philadelphia is uniquely deliciously creamy and made with  fresh Australian milk. Philadelphia Portions is perfect for snacking on the go, lunch boxes or when you just need a little bit of cream cheese. It also helps to retain freshness as it comes in a convenient single serve pack which is just the  right size to make a sandwich filling or a tasty topping to a cracker.
Single serve packs

Deliciously Creamy

Portionable and convenient

25% less fat than Philaldelphia Original Portions

Philadelphia is made in Australia since 1956

No artificial colours or flavours.

Made with at least 90% Australian ingredients.",,,"Per 100g/ml
Per Serving
%DI
Energy
711kJ
267kJ
3%
Protein
7.9g
3.0g
6%
Total Fat
13.7g
5.1g
7%
Saturated Fat
9.5g
3.6g
15%
Carbohydrate
4.0g
1.5g
<1%
Sugars
4.0g
1.5g
2%
Sodium
260mg
97mg
4%
Monounsaturated
0
0
0
Energy (Cal)
0
0
0
Dietary Fibre (total)
0
0
0
Polyunsaturated
0
0
0
Trans
0
0
0
* Percentage Daily Intakes are based on an average adult diet of 8700 kJ. Your daily intakes may be higher or lower depending on your energy needs.","Milk, Cream (From Milk), Water, Milk Solids, Salt, Vegetable Gums (412, 410), Preservative (200), Starter Culture, Processing Aids (Contain Milk).",https://www.coles.com.au/product/philadelphia-portions-cream-cheese-light-spread-150g-5432057,,,2024-06-16T22:22:55.387940-04:00
"Ind54SColes_ADairy, Eggs & Fridge_SACheese_IColes Pizza Blend Shredded Cheese | 700g",Coles Pizza Blend Shredded Cheese | 700g,Coles,"Dairy, Eggs & Fridge",Cheese,Grated cheese,,$10.00,,,$14.29 per 1kg,1691064,"STRENGTH INDICATOR: 2 MILD A mild blend of three cheeses; ?Mozzarella, Tasty Cheddar & Parmesan. Perfect for baking.",,,"Per 100g/ml
Per Serving
%DI
Energy
1359.97
339.99
Protein
26.16
6.54
Total Fat
24.45
6.11
Saturated Fat
16.70
4.18
Carbohydrate
0.20
0.05
Sugars
0.20
0.05
Calcium
821.00
205.25
Sodium
671.00
167.75
Energy (Cal)
325.35
81.34
Dietary Fibre (total)
0.90
0.23
* Percentage Daily Intakes are based on an average adult diet of 8700 kJ. Your daily intakes may be higher or lower depending on your energy needs.",,https://www.coles.com.au/product/coles-pizza-blend-shredded-cheese-700g-1691064,,,2024-06-16T22:23:07.908226-04:00
"Ind54SColes_ADairy, Eggs & Fridge_SACheese_ITasmanian Heritage Camembert Oval | 125g",Tasmanian Heritage Camembert Oval | 125g,Tasmanian Heritage,"Dairy, Eggs & Fridge",Cheese,Brie & soft cheese,,$5.00,,$7.50,$40.00 per 1kg,91673,"Tasmanian Heritage Camembert is a smooth, mild and delicate soft white cheese. It will continue to develop slightly in flavour and soften in texture as it reaches the best before date. Serve at room temperature for the best flavour and texture. Made with 100% Tasmanian milk.",,,"Per 100g/ml
Per Serving
%DI
Energy
1500kJ
375kJ
0%
Protein
17.3g
4.3g
0%
Total Fat
32g
8g
0%
Saturated Fat
20.5g
5.1g
0%
Carbohydrate
<1g
<1g
0%
Sugars
<1g
<1g
0%
Calcium
470mg
118mg
0%
Sodium
531mg
133mg
0%
* Percentage Daily Intakes are based on an average adult diet of 8700 kJ. Your daily intakes may be higher or lower depending on your energy needs.",,https://www.coles.com.au/product/tasmanian-heritage-camembert-oval-125g-91673,,,2024-06-16T22:23:19.359622-04:00
"Ind54SColes_ADairy, Eggs & Fridge_SACheese_IColes Kids Cheese Triangles | 140g",Coles Kids Cheese Triangles | 140g,Coles,"Dairy, Eggs & Fridge",Cheese,Cheese snacks,,$2.60,,,$18.57 per 1kg,3418361,a tasty on the go snack add me to your lunch box!,,,"Per 100g/ml
Per Serving
%DI
Energy
1070
187
2
Protein
10.0
1.8
4
Total Fat
22.0
3.9
6
Saturated Fat
14.0
2.5
10
Carbohydrate
5.0
LESS THAN 1g
0
Sugars
4.7g
<1g
1%
Sodium
800
140
6
Energy (Cal)
256
45
Dietary Fibre (total)
0g
0g
* Percentage Daily Intakes are based on an average adult diet of 8700 kJ. Your daily intakes may be higher or lower depending on your energy needs.",,https://www.coles.com.au/product/coles-kids-cheese-triangles-140g-3418361,,,2024-06-16T22:23:30.567502-04:00
"Ind54SColes_ADairy, Eggs & Fridge_SACheese_IRiverina Haloumi Lactose Free | 180g",Riverina Haloumi Lactose Free | 180g,Riverina,"Dairy, Eggs & Fridge",Cheese,Block cheese,,$6.60,,,$36.67 per 1kg,6797368,"Our Lactose Free haloumi is suitable for those who are lactose intollerant. It has the same full flavour as standard haloumi- just without the lactose.

Haloumi Cheese is a semi-hard stretched curd cheese. It has a high melting point, so can easily be fried or grilled without melting. Its salty flavour and unique texture is delicious when barbequed, with a squeeze of lemon or added to salads or skewers, with vegetables and meat. Larger slices are great on burgers or it can be used in baking as a grated cheese on potatoes or pizzas. Endless possibilities!
Lactose Free Haloumi

Australian Owned & Made

All Natural Ingredients",,,"Per 100g/ml
Per Serving
%DI
Energy
1177kJ
530kJ
0
Protein
19.7g
8.9g
0
Total Fat
21.1g
9.5g
0
Saturated Fat
14.7g
6.6g
0
Carbohydrate
3.6g
1.6g
0
Sugars
1.8g
0.8g
0
Calcium
600mg
270mg
0
Lactose
Nil
Nil
Sodium
950mg
428mg
0
Monounsaturated
0
0
0
Energy (Cal)
0
0
0
Dietary Fibre (total)
0
0
0
Polyunsaturated
0
0
0
Galactose
<1g
<1g
0
Trans
0
0
0
* Percentage Daily Intakes are based on an average adult diet of 8700 kJ. Your daily intakes may be higher or lower depending on your energy needs.",,https://www.coles.com.au/product/riverina-haloumi-lactose-free-180g-6797368,,,2024-06-16T22:23:41.722484-04:00
"Ind54SColes_ADairy, Eggs & Fridge_SACheese_IUdder Delights Double Cream Brie | 200g",Udder Delights Double Cream Brie | 200g,Udder Delights,"Dairy, Eggs & Fridge",Cheese,Brie & soft cheese,,$10.50,,,$52.50 per 1kg,3054560,"From Blue Cheese to Brie, Chevre to Camembert, Udder Delights is passionate about making, sharing and eating cheese. Our handmade artisan products are lovingly created at our cheese factory in Lobethal, in the beautiful Adelaide Hills. Working with South Australian dairies, from the Hills to the Fleurier Peninsula, we value our relationships with local producers.",,,,"Cow's Milk, Cream, Non-Animal Rennet, Culture, Salt",https://www.coles.com.au/product/udder-delights-double-cream-brie-200g-3054560,,,2024-06-16T22:23:50.775758-04:00
"Ind54SColes_ADairy, Eggs & Fridge_SACheese_ILemnos Foods Dairy Cyprus Style Cheese Haloumi | 180g",Lemnos Foods Dairy Cyprus Style Cheese Haloumi | 180g,Lemnos,"Dairy, Eggs & Fridge",Cheese,Gourmet Cheese,,$7.00,,,$38.89 per 1kg,8857507,"Grilled, Fried or Baked, Lemnos Haloumi Cyprus Style Cheese is perfect for a wide range of delicious meals. Suitable for vegetarians, Contains no artificial flavours and no preservatives. Proudly made in Australia.
No artificial flavours

No preservatives

Proudly made in Australia

Suitable for vegetarians",,,"Per 100g/ml
Per Serving
%DI
Energy
1190 kJ
357 kJ
Protein
18.1 g
5.4 g
Total Fat
23.9 g
7.2 g
Saturated Fat
17.0 g
5.1 g
Carbohydrate
1.3 g
Less than 1g
Sugars
1.3 g
Less than 1g
Sodium
1720 mg
516 mg
Energy (Cal)
283 Cal
85 Cal
* Percentage Daily Intakes are based on an average adult diet of 8700 kJ. Your daily intakes may be higher or lower depending on your energy needs.",,https://www.coles.com.au/product/lemnos-foods-dairy-cyprus-style-cheese-haloumi-180g-8857507,,,2024-06-16T22:24:02.078668-04:00
"Ind54SColes_ADairy, Eggs & Fridge_SA_IPrimo Cabanossi Jatz & Tasty Cheese | 50g",Primo Cabanossi Jatz & Tasty Cheese | 50g,Primo,"Dairy, Eggs & Fridge",,,,$4.50,,,$9.00 per 100g,5420692,"The classic party favourite, in a handy pack. Primo Cabanossi, Tasty cheese & Jatz Crackers",,,"Per 100g/ml
Per Serving
%DI
Energy
1520kJ
762kJ
9%
Protein
16.8g
8.4g
17%
Total Fat
26.2g
13.1g
19%
Saturated Fat
12.4g
6.2g
26%
Carbohydrate
15.7g
7.9g
3%
Sugars
1.4g
<1g
<1%
Sodium
755mg
378mg
16%
* Percentage Daily Intakes are based on an average adult diet of 8700 kJ. Your daily intakes may be higher or lower depending on your energy needs.","Cabanossi [Pork, Seasoning [Salt, Binder (Tapioca Starch, Rice Flour, Potato Starch), Spices (Including Chilli), Mineral Salts (451, 450), Yeast Extract, Smoke Flavours, Sugar, Antioxidant (316), Preservative (250)], Acidity Regulators (326, 262), Garlic, Edible Beef Collagen Casing, Colours (160b, 120, 160c), Wood Smoke], Tasty Cheese [Milk, Salt, Cultures, Enzyme (Non-Animal Rennet), Anti-caking Agent (460), Preservative (200)], Jatz [Wheat Flour, Vegetable Oil [Antioxidant (307b Soy)], Sugar, Salt, Herb Extract, Malt Extract (Barley), Baking Powder [Raising Agent (500)], Yeast, Food Acid (330), Emulsifier (322 Soy)].",https://www.coles.com.au/product/primo-cabanossi-jatz-and-tasty-cheese-50g-5420692,,,2024-06-16T22:24:13.327913-04:00
"Ind54SColes_ADairy, Eggs & Fridge_SA_IEmborg French Brie | 200g",Emborg French Brie | 200g,Emborg,"Dairy, Eggs & Fridge",,,,$7.20,,,$36.00 per 1kg,4360471,"Emborg French Brie is a soft double cream Brie made in France. This French Brie is of premium quality made in an authentic French family dairy located in the heart of the Limousin region.
Emborg French Brie is handcrafted by sacred methods handed down for generations, with a creamy and subtle flavour it gives an authentic taste experience.
The light hints of rural mushrooms and browned butter makes it great to enjoy on a cheeseboard, baked, sandwiches and salads.",,,,"Pasteurised cow's milk, salt, rennet, lactic culture, mould culture",https://www.coles.com.au/product/emborg-french-brie-200g-4360471,,,2024-06-16T22:24:22.665673-04:00
"Ind54SColes_ADairy, Eggs & Fridge_SACheese_IColes Australian Tasty Cheese Slices 12 Pack | 250g",Coles Australian Tasty Cheese Slices 12 Pack | 250g,Coles,"Dairy, Eggs & Fridge",Cheese,Sliced cheese,,$6.00,,,$24.00 per 1kg,1472231,"3 is for mature strength With a rich and tasty flavour, perfect for sandwiches and toasties.",,,"Per 100g/ml
Per Serving
%DI
Energy
1730.50
363.41
Protein
24.60
5.17
Total Fat
35.40
7.43
Saturated Fat
25.30
5.31
Carbohydrate
0.10
0.02
Sugars
0.10
0.02
Calcium
687.00
144.27
Sodium
675.00
141.75
Energy (Cal)
414.00
86.94
Dietary Fibre (total)
0.10
0.02
* Percentage Daily Intakes are based on an average adult diet of 8700 kJ. Your daily intakes may be higher or lower depending on your energy needs.",,https://www.coles.com.au/product/coles-australian-tasty-cheese-slices-12-pack-250g-1472231,,,2024-06-16T22:24:33.676400-04:00
"Ind54SColes_ADairy, Eggs & Fridge_SACheese_IBega Tasty Cheese Block | 250g",Bega Tasty Cheese Block | 250g,Bega,"Dairy, Eggs & Fridge",Cheese,Block cheese,,$7.50,,,$30.00 per 1kg,296712,Bega Cheese Tasty Block 250g,,,"Per 100g/ml
Per Serving
%DI
Energy
1720kJ
430kJ
5%
Protein
24.8g
6.2g
12%
Total Fat
34.7g
8.7g
12%
Saturated Fat
23.8g
6.0g
25%
Carbohydrate
LESS THAN 1g
LESS THAN 1g
0%
Sugars
LESS THAN 1g
LESS THAN 1g
0%
Calcium
738mg
185mg (23% RDI)
Sodium
650mg
163mg
7%
* Percentage Daily Intakes are based on an average adult diet of 8700 kJ. Your daily intakes may be higher or lower depending on your energy needs.",,https://www.coles.com.au/product/bega-tasty-cheese-block-250g-296712,,,2024-06-16T22:24:46.256789-04:00
"Ind54SColes_ADairy, Eggs & Fridge_SACheese_ILiddells Lactose Free Cheese Block | 250g",Liddells Lactose Free Cheese Block | 250g,Liddells,"Dairy, Eggs & Fridge",Cheese,Block cheese,,$7.50,,,$30.00 per 1kg,1418291,"All Liddells products are all made from real dairy, lactose free and where needed we add the lactase enzyme to break down the lactose into two simple sugars: glucose and galactose. These sugars can be easily absorbed in the small intestine, keeping your tummy feeling happy. That's all it is!",,,"Per 100g/ml
Per Serving
%DI
Energy
1670kJ
418kJ
0%
Protein
24.1g
6g
0%
Total Fat
33.5g
8.4g
0%
Saturated Fat
23.2g
5.8g
0%
Carbohydrate
<1g
<1g
0%
Sugars
<1g
<1g
0%
Calcium
710mg
178mg
22%
Sodium
610mg
153mg
0%
* Percentage Daily Intakes are based on an average adult diet of 8700 kJ. Your daily intakes may be higher or lower depending on your energy needs.",,https://www.coles.com.au/product/liddells-lactose-free-cheese-block-250g-1418291,,,2024-06-16T22:24:57.475766-04:00
"Ind54SColes_ADairy, Eggs & Fridge_SACheese_IColes Dairy Tasty Cheese Block | 250g",Coles Dairy Tasty Cheese Block | 250g,Coles,"Dairy, Eggs & Fridge",Cheese,Block cheese,,$6.00,,,$24.00 per 1kg,294003,Coles Dairy 250g tasty cheese block. A matured rich and tasty flavour with a strength indicator of 3. Ideal for cubing and slicing.,,,"Per 100g/ml
Per Serving
%DI
Energy
1700.70
425.18
Protein
24.40
6.10
Total Fat
34.60
8.65
Saturated Fat
23.60
5.90
Carbohydrate
0.10
0.03
Sugars
0.10
0.03
Calcium
708.00
177.00
Sodium
700.00
175.00
Energy (Cal)
406.87
101.72
Dietary Fibre (total)
0.50
0.13
* Percentage Daily Intakes are based on an average adult diet of 8700 kJ. Your daily intakes may be higher or lower depending on your energy needs.",,https://www.coles.com.au/product/coles-dairy-tasty-cheese-block-250g-294003,,,2024-06-16T22:25:09.060759-04:00
"Ind54SColes_ADairy, Eggs & Fridge_SACheese_IJindi Triple Cream Brie | 180g",Jindi Triple Cream Brie | 180g,Jindi,"Dairy, Eggs & Fridge",Cheese,Brie & soft cheese,,$8.50,,,$47.22 per 1kg,8118740,"Jindi - Makers of award winning cheese. Jindi Triple Cream Brie is a rich and indulgent cheese with a butter-like texture that melts in your mouth. Beneath the white mould bloom lies a glorious golden interior. Crafted locally in Gippsland, Victoria. 

To your taste: This Triple Cream Brie will conitinue to mature naturally and will reach its fullest flavour and softness towards the end of its shelf life. Consumer earlier for a milder, firmer cheese. 
 Crafted locally in Gippsland, Victoria

Suitable for vegetarians",,,"Per 100g/ml
Per Serving
%DI
Energy
1700kJ
510kJ
Protein
14.4g
4.3g
Total Fat
39.0g
11.7g
Saturated Fat
27.0g
8.1g
Carbohydrate
1g
Less than 1g
Sugars
Less than 1g
Less than 1g
Sodium
580mg
174mg
* Percentage Daily Intakes are based on an average adult diet of 8700 kJ. Your daily intakes may be higher or lower depending on your energy needs.",,https://www.coles.com.au/product/jindi-triple-cream-brie-180g-8118740,,,2024-06-16T22:25:21.861439-04:00
"Ind54SColes_ADairy, Eggs & Fridge_SADairy, chilled & frozen_IColes Cheese Shredded Mozzarella | 250g",Coles Cheese Shredded Mozzarella | 250g,Coles,"Dairy, Eggs & Fridge","Dairy, chilled & frozen",Cheese & desserts,,$5.00,,,"$20.00 per 1kg
Was $5.50 on Apr 2024",9508026,STRENGTH INDICATOR: 1 VERY MILD Soft & Stretchy cheese with a very mild flavour. Perfect for baking.,,,"Per 100g/ml
Per Serving
%DI
Energy
1357.30
339.33
Protein
25.60
6.40
Total Fat
24.40
6.10
Saturated Fat
16.90
4.23
Carbohydrate
0.90
0.23
Sugars
0.80
0.20
Calcium
772.00
193.00
Sodium
481.00
120.25
Energy (Cal)
324.71
81.18
Dietary Fibre (total)
0.50
0.13
* Percentage Daily Intakes are based on an average adult diet of 8700 kJ. Your daily intakes may be higher or lower depending on your energy needs.",,https://www.coles.com.au/product/coles-cheese-shredded-mozzarella-250g-9508026,,,2024-06-16T22:25:33.235739-04:00
"Ind54SColes_ADairy, Eggs & Fridge_SACheese_IAshgrove Taste of Tassie Cheese Selection | 250g",Ashgrove Taste of Tassie Cheese Selection | 250g,Ashgrove,"Dairy, Eggs & Fridge",Cheese,Pates & platters,,$15.00,,,$60.00 per 1kg,7164141,"5-in-1 Tasmanian Selection

Savour this mini yet mighty cheese selection on your own or with a crowd. Pair with crisp apple slices, sea salt crackers and your favourite dip. 

Grass, Cow, You.",,,"Per 100g/ml
Per Serving
%DI
Energy
1700kJ
340kJ
Protein
25.0g
5.0g
Total Fat
33.9g
6.8g
Saturated Fat
23.2g
4.6g
Carbohydrate
1.0g
0.2g
Sugars
0.4g
0.1g
Sodium
649mg
130mg
* Percentage Daily Intakes are based on an average adult diet of 8700 kJ. Your daily intakes may be higher or lower depending on your energy needs.",,https://www.coles.com.au/product/ashgrove-taste-of-tassie-cheese-selection-250g-7164141,,,2024-06-16T22:25:45.782564-04:00
"Ind54SColes_ADairy, Eggs & Fridge_SACheese_IPerfect Italiano Original Ricotta Soft Cheese | 500g",Perfect Italiano Original Ricotta Soft Cheese | 500g,Perfect Italiano,"Dairy, Eggs & Fridge",Cheese,Brie & soft cheese,,$7.00,,,$14.00 per 1kg,68321,"Perfect Italiano Cheese Smooth Ricotta 500g
Smooth and creamy, perfect in both your sweet and savoury dishes.",,,"Per 100g/ml
Per Serving
%DI
Energy
572kJ
715kJ
8%
Protein
8.7g
10.9g
22%
Total Fat
9.8g
12.2g
17%
Saturated Fat
6.9g
8.6g
36%
Carbohydrate
3.6g
4.5g
1%
Sugars
3.6g
4.5g
5%
Sodium
183mg
229mg
10%
* Percentage Daily Intakes are based on an average adult diet of 8700 kJ. Your daily intakes may be higher or lower depending on your energy needs.",,https://www.coles.com.au/product/perfect-italiano-original-ricotta-soft-cheese-500g-68321,,,2024-06-16T22:25:57.309473-04:00
"Ind54SColes_ADairy, Eggs & Fridge_SAVegetarian & vegan_ISheese Vegan Tasty Cheese Slices | 200g",Sheese Vegan Tasty Cheese Slices | 200g,Sheese,"Dairy, Eggs & Fridge",Vegetarian & vegan,Veggie Burgers & Sausages,,$6.50,,,$32.50 per 1kg,4223889,"Our Mild Cheddar style Sheese Slices are a vegan and kosher friendly, medium strength alternative to cheese. Made with coconut oil and 100% dairy free!",,,"Per 100g/ml
Per Serving
%DI
Energy
1230kJ
246kJ
Protein
0.3g
0.1g
Total Fat
24g
4.8g
Saturated Fat
20.7g
4.1g
Carbohydrate
19.8g
4g
Sugars
0.1g
<0.1g
Sodium
592mg
118mg
Dietary Fibre (total)
<0.1g
<0.1g
* Percentage Daily Intakes are based on an average adult diet of 8700 kJ. Your daily intakes may be higher or lower depending on your energy needs.",,https://www.coles.com.au/product/sheese-vegan-tasty-cheese-slices-200g-4223889,,,2024-06-16T22:26:09.529247-04:00
"Ind54SColes_ADairy, Eggs & Fridge_SACheese_IJarlsberg Original Cheese Block | 500g",Jarlsberg Original Cheese Block | 500g,Jarlsberg,"Dairy, Eggs & Fridge",Cheese,Cheddar & tasty cheese,,$18.00,,,$36.00 per 1kg,9728532,"Jarlsberg is made with a secret recipe since 1956, and generations of know-how.
A semi-soft, Swiss style cheese that is famous for its distinctive sweet and nutty taste with large, round holes.
Low in lactose and gluten free.
Cheese Type: Semi-Soft, Swiss Style
Milk: Cow
Origin: Ireland
Serving Suggestion: A versatile cheese - perfect for cheeseboards, toasties or sandwiches.
Wine Pairing: Chardonnay or Pinot Noir",,,,,https://www.coles.com.au/product/jarlsberg-original-cheese-block-500g-9728532,,,2024-06-16T22:26:18.597232-04:00
"Ind54SColes_ADairy, Eggs & Fridge_SACheese_IAustralian Gold Dairy Cheese Brie | 115g",Australian Gold Dairy Cheese Brie | 115g,Australian Gold,"Dairy, Eggs & Fridge",Cheese,Brie & soft cheese,,$4.50,,,$39.13 per 1kg,8085619,,,,,,https://www.coles.com.au/product/australian-gold-dairy-cheese-brie-115g-8085619,,,2024-06-16T22:26:28.137889-04:00
"Ind54SColes_ADairy, Eggs & Fridge_SACheese_IAustralian Gold Dairy Cheese Camembert | 115g",Australian Gold Dairy Cheese Camembert | 115g,Australian Gold,"Dairy, Eggs & Fridge",Cheese,Brie & soft cheese,,$4.50,,,$39.13 per 1kg,8083147,,,,,,https://www.coles.com.au/product/australian-gold-dairy-cheese-camembert-115g-8083147,,,2024-06-16T22:26:38.643855-04:00
"Ind54SColes_ADairy, Eggs & Fridge_SACheese_IReal Mexican Feast Tasty Cheese Corn Chips Guacamole | 85g",Real Mexican Feast Tasty Cheese Corn Chips Guacamole | 85g,Real,"Dairy, Eggs & Fridge",Cheese,Cheese snacks,,$3.60,,$4.50,$4.24 per 100g,5430299,REAL Feast Packs are packed more goodness for those hungrier snacking moments.,,,"Per 100g/ml
Per Serving
%DI
Energy
1311kJ
1114kJ
12.8%
Protein
11.4g
9.7g
19.4%
Total Fat
20.9g
17.8g
25.4%
Saturated Fat
11.9g
10.1g
42.1%
Carbohydrate
16.8g
14.3g
4.6%
Sugars
2.1g
1.8g
2.0%
Calcium
270mg
230mg
28.8%
Sodium
560mg
477mg
20.7%
Energy (Cal)
312Cal
265Cal
12.8%
* Percentage Daily Intakes are based on an average adult diet of 8700 kJ. Your daily intakes may be higher or lower depending on your energy needs.","Guacamole (48%), (Avocado Pulp 41% (Avocado 99%, Salt, Food Acids (270, 300, 330), Thickener (415)), Cream Cheese (Milk, Cream, Salt, Stabilisers (410, 412), Culture), Water, Onion, Sweetcorn, Capsicum 10%, Jalapeno Pepper 2.5%, Sugar, Salt, Garlic Puree, Lemon Juice, Canola Oil, Acidity Regulator (330), Coriander 0.1%, Thickeners (412, 415), Natural Flavour, Preservatives (202, 211), Colours (160b, 141(i)), Cheddar Cheese (35%) (Milk, Salt, Starter Culture, Enzyme (Non Animal Rennet)), Corn Chips (17%) (Corn (75%), Vegetable Oil, Water, Salt).",https://www.coles.com.au/product/real-mexican-feast-tasty-cheese-corn-chips-guacamole-85g-5430299,,,2024-06-16T22:26:49.819615-04:00
"Ind54SColes_ADairy, Eggs & Fridge_SACheese_ICastello Blue Cheese Mini 5 Pack | 95g",Castello Blue Cheese Mini 5 Pack | 95g,Castello,"Dairy, Eggs & Fridge",Cheese,Gourmet Cheese,,$6.20,,,$65.26 per 1kg,3842750,"Want something luxurious for the weekend, or just need a taste of good life on your average weekday? Soft and smooth blue bites with a hint of sharpness from blue mould. It doesn't matter the occasion, these little delights create moments.",,,"Per 100g/ml
Per Serving
%DI
Energy
1779kJ
356kJ
Protein
13g
2.6g
Total Fat
42g
8.4g
Saturated Fat
27g
5.4g
Carbohydrate
<1g
<1g
Sugars
<1g
<1g
Sodium
640mg
128mg
* Percentage Daily Intakes are based on an average adult diet of 8700 kJ. Your daily intakes may be higher or lower depending on your energy needs.",,https://www.coles.com.au/product/castello-blue-cheese-mini-5-pack-95g-3842750,,,2024-06-16T22:27:02.021355-04:00
"Ind54SColes_ADairy, Eggs & Fridge_SAColes Finest_IColes Finest Spanish Truffle Cheese | 140g",Coles Finest Spanish Truffle Cheese | 140g,Coles,"Dairy, Eggs & Fridge",Coles Finest,cheeses,,$7.85,,,$56.07 per 1kg,5218013,"Matured for 3 months, this aromatic black truffle cheese has a robust flavour and is delicately balanced with sheep's milk 140g",,,"Per 100g/ml
Per Serving
%DI
Energy
1852.50
463.13
Protein
24.10
6.03
Total Fat
37.80
9.45
Saturated Fat
26.40
6.60
Carbohydrate
2.60
0.65
Sugars
0.70
0.18
Sodium
607.00
151.75
Energy (Cal)
443.18
110.80
Dietary Fibre (total)
0.00
0.00
Trans
1.04
0.26
* Percentage Daily Intakes are based on an average adult diet of 8700 kJ. Your daily intakes may be higher or lower depending on your energy needs.",,https://www.coles.com.au/product/coles-finest-spanish-truffle-cheese-140g-5218013,,,2024-06-16T22:27:14.423002-04:00
"Ind54SColes_ADairy, Eggs & Fridge_SA_IMainland Epicure Cheese Block | 200g",Mainland Epicure Cheese Block | 200g,Mainland,"Dairy, Eggs & Fridge",,,,$7.50,,,$37.50 per 1kg,6577430,"Aged for a generous 32 months, Mainland Epicure Aged Cheddar is the choice for those who like an extra sharp, intense cheddar flavour.

The texture is very firm yet extra crumbly with calcium crystals developed through extra long aging, which give a satisfying crunch.
Aged up to 32 months

Intense & Extra Crumbly

New Zealand Aged Cheddar",,,"Per 100g/ml
Per Serving
%DI
Energy
1800kJ
450kJ
5%
Protein
23.3g
5.8g
12%
Total Fat
37.4g
9.4g
13%
Saturated Fat
22.5g
5.6g
23%
Carbohydrate
<1g
<1g
0%
Sugars
<1g
<1g
0%
Calcium
760mg
190mg
24% RDI*
Sodium
694mg
174mg
8%
* Percentage Daily Intakes are based on an average adult diet of 8700 kJ. Your daily intakes may be higher or lower depending on your energy needs.","MILK, SALT, CULTURES (MILK), ENZYME (RENNET).",https://www.coles.com.au/product/mainland-epicure-cheese-block-200g-6577430,,,2024-06-16T22:27:25.509745-04:00
"Ind54SColes_ADairy, Eggs & Fridge_SACheese_IJindi Brie | 125g",Jindi Brie | 125g,Jindi,"Dairy, Eggs & Fridge",Cheese,Brie & soft cheese,,$4.00,,$5.50,$32.00 per 1kg,6139229,"Crafted locally in Gippsland, Victoria.

To your taste: This Brie will continue to mature naturally and will reach its fullest flavour and softness towards the end of its shelf life. Consume earlier for a milder, firmer cheese.

 
Crafted locally in Gippsland, Victoria.

Suitable for vegetarians",,,"Per 100g/ml
Per Serving
%DI
Energy
1520 kJ
381 kJ
Protein
17.8 g
4.5 g
Total Fat
32.3 g
8.1 g
Saturated Fat
22.2 g
5.6 g
Carbohydrate
1.4 g
Less than 1 g
Sugars
Less than 1g
Less than 1 g
Sodium
441 mg
110 mg
Energy (Cal)
363 Cal
91 Cal
* Percentage Daily Intakes are based on an average adult diet of 8700 kJ. Your daily intakes may be higher or lower depending on your energy needs.",,https://www.coles.com.au/product/jindi-brie-125g-6139229,,,2024-06-16T22:27:37.889516-04:00
"Ind54SColes_ADairy, Eggs & Fridge_SAPrimo_IPrimo Stackers Mild Pepperoni & Jatz | 57g",Primo Stackers Mild Pepperoni & Jatz | 57g,Primo,"Dairy, Eggs & Fridge",Primo,Crackers & Snacks,,$4.50,,,$7.89 per 100g,5422042,"A delicious trio combination of Primo Mild Pepperoni, Arnott's Jatz and Cheddar Cheese
Irresistible mix: Primo Stackers now with Australia's favourite cracker*

Satisfying, convenient, on the go snack for anytime, anywhere

Source of protein

No artifical flavours

*IRI MarketEdge Total Grocery Australia 2021",,,"Per 100g/ml
Per Serving
%DI
Energy
1760kj
1000kj
11%
Protein
18.9g
10.8g
22%
Total Fat
30.4g
17.3g
25%
Saturated Fat
14.1g
8.0g
33%
Carbohydrate
17.4g
9.9g
3%
Sugars
2.6g
1.5g
2%
Sodium
940mg
536mg
23%
* Percentage Daily Intakes are based on an average adult diet of 8700 kJ. Your daily intakes may be higher or lower depending on your energy needs.",,https://www.coles.com.au/product/primo-stackers-mild-pepperoni-and-jatz-57g-5422042,,,2024-06-16T22:27:49.308924-04:00
"Ind54SColes_ADairy, Eggs & Fridge_SACheese_IReal Tasty Cheese Hungarian Salami & Rice Crackers 3 Pack | 150g",Real Tasty Cheese Hungarian Salami & Rice Crackers 3 Pack | 150g,Real,"Dairy, Eggs & Fridge",Cheese,Cheese snacks,,$9.10,,,$6.07 per 100g,5430109,"With 3 satisfying snacks in every box, our multipacks are perfect for when stocking up and everyday for the lunch box.",,,"Per 100g/ml
Per Serving
%DI
Energy
1500kJ
750kJ
10%
Protein
20.4g
10.2g
13%
Total Fat
24.4g
12.2g
19%
Saturated Fat
14.5g
7.3g
23%
Carbohydrate
14.7g
7.3g
5%
Sugars
1.4g
0.7g
3%
Calcium
338mg
169mg
17%
Sodium
982mg
491mg
18%
Energy (Cal)
358Cal
179Cal
10%
* Percentage Daily Intakes are based on an average adult diet of 8700 kJ. Your daily intakes may be higher or lower depending on your energy needs.","Cheddar Cheese (44%) (Milk, Salt, Starter Culture, Enzyme (Non Animal Rennet)), Hungarian Salami (40%) (Pork (95%), Salt, Dextrose (Maize or Tapioca), Maltodextrin (Maize), Spices, Acidity Regulator (330), Antioxidant (316), Sodium Nitrite (250), Sodium Nitrate (251), Spice Extract, Mineral Salt (341), Starter Culture), Rice Cracker (16%) (Cracker (Rice Flour, Sugar, Salt), Seasoning (Sugar, Salt, Soy Sauce Powder (contains Wheat (gluten free)), Flavour Enhancers (627, 631)), Sunflower Oil (Antioxidant (320))). Salami is Fermented Manufactured Meat - Not Heat Treated",https://www.coles.com.au/product/real-tasty-cheese-hungarian-salami-and-rice-crackers-3-pack-150g-5430109,,,2024-06-16T22:28:00.709281-04:00
"Ind54SColes_ADairy, Eggs & Fridge_SACheese_IColes Simply Smokey Flavoured Sandwich Slices 12 Pack | 250g",Coles Simply Smokey Flavoured Sandwich Slices 12 Pack | 250g,Coles,"Dairy, Eggs & Fridge",Cheese,Sliced cheese,,$3.50,,,$14.00 per 1kg,1980491,individually wrapped12 pack,,,"Per 100g/ml
Per Serving
%DI
Energy
1390
292
3
Protein
18.8
3.9
8
Total Fat
26.8
5.6
8
Saturated Fat
16.7
3.5
15
Carbohydrate
4.5
LESS THAN 1g
0
Sugars
3.20
0.67
Sodium
1200
252
11
Saturated
17.10
3.59
Energy (Cal)
332
70
Fat
25.00
5.25
Dietary Fibre (total)
0.10
0.02
trans
LESS THAN 1g
LESS THAN 1g
* Percentage Daily Intakes are based on an average adult diet of 8700 kJ. Your daily intakes may be higher or lower depending on your energy needs.",,https://www.coles.com.au/product/coles-simply-smokey-flavoured-sandwich-slices-12-pack-250g-1980491,,,2024-06-16T22:28:11.756294-04:00
"Ind54SColes_ADairy, Eggs & Fridge_SACheese_IDairylea Original Cheese Slices 24 Pack | 432g",Dairylea Original Cheese Slices 24 Pack | 432g,Dairylea,"Dairy, Eggs & Fridge",Cheese,Sliced cheese,,$8.00,,$9.00,$18.52 per 1kg,215131,Dairylea Cheese Slices Original are a delicious source of calcium with no artificial colours or flavours. They're sure to be a hit in sandwiches and wraps!,,,"Per 100g/ml
Per Serving
%DI
Energy
1160kJ
209kJ
2%
Protein
19.8g
3.6g
7%
Total Fat
20.9g
3.8g
5%
Saturated Fat
13.6g
2.5g
10%
Carbohydrate
3.1g
<1.0g
<1%
Sugars
2.4g
<1.0g
<1%
Calcium
800 mg
144 mg
18%
Sodium
1350mg
242mg
11%
* Percentage Daily Intakes are based on an average adult diet of 8700 kJ. Your daily intakes may be higher or lower depending on your energy needs.","CHEESE (MINIMUM 41%) (MILK, SALT, STARTER CULTURE, ENZYMES), WATER MILK SOLIDS, BUTTER OR CREAM (FROM MILK) OR MILK FAT, MINERAL SALTS (331, 339, 341), SALT, FOOD ACID (270), PRESERVATIVE (200), COLOUR (160b).",https://www.coles.com.au/product/dairylea-original-cheese-slices-24-pack-432g-215131,,,2024-06-16T22:28:24.133231-04:00
"Ind54SColes_ADairy, Eggs & Fridge_SACheese_IMeredith Dairy Marinated Goats Cheese | 550g",Meredith Dairy Marinated Goats Cheese | 550g,Meredith,"Dairy, Eggs & Fridge",Cheese,Specialty & entertaining cheese,,$21.00,,,$38.18 per 1kg,3275854,"Soft goat cheese marinated in a garlic and herb infused edible oils including extra virgin olive oil, our award-winning Marinated Goat Cheese has a refreshing citrus tang and soft, spreadable texture. It's delicious in salads, soups and sandwiches and on crusty bread. You're sure to love to this versatile, healthy treat! Share the love of our Marinated Goat Cheese with our value-added jar. Perfect for families, entertaining or for when you simply can't get enough. ",,,"Per 100g/ml
Per Serving
%DI
Energy
1230
308
Protein
14.0
3.5
Total Fat
25.0
6.25
Saturated Fat
14.0
3.5
Carbohydrate
2.2
0.6
Sugars
2.0
0.5
Sodium
950
238
* Percentage Daily Intakes are based on an average adult diet of 8700 kJ. Your daily intakes may be higher or lower depending on your energy needs.","Goat Milk, Canola Oil (GMO free), Extra Virgin Olive Oil, Salt, Peppercorns, Fresh Thyme, Garlic, Cultures and Non-Animal Rennet.",https://www.coles.com.au/product/meredith-dairy-marinated-goats-cheese-550g-3275854,,,2024-06-16T22:28:35.456277-04:00
"Ind54SColes_ADairy, Eggs & Fridge_SAColes Finest_IColes Finest French Truffle Brie | approx 100g",Coles Finest French Truffle Brie | approx 100g,Coles,"Dairy, Eggs & Fridge",Coles Finest,cheeses,,$4.88,,$6.50,$48.75 per 1kg,6525030,,,,,,https://www.coles.com.au/product/coles-finest-french-truffle-brie-approx.-100g-6525030,,,2024-06-16T22:28:45.894437-04:00
"Ind54SColes_ADairy, Eggs & Fridge_SAPrimo_IPrimo Cheese Kabana Cheese & Bacon Shapes & Tasty Cheese | 50g",Primo Cheese Kabana Cheese & Bacon Shapes & Tasty Cheese | 50g,Primo,"Dairy, Eggs & Fridge",Primo,Crackers & Snacks,,$4.50,,,$9.00 per 100g,6796525,"A delicious trio combination of Primo Cheesy Kabana, Tasty cheese and Arnott's Shapes Cheese & Bacon crackers
Irresistible flavour trifecta mix

Convenient on the go snack

Source of Protein

No artificial flavours",,,"Per 100g/ml
Per Serving
%DI
Energy
1400kJ
700kJ
8%
Protein
16.2g
8.1g
16%
Total Fat
21.7g
10.9g
16%
Saturated Fat
10.7g
5.4g
22%
Carbohydrate
18.9g
9.5g
3%
Sugars
Less than 1g
Less than 1 g
<1%
Sodium
921mg
461mg
* Percentage Daily Intakes are based on an average adult diet of 8700 kJ. Your daily intakes may be higher or lower depending on your energy needs.",,https://www.coles.com.au/product/primo-cheese-kabana-cheese-and-bacon-shapes-and-tasty-cheese-50g-6796525,,,2024-06-16T22:28:58.148517-04:00
"Ind54SColes_ADairy, Eggs & Fridge_SACheese_ICastello Blue Cheese | 150g",Castello Blue Cheese | 150g,Castello,"Dairy, Eggs & Fridge",Cheese,Blue cheese,,$7.50,,,$50.00 per 1kg,212188,"Castello creamy blue is creatively crafted to combine a smooth and creamy texture with rich notes of blue mould, creating a perfectly balanced, delicate cheese that becomes more refined over time. To enjoy this cheese at its best, remove from the fridge one hour before eating.",,,"Per 100g/ml
Per Serving
%DI
Energy
1780kJ
445kJ
Protein
13.2g
3.3g
Total Fat
41.5g
10.4g
Saturated Fat
26.5g
6.6g
Carbohydrate
0.1g
<0.1g
Sugars
0.1g
<0.1g
Sodium
640mg
160mg
* Percentage Daily Intakes are based on an average adult diet of 8700 kJ. Your daily intakes may be higher or lower depending on your energy needs.",,https://www.coles.com.au/product/castello-blue-cheese-150g-212188,,,2024-06-16T22:29:09.584779-04:00
"Ind54SColes_ADairy, Eggs & Fridge_SACheese_IBega Dairy Natural Tasty Cheese Slices 30 Pack | 500g",Bega Dairy Natural Tasty Cheese Slices 30 Pack | 500g,Bega,"Dairy, Eggs & Fridge",Cheese,Sliced cheese,,$11.00,,,$22.00 per 1kg,6704811,Bega Cheese Tasty Slices 500g,,,"Per 100g/ml
Per Serving
%DI
Energy
1720kJ
292kJ
3%
Protein
24.1g
4.1g
8%
Total Fat
35.3g
6.0g
8%
Saturated Fat
21.3g
3.6g
17%
Carbohydrate
Less than 1g
Less than 1g
0%
Sugars
Less than 1g
Less than 1g
0%
Calcium
660mg
Sodium
660mg
122mg
5%
* Percentage Daily Intakes are based on an average adult diet of 8700 kJ. Your daily intakes may be higher or lower depending on your energy needs.",,https://www.coles.com.au/product/bega-dairy-natural-tasty-cheese-slices-30-pack-500g-6704811,,,2024-06-16T22:29:20.920147-04:00
"Ind54SColes_ADairy, Eggs & Fridge_SACheese_IMersey Valley Jalapeno Vintage Cheddar | 80g",Mersey Valley Jalapeno Vintage Cheddar | 80g,Mersey Valley,"Dairy, Eggs & Fridge",Cheese,Cheddar & tasty cheese,,$4.80,Pick any 3 for $12,,$60.00 per 1kg,6846860,,,,,,https://www.coles.com.au/product/mersey-valley-jalapeno-vintage-cheddar-80g-6846860,,,2024-06-16T22:29:29.853880-04:00
"Ind54SColes_ADairy, Eggs & Fridge_SACheese_IBega Cream Cheese Block | 225g",Bega Cream Cheese Block | 225g,Bega,"Dairy, Eggs & Fridge",Cheese,Cream cheese & spreads,,$5.00,,,$22.22 per 1kg,6134531,"Australia's Cream Cheese. Bega Cream Cheese block is Australian Made and Owned and used Australian milk and cream sourced in Victoria.
Australia's Cream Cheese

Australian Made & Owned

No artificial colours, flavours or preservatives

Made in Australia from at least 95% Australian ingredients

HCA certified",,,"Per 100g/ml
Per Serving
%DI
Energy
1290kJ
323kJ
4%
Protein
9.1g
2.3g
5%
Total Fat
29.5g
7.4g
11%
Saturated Fat
20.6g
5.2g
22%
Carbohydrate
2.6g
<1.0g
<1%
Sugars
2.6g
<1.0g
<1%
Sodium
300mg
75mg
3%
* Percentage Daily Intakes are based on an average adult diet of 8700 kJ. Your daily intakes may be higher or lower depending on your energy needs.",,https://www.coles.com.au/product/bega-cream-cheese-block-225g-6134531,,,2024-06-16T22:29:41.836972-04:00
"Ind54SColes_ADairy, Eggs & Fridge_SACheese_ITasmanian Heritage Cheese Wedge Edam | 180g",Tasmanian Heritage Cheese Wedge Edam | 180g,Tasmanian Heritage,"Dairy, Eggs & Fridge",Cheese,Firm cheese,,$7.00,,,$38.89 per 1kg,5438520,"South Cape Edam is an eye cheese made in the traditional style, with a smooth pliable texture and a mild, buttery flavour with a slight tang. Best served with cold meats and paired with white wine. Liberate your plate with South Cape.",,,"Per 100g/ml
Per Serving
%DI
Energy
1400kJ
350kJ
0%
Protein
25.5g
6.4g
0%
Total Fat
25.6g
6.4g
0%
Saturated Fat
17.2g
4.3g
0%
Carbohydrate
<1g
<1g
0%
Sugars
<1g
<1g
0%
Calcium
800mg
200mg
0%
Sodium
568mg
142mg
0%
* Percentage Daily Intakes are based on an average adult diet of 8700 kJ. Your daily intakes may be higher or lower depending on your energy needs.",,https://www.coles.com.au/product/tasmanian-heritage-cheese-wedge-edam-180g-5438520,,,2024-06-16T22:29:53.533702-04:00
"Ind54SColes_ADairy, Eggs & Fridge_SACheese_IMainland Cheese Slices Extra Tasty | 210g",Mainland Cheese Slices Extra Tasty | 210g,Mainland,"Dairy, Eggs & Fridge",Cheese,Sliced cheese,,$6.00,,,$28.57 per 1kg,6576788,"At Mainland we know good things take time, so our convenient range of slices are crafted with the same care, time, and effort as all our cheeses. They really are a slice off the old block.
 
Mainland Extra Tasty Aged Cheddar has a texture that is satisfyingly smooth. This texture paired with its rich and bitey flavour, makes this cheese a crowd favourite.
Rich & Smooth",,,"Per 100g/ml
Per Serving
%DI
Energy
1720kJ
301kJ
3%
Protein
24.4g
4.3g
9%
Total Fat
34.8g
6.1g
9%
Saturated Fat
24.3g
4.3g
18%
Carbohydrate
Less than 1g
Less than 1g
0%
Sugars
Less than 1g
Less than 1g
0%
Calcium
660mg
116mg
15% RDI*
Sodium
640mg
112mg
5%
* Percentage Daily Intakes are based on an average adult diet of 8700 kJ. Your daily intakes may be higher or lower depending on your energy needs.",,https://www.coles.com.au/product/mainland-cheese-slices-extra-tasty-210g-6576788,,,2024-06-16T22:30:06.637826-04:00
"Ind54SColes_ADairy, Eggs & Fridge_SACheese_IThe Laughing Cow Light Less Fat Cheese Spread | 128g",The Laughing Cow Light Less Fat Cheese Spread | 128g,The Laughing Cow,"Dairy, Eggs & Fridge",Cheese,Cheese snacks,,$5.00,,,$39.06 per 1kg,7646266,,,,,,https://www.coles.com.au/product/the-laughing-cow-light-less-fat-cheese-spread-128g-7646266,,,2024-06-16T22:30:16.852672-04:00
"Ind54SColes_ADairy, Eggs & Fridge_SACheese_ICheer Tasty Cheese Slices | 750g",Cheer Tasty Cheese Slices | 750g,Cheer,"Dairy, Eggs & Fridge",Cheese,Sliced cheese,,$14.00,,,$18.67 per 1kg,3274750,"CHEER Tasty Cheese slices are must for any sandwich! CHEER Tasty Cheese will melt and bubble nicely under the grill. A mild flavour in the 750g value pack makes it perfect for families.CHEER 750g Tasty Cheese Slices are perfect for lunch box sandwiches on the go or to create delicious cheesy toasties at home! With a mild cheese flavour and a 48 slice value pack format, CHEER Tasty Cheese Slices are perfect for the whole family.- 48 Tasty cheese slices - Made in Australia from 100% Australian Cow's Milk- Vegetarian friendly- Preservative free- Mild cheese flavour- Perfect for your back to school lunch box or as a snack when relaxing at home!",,,"Per 100g/ml
Per Serving
%DI
Energy
1690kJ
355kJ
0%
Protein
25.8g
5.4g
0%
Total Fat
33.3g
7g
0%
Saturated Fat
21.6g
4.5g
0%
Carbohydrate
<1g
<1g
0%
Sugars
<1g
<1g
0%
Calcium
750mg
158mg
20%
Sodium
720mg
151mg
0%
* Percentage Daily Intakes are based on an average adult diet of 8700 kJ. Your daily intakes may be higher or lower depending on your energy needs.","Pasteurized Milk, Salt, Starter Cultures, Non animal rennet",https://www.coles.com.au/product/cheer-tasty-cheese-slices-750g-3274750,,,2024-06-16T22:30:28.997639-04:00
"Ind54SColes_ADairy, Eggs & Fridge_SACheese_IReal Dairy Tasty Cheese & Crackers 10 Pack | 300g",Real Dairy Tasty Cheese & Crackers 10 Pack | 300g,Real,"Dairy, Eggs & Fridge",Cheese,Cheese snacks,,$11.00,,,$3.67 per 100g,6927420,"Satisfy your cravings with our cheese & crackers snack packs, designed to bring smiles to the entire family, any time of the day. With 10 individual packs in each box, you'll have a value-packed snacking solution that's ready to indulge every palate.

Convenience Redefined: Busy mornings, afternoon lulls, or late-night cravings? Our snack packs are here to save the day. Grab a pack on the go, pack them for lunches, or keep them in the pantry for instant satisfaction.
Source of Calcium

Source of Protein

Quick Breakfast Boosts

Afternoon Energy Recharge

Movie Night Munchies

Picnic Perfect Pairing.

Study Session Snacks.

On-the-Go Goodness.",,,"Per 100g/ml
Per Serving
%DI
Energy
1640kJ
492kJ
6%
Protein
19.8g
5.9g
12%
Total Fat
25g
7.5g
11%
Saturated Fat
16g
4.8g
20%
Carbohydrate
22g
6.6g
2%
Sugars
<1g
<1g
0%
Calcium
511mg
153mg
19%
Sodium
614mg
192mg
8%
Energy (Cal)
392Cal
118Cal
* Percentage Daily Intakes are based on an average adult diet of 8700 kJ. Your daily intakes may be higher or lower depending on your energy needs.",,https://www.coles.com.au/product/real-dairy-tasty-cheese-and-crackers-10-pack-300g-6927420,,,2024-06-16T22:30:40.250616-04:00
"Ind54SColes_ADairy, Eggs & Fridge_SACheese_ILiddells Lactose Free Shredded Cheese Pizza Blend | 225g",Liddells Lactose Free Shredded Cheese Pizza Blend | 225g,Liddells,"Dairy, Eggs & Fridge",Cheese,Grated cheese,,$7.50,,,$33.33 per 1kg,3560828,"All Liddells products are all made from real dairy, lactose free and where needed we add the lactase enzyme to break down the lactose into two simple sugars: glucose and galactose. These sugars can be easily absorbed in the small intestine, keeping your tummy feeling happy. That's all it is!",,,"Per 100g/ml
Per Serving
%DI
Energy
1660kJ
414kJ
0%
Protein
26g
6.5g
0%
Total Fat
32.4g
8.1g
0%
Saturated Fat
21.6g
5.4g
0%
Carbohydrate
<1g
<1g
0%
Sugars
<1g
<1g
0%
Calcium
758mg
190mg
24%
Sodium
666mg
167mg
0%
* Percentage Daily Intakes are based on an average adult diet of 8700 kJ. Your daily intakes may be higher or lower depending on your energy needs.",,https://www.coles.com.au/product/liddells-lactose-free-shredded-cheese-pizza-blend-225g-3560828,,,2024-06-16T22:30:51.869956-04:00
"Ind54SColes_ADairy, Eggs & Fridge_SACheese_IPerfect Italiano Shredded Mozzarella | 250g",Perfect Italiano Shredded Mozzarella | 250g,Perfect Italiano,"Dairy, Eggs & Fridge",Cheese,Grated cheese,,$6.50,,,$26.00 per 1kg,3562164,"Perfect Italiano Cheese Mozzarella Shredded 250g
Perfectly mild and stretchy",,,"Per 100g/ml
Per Serving
%DI
Energy
1260kJ
316kJ
4%
Protein
24.8g
6.2g
12%
Total Fat
22.3g
5.6g
8%
Saturated Fat
15.5g
3.9g
16%
Carbohydrate
1.2g
less than 1g
0%
Sugars
1.2g
less than 1g
0%
Calcium
707mg
177mg
22% RDI*
Sodium
576mg
144mg
6%
* Percentage Daily Intakes are based on an average adult diet of 8700 kJ. Your daily intakes may be higher or lower depending on your energy needs.",,https://www.coles.com.au/product/perfect-italiano-shredded-mozzarella-250g-3562164,,,2024-06-16T22:31:02.915824-04:00
"Ind54SColes_ADairy, Eggs & Fridge_SACheese_IThe Laughing Cow Cheese | 256g",The Laughing Cow Cheese | 256g,The Laughing Cow,"Dairy, Eggs & Fridge",Cheese,Cheese snacks,,$7.65,,,$29.88 per 1kg,3275581,,,,,,https://www.coles.com.au/product/the-laughing-cow-cheese-256g-3275581,,,2024-06-16T22:31:12.481562-04:00
"Ind54SColes_ADairy, Eggs & Fridge_SACheese_IRiverina Haloumi | 180g",Riverina Haloumi | 180g,Riverina,"Dairy, Eggs & Fridge",Cheese,Gourmet Cheese,,$6.60,,,$36.67 per 1kg,3842193,"Award Winning, 100% Australian Owned Haloumi!

Our Haloumi is made using the highest quality milk from our own farm, situated on the fertile banks of the Murray River at Corowa, NSW.

Haloumi Cheese is a semi-hard stretched curd cheese. It has a high melting point, so can easily be fried or grilled without melting. Its salty flavour and unique texture is delicious when barbequed, with a squeeze of lemon or added to salads or skewers, along with vegetables and meat. Larger cut slices are great on burgers or it can be used in baking as a grated cheese on potatoes or pizzas. Endless possibilities!
Australian Owned & Made

All Natural Ingredients

Quality milk from our own farm

Award Winning

Hallal Certified",,,"Per 100g/ml
Per Serving
%DI
Energy
1286kJ
579kJ
Protein
20.1g
9.0g
Total Fat
22.4g
10.1g
Saturated Fat
15.1g
6.8g
Carbohydrate
6.8g
3.1g
Sugars
2.3g
1.0g
Calcium
630
284
Sodium
940mg
423mg
* Percentage Daily Intakes are based on an average adult diet of 8700 kJ. Your daily intakes may be higher or lower depending on your energy needs.","Pasteurised Cow's Milk, Salt, Non-Animal Rennet",https://www.coles.com.au/product/riverina-haloumi-180g-3842193,,,2024-06-16T22:31:24.873408-04:00
"Ind54SColes_ADairy, Eggs & Fridge_SACheese_ICheer Tasty Cheese Block | 400g",Cheer Tasty Cheese Block | 400g,Cheer,"Dairy, Eggs & Fridge",Cheese,Block cheese,,$9.00,,,$22.50 per 1kg,7648283,"CHEER Cheese 400g Tasty Cheese block is a delicious fridge staple, perfect for when you want the option for sliced cheese or grated cheese ! CHEER Cheese 400g Tasty Cheese Block will melt and bubble nicely under the grill, making it perfect for cutting into cheese slices for toasties or to use as grated cheese. Cheer Tasty Cheese is also perfect to enjoy as a snack when relaxing at home. With a mild cheese flavour, CHEER Tasty Cheese Block is perfect for families.- 400g Tasty cheese block- Made in Australia from 100% Australian cow's milk- Vegetarian friendly- Preservative free- Mild cheese flavour",,,"Per 100g/ml
Per Serving
%DI
Energy
1690kJ
422kJ
5%
Protein
25.8g
6.5g
13%
Total Fat
33.3g
8.3g
12%
Saturated Fat
21.6g
5.4g
22%
Carbohydrate
<1g
<1g
1%
Sugars
<1g
<1g
1%
Calcium
750mg
188mg
24%
Sodium
720mg
180mg
8%
* Percentage Daily Intakes are based on an average adult diet of 8700 kJ. Your daily intakes may be higher or lower depending on your energy needs.","Pasteurised milk, starter cultures (milk), salt, enzymes (non-animal rennet, non-animal lipase).",https://www.coles.com.au/product/cheer-tasty-cheese-block-400g-7648283,,,2024-06-16T22:31:36.350027-04:00
"Ind54SColes_ADairy, Eggs & Fridge_SACheese_IColes Deli Australian Fetta | approx 100g",Coles Deli Australian Fetta | approx 100g,Coles,"Dairy, Eggs & Fridge",Cheese,Feta cheese,,$2.25,,,$22.50 per 1kg,3218894,"A delicious semi soft cheese with an open crumbly texture, perfect for salads and barbeques",,,"Per 100g/ml
Per Serving
%DI
Energy
1117.7
279.43
Protein
18
4.5
Total Fat
21.6
5.4
Carbohydrate
0.5
0.13
Sugars
0.5
0.13
Sodium
1250
312.5
Saturated
14.7
3.68
Energy (Cal)
267.39
66.85
Dietary Fibre (total)
0.5
0.13
* Percentage Daily Intakes are based on an average adult diet of 8700 kJ. Your daily intakes may be higher or lower depending on your energy needs.",,https://www.coles.com.au/product/coles-deli-australian-fetta-approx.-100g-3218894,,,2024-06-16T22:31:49.416476-04:00
"Ind54SColes_ADairy, Eggs & Fridge_SACheese_IBel Dairy Cheese Dippers 4 Pack | 140g",Bel Dairy Cheese Dippers 4 Pack | 140g,Bel,"Dairy, Eggs & Fridge",Cheese,Cheese snacks,,$5.20,,$6.50,$3.71 per 100g,8139809,,,,,,https://www.coles.com.au/product/bel-dairy-cheese-dippers-4-pack-140g-8139809,,,2024-06-16T22:31:58.789022-04:00
"Ind54SColes_ADairy, Eggs & Fridge_SACheese_IMontefiore Mascarpone | 250g",Montefiore Mascarpone | 250g,Montefiore,"Dairy, Eggs & Fridge",Cheese,Brie & soft cheese,,$6.50,,,$26.00 per 1kg,1865325,"Prepare desserts and savoury dishes using Montefiore Mascarpone Cheese. Thought to originate from the Lombardy region of Italy, mascarpone cheese is a fresh cream cheese, milky white in colour. Soft enough to spread, it is made from pure enriched cream.
Soft traditional Italian cheese
Award-winning cheese
Made in Australia from at least 99% Australian ingredients.",,,,,https://www.coles.com.au/product/montefiore-mascarpone-250g-1865325,,,2024-06-16T22:32:08.957912-04:00
"Ind54SColes_ADairy, Eggs & Fridge_SACheese_IArnotts Shapes Original Cheese & Bacon With Tasty Cheese | 30g",Arnotts Shapes Original Cheese & Bacon With Tasty Cheese | 30g,Arnotts,"Dairy, Eggs & Fridge",Cheese,Cheese snacks,,$3.40,,,$11.33 per 100g,6796478,"A delicious duo of Arnott's Shapes Original Cheese & Bacon paired with Tasty cheese in a handy pack

Satisfying snack for anytime, anywhere

 Shapes flavour you can see

Source of protein",,,"Per 100g/ml
Per Serving
%DI
Energy
1800kJ
540kJ
6.00%
Protein
19.6g
5.9g
12.00%
Total Fat
28.7g
8.6g
12.00%
Saturated Fat
16.7g
5.0g
21.00%
Carbohydrate
24.0g
7.2g
2.00%
Sugars
Less than 1g
Less than 1g
<1%
Sodium
748mg
224mg
10.00%
Monounsaturated
>1
>1
>1
Energy (Cal)
>1
>1
>1
Dietary Fibre (total)
>1
>1
>1
Polyunsaturated
>1
>1
>1
Trans
>1
>1
>1
* Percentage Daily Intakes are based on an average adult diet of 8700 kJ. Your daily intakes may be higher or lower depending on your energy needs.",,https://www.coles.com.au/product/arnotts-shapes-original-cheese-and-bacon-with-tasty-cheese-30g-6796478,,,2024-06-16T22:32:22.033508-04:00
"Ind54SColes_ADairy, Eggs & Fridge_SACheese_ILemnos Fetta Smooth Less Than 5g Fat | 200g",Lemnos Fetta Smooth Less Than 5g Fat | 200g,Lemnos,"Dairy, Eggs & Fridge",Cheese,Feta cheese,,$6.50,,,$32.50 per 1kg,6823355,"Sprinkle on salad or pizza, stir through soup or pasta, or
simply serve baked with tomatoes as a crowd pleasing canape. Containing less than 5g fat (per 25g serve), this fetta is soft & creamy and contains no artificial flavours or preservatives. Suitable for vegetarians.
Less than 5g fat (per 25g serve)

No artificial flavours or preservatives

Suitable for vegetarians",,,"Per 100g/ml
Per Serving
%DI
Energy
887kJ
222kJ
Protein
13.5g
3.4g
Total Fat
16.0g
4.0g
Saturated Fat
8.6g
2.2g
Carbohydrate
3.3 g
Less than 1g
Sugars
3.3 g
Less than 1g
Sodium
1370mg
343mg
Energy (Cal)
212Cal
53Cal
* Percentage Daily Intakes are based on an average adult diet of 8700 kJ. Your daily intakes may be higher or lower depending on your energy needs.","Pasteurised Cow's Milk, Vegetable Oil, Salt, Rennet (Vegetarian), Lactic Culture (from Milk).",https://www.coles.com.au/product/lemnos-fetta-smooth-less-than-5g-fat-200g-6823355,,,2024-06-16T22:32:33.534945-04:00
"Ind54SColes_ADairy, Eggs & Fridge_SADairy, chilled & frozen_IUnicorn Classic Double Brie | 125g",Unicorn Classic Double Brie | 125g,Unicorn,"Dairy, Eggs & Fridge","Dairy, chilled & frozen",Cheese & yoghurt,,$5.00,,,"$40.00 per 1kg
Was $6.00 on Apr 2024",5199702,"Our Classic Double Brie is a soft & creamy cheese with a mild, delicious flavour.",,,"Per 100g/ml
Per Serving
%DI
Energy
1410kJ
352.5kJ
Protein
19.4g
4.9g
Total Fat
28.5g
7.1g
Saturated Fat
19.3g
4.8g
Carbohydrate
1.7g
0.4g
Sugars
<0.5g
<0.1g
Sodium
861mg
215.3mg
* Percentage Daily Intakes are based on an average adult diet of 8700 kJ. Your daily intakes may be higher or lower depending on your energy needs.",,https://www.coles.com.au/product/unicorn-classic-double-brie-125g-5199702,,,2024-06-16T22:32:44.605412-04:00
"Ind54SColes_ADairy, Eggs & Fridge_SACheese_ISunbeam Sultana & Apricot With Cheddar Cheese | 35g",Sunbeam Sultana & Apricot With Cheddar Cheese | 35g,Sunbeam,"Dairy, Eggs & Fridge",Cheese,Cheese snacks,,$3.00,,,$8.57 per 100g,7704409,"Introducing Sunbeam Fruit & Cheese chilled snacks  where real fruit meets real cheese for a taste that's real cool!
Packed with the goodness of nature, our snacks are the perfect on-the-go solution for busy kids.
Embrace the real goodness of Sunbeam Fruit & Cheese snacks and add a little Sunbeam sunshine to their day!
With Real Fruit
With Real Cheese
Source of Calcium
No Artificial colours or flavours",,,"Per 100g/ml
Per Serving
%DI
Energy
1400kJ
490kJ
Protein
10.6g
3.7g
Total Fat
15.2g
5.3g
Saturated Fat
11.2g
3.9g
Carbohydrate
36.4g
12.7g
Sugars
32.9g
11.5g
Calcium
328mg
115mg
14%
Sodium
275mg
96mg
* Percentage Daily Intakes are based on an average adult diet of 8700 kJ. Your daily intakes may be higher or lower depending on your energy needs.","Sultanas (53%), Cheddar Cheese (34%) Milk, Salt, Cultures, Rennet, Apricots (13%) Preservative (220) (Sulphites)",https://www.coles.com.au/product/sunbeam-sultana-and-apricot-with-cheddar-cheese-35g-7704409,,,2024-06-16T22:32:56.420644-04:00
"Ind54SColes_ADairy, Eggs & Fridge_SACheese_IBega Tasty Block | 500g",Bega Tasty Block | 500g,Bega,"Dairy, Eggs & Fridge",Cheese,Block cheese,,$10.50,,,$21.00 per 1kg,189712,Bega Cheese Tasty Block 500g,,,"Per 100g/ml
Per Serving
%DI
Energy
1720kJ
430kJ
5%
Protein
24.8g
6.2g
12%
Total Fat
34.7g
8.7g
12%
Saturated Fat
23.8g
6.0g
25%
Carbohydrate
less than 1g
less than 1g
0%
Sugars
less than 1g
less than 1g
0%
Calcium
738mg
185mg
23% RDI^
Sodium
650mg
163mg
7%
* Percentage Daily Intakes are based on an average adult diet of 8700 kJ. Your daily intakes may be higher or lower depending on your energy needs.","Milk, Salt, Cultures, Enzymes (Non-Animal Rennet).",https://www.coles.com.au/product/bega-tasty-block-500g-189712,,,2024-06-16T22:33:08.699876-04:00
"Ind54SColes_ADairy, Eggs & Fridge_SACheese_ITasmanian Heritage Little Entertainers Havarti | 80g",Tasmanian Heritage Little Entertainers Havarti | 80g,Tasmanian Heritage,"Dairy, Eggs & Fridge",Cheese,Firm cheese,,$4.80,Pick any 3 for $12,,$60.00 per 1kg,3029712,"South Cape Havarti is a pale yellow, buttery semi soft cheese with a tangy flavour and lovely melting quality. This smaller 80g serving is perfect for cheese boards for smaller groups- mix n' match with other cheeses from the Little Entertainers range. Best served with cold meats and paired with white wine. Liberate your plate with South Cape.",,,"Per 100g/ml
Per Serving
%DI
Energy
1680kJ
420kJ
0%
Protein
21.6g
5.4g
0%
Total Fat
35g
8.75g
0%
Saturated Fat
24.3g
6.075g
0%
Carbohydrate
<1g
<1g
0%
Sugars
<1g
<1g
0%
Calcium
738mg
184.5mg
0%
Sodium
563mg
140.75mg
0%
* Percentage Daily Intakes are based on an average adult diet of 8700 kJ. Your daily intakes may be higher or lower depending on your energy needs.",,https://www.coles.com.au/product/tasmanian-heritage-little-entertainers-havarti-80g-3029712,,,2024-06-16T22:33:21.519420-04:00
"Ind54SColes_ADairy, Eggs & Fridge_SACheese_IEmborg French Brie Portions | 240g",Emborg French Brie Portions | 240g,Emborg,"Dairy, Eggs & Fridge",Cheese,Brie & soft cheese,,$6.90,,$8.50,$28.75 per 1kg,7016315,,,,,,https://www.coles.com.au/product/emborg-french-brie-portions-240g-7016315,,,2024-06-16T22:33:30.934936-04:00
"Ind54SColes_ADairy, Eggs & Fridge_SACheese_ILiddells Cream Cheese | 250g",Liddells Cream Cheese | 250g,Liddells,"Dairy, Eggs & Fridge",Cheese,Cheese snacks,,$6.30,,,$25.20 per 1kg,1828395,"All Liddells products are all made from real dairy, lactose free and where needed we add the lactase enzyme to break down the lactose into two simple sugars: glucose and galactose. These sugars can be easily absorbed in the small intestine, keeping your tummy feeling happy. That's all it is!",,,"Per 100g/ml
Per Serving
%DI
Energy
1100kJ
275kJ
0%
Protein
6.1g
1.5g
0%
Total Fat
25.6g
6.4g
0%
Saturated Fat
17.9g
4.5g
0%
Carbohydrate
<2.8g
<0.7g
0%
Sugars
<2.8g
<0.7g
0%
Calcium
23mg
Sodium
343mg
86mg
0%
* Percentage Daily Intakes are based on an average adult diet of 8700 kJ. Your daily intakes may be higher or lower depending on your energy needs.",,https://www.coles.com.au/product/liddells-cream-cheese-250g-1828395,,,2024-06-16T22:33:42.233193-04:00
"Ind54SColes_ADairy, Eggs & Fridge_SACheese_IColes Dairy Tasty Cheese Block | 500g",Coles Dairy Tasty Cheese Block | 500g,Coles,"Dairy, Eggs & Fridge",Cheese,Block cheese,,$7.70,,,$15.40 per 1kg,293995,Coles Dairy 500g tasty cheese block. A matured rich and tasty flavour with a strength indicator of 3. Ideal for cubing and slicing.,,,"Per 100g/ml
Per Serving
%DI
Energy
1700.70
425.18
Protein
24.40
6.10
Carbohydrate
0.10
0.03
Sugars
0.10
0.03
Calcium
708.00
177.00
Sodium
700.00
175.00
Saturated
23.60
5.90
Energy (Cal)
406.87
101.72
Fat
34.60
8.65
Dietary Fibre (total)
0.50
0.13
* Percentage Daily Intakes are based on an average adult diet of 8700 kJ. Your daily intakes may be higher or lower depending on your energy needs.","INGREDIENTS: Milk, Salt, Mineral Salt (509), Cultures (Milk), Enzyme (Vegetarian Rennet).",https://www.coles.com.au/product/coles-dairy-tasty-cheese-block-500g-293995,,,2024-06-16T22:33:54.080034-04:00
"Ind54SColes_ADairy, Eggs & Fridge_SACheese_IBulla Dairy Low Fat Cottage Cheese Original | 200g",Bulla Dairy Low Fat Cottage Cheese Original | 200g,Bulla,"Dairy, Eggs & Fridge",Cheese,Brie & soft cheese,,$3.80,,,$19.00 per 1kg,393989,"Bulla Cottage Cheese 200g is a high protein versatile cheese that is 97% fat free and vegetarian friendly. Bulla Cottage Cheese is handmade in country Victoria, from fresh milk delivered daily.
Australian family owned and made.",,,"Per 100g/ml
Per Serving
%DI
Energy
344kJ
344kJ
4%
Protein
12g
12g
24%
Total Fat
1.8g
1.8g
3%
Saturated Fat
1.2g
1.2g
5%
Carbohydrate
4.3g
4.3g
1%
Sugars
4.2g
4.2g
5%
Calcium
106mg
106mg
13%
Sodium
312mg
312mg
14%
* Percentage Daily Intakes are based on an average adult diet of 8700 kJ. Your daily intakes may be higher or lower depending on your energy needs.",,https://www.coles.com.au/product/bulla-dairy-low-fat-cottage-cheese-original-200g-393989,,,2024-06-16T22:34:05.252399-04:00
"Ind54SColes_ADairy, Eggs & Fridge_SACheese_IBega Tasty Natural Cheese Slices 15 pack | 250g",Bega Tasty Natural Cheese Slices 15 pack | 250g,Bega,"Dairy, Eggs & Fridge",Cheese,Sliced cheese,,$7.50,,,$30.00 per 1kg,6704323,Bega Cheese Tasty Slices 250g,,,"Per 100g/ml
Per Serving
%DI
Energy
1720kJ
292kJ
3%
Protein
24.2g
4.1g
8%
Total Fat
35.3g
6.0g
8%
Saturated Fat
21.3g
3.6g
17%
Carbohydrate
Less than 1g
Less than 1g
0%
Sugars
Less than 1g
Less than 1g
0%
Calcium
660mg
Sodium
720mg
122mg
5%
* Percentage Daily Intakes are based on an average adult diet of 8700 kJ. Your daily intakes may be higher or lower depending on your energy needs.","Milk, Salt, Cultures, Enzyme (Non-Animal Rennet).",https://www.coles.com.au/product/bega-tasty-natural-cheese-slices-15-pack-250g-6704323,,,2024-06-16T22:34:17.783060-04:00
"Ind54SColes_ADairy, Eggs & Fridge_SACheese_IColes Dutch Gouda | 265g",Coles Dutch Gouda | 265g,Coles,"Dairy, Eggs & Fridge",Cheese,Firm cheese,,$6.00,,,$22.64 per 1kg,3796405,Creamy Dutch Gouda cheese with a mellow nutty flavour. Perfect for a cheeseboard and entertaining.,,,"Per 100g/ml
Per Serving
%DI
Energy
1526.30
457.89
Protein
23.40
7.02
Total Fat
30.50
9.15
Saturated Fat
21.20
6.36
Carbohydrate
0.00
0.00
Sugars
0.00
0.00
Sodium
726.00
217.80
Energy (Cal)
365.14
109.54
Dietary Fibre (total)
0.00
0.00
* Percentage Daily Intakes are based on an average adult diet of 8700 kJ. Your daily intakes may be higher or lower depending on your energy needs.",,https://www.coles.com.au/product/coles-dutch-gouda-265g-3796405,,,2024-06-16T22:34:28.939794-04:00
"Ind54SColes_ADairy, Eggs & Fridge_SACheese_ILiddells Lactose Free Colby Cheese Slices | 250g",Liddells Lactose Free Colby Cheese Slices | 250g,Liddells,"Dairy, Eggs & Fridge",Cheese,Sliced cheese,,$7.50,,,$30.00 per 1kg,3241626,"All Liddells products are all made from real dairy, lactose free and where needed we add the lactase enzyme to break down the lactose into two simple sugars: glucose and galactose. These sugars can be easily absorbed in the small intestine, keeping your tummy feeling happy. That's all it is!",,,"Per 100g/ml
Per Serving
%DI
Energy
1670kJ
351kJ
0%
Protein
24.1g
5.1g
0%
Total Fat
33.5g
7g
0%
Saturated Fat
23.2g
4.9g
0%
Carbohydrate
<1g
<1g
0%
Sugars
<1g
<1g
0%
Calcium
710mg
149mg
19%
Sodium
610mg
128mg
0%
* Percentage Daily Intakes are based on an average adult diet of 8700 kJ. Your daily intakes may be higher or lower depending on your energy needs.",,https://www.coles.com.au/product/liddells-lactose-free-colby-cheese-slices-250g-3241626,,,2024-06-16T22:34:41.263267-04:00
"Ind54SColes_ADairy, Eggs & Fridge_SACheese_ICastello Double Cream Brie Chilli | 150g",Castello Double Cream Brie Chilli | 150g,Castello,"Dairy, Eggs & Fridge",Cheese,Brie & soft cheese,,$7.50,,,$50.00 per 1kg,3272845,"The richness of a double cream brie combined with fiery red chilli flakes for a perfect blend of spicy flavour and creamy texture throughout. To enjoy this cheese at its best, remove from the fridge one hour before eating.",,,"Per 100g/ml
Per Serving
%DI
Energy
1700kJ
425kJ
Protein
14.2g
3.6g
Total Fat
39g
9.8g
Saturated Fat
24.7g
6.2g
Carbohydrate
0.7g
0.2g
Sugars
0.4g
0.1g
Sodium
600mg
150mg
* Percentage Daily Intakes are based on an average adult diet of 8700 kJ. Your daily intakes may be higher or lower depending on your energy needs.",,https://www.coles.com.au/product/castello-double-cream-brie-chilli-150g-3272845,,,2024-06-16T22:34:52.386277-04:00
"Ind54SColes_ADairy, Eggs & Fridge_SACheese_IBega Easy Melt Colby Block | 500g",Bega Easy Melt Colby Block | 500g,Bega,"Dairy, Eggs & Fridge",Cheese,Block cheese,,$10.50,,,$21.00 per 1kg,1446242,Bega Cheese Easy Melt Colby Block 500g,,,"Per 100g/ml
Per Serving
%DI
Energy
1680kJ
420kJ
5%
Protein
23.3g
5.8g
12%
Total Fat
34.5g
8.6g
12%
Saturated Fat
20.8g
5.2g
22%
Carbohydrate
LESS THAN 1g
LESS THAN 1g
0%
Sugars
LESS THAN 1g
LESS THAN 1g
0%
Calcium
720mg
180mg (23% RDI*)
Sodium
692mg
173mg
8%
* Percentage Daily Intakes are based on an average adult diet of 8700 kJ. Your daily intakes may be higher or lower depending on your energy needs.","Milk, Salt, Cultures, Enzyme (Non-Animal Rennet).",https://www.coles.com.au/product/bega-easy-melt-colby-block-500g-1446242,,,2024-06-16T22:35:04.138508-04:00
"Ind54SColes_ADairy, Eggs & Fridge_SACheese_ITasmanian Heritage Cheese Wedge Havarti | 180g",Tasmanian Heritage Cheese Wedge Havarti | 180g,Tasmanian Heritage,"Dairy, Eggs & Fridge",Cheese,Firm cheese,,$7.00,,,$38.89 per 1kg,5438483,"South Cape Havarti is a pale yellow, buttery semi soft cheese with a tangy flavour and lovely melting quality. Best served with cold meats and paired with white wine. Liberate your plate with South Cape.",,,"Per 100g/ml
Per Serving
%DI
Energy
1610kJ
403kJ
0%
Protein
18.2g
4.6g
0%
Total Fat
34.7g
8.7g
0%
Saturated Fat
23.2g
5.8g
0%
Carbohydrate
<1g
<1g
0%
Sugars
<1g
<1g
0%
Calcium
600mg
150mg
0%
Sodium
569mg
142mg
0%
* Percentage Daily Intakes are based on an average adult diet of 8700 kJ. Your daily intakes may be higher or lower depending on your energy needs.",,https://www.coles.com.au/product/tasmanian-heritage-cheese-wedge-havarti-180g-5438483,,,2024-06-16T22:35:15.287403-04:00
"Ind54SColes_ADairy, Eggs & Fridge_SACheese_IMainland On The Go Tasty Cheese & Cranberry Sunflower Crackers | 38g",Mainland On The Go Tasty Cheese & Cranberry Sunflower Crackers | 38g,Mainland,"Dairy, Eggs & Fridge",Cheese,Cheese snacks,,$3.00,Pick any 2 for $5,,$7.89 per 100g,3576103,Mainland On The Go Tasty Cheese Cranberry & Sunflower Crackers 38g,,,"Per 100g/ml
Per Serving
%DI
Energy
1730kJ
657kJ
Protein
20.1g
7.6g
Total Fat
27.6g
10.5g
Saturated Fat
16.4g
6.2g
Carbohydrate
20.4g
7.8g
Sugars
6.9g
2.6g
Calcium
524mg
199mg
Sodium
733mg
278mg
* Percentage Daily Intakes are based on an average adult diet of 8700 kJ. Your daily intakes may be higher or lower depending on your energy needs.",,https://www.coles.com.au/product/mainland-on-the-go-tasty-cheese-and-cranberry-sunflower-crackers-38g-3576103,,,2024-06-16T22:35:27.181002-04:00
"Ind54SColes_ADairy, Eggs & Fridge_SACheese_ICastello Danish Blue Cheese | 100g",Castello Danish Blue Cheese | 100g,Castello,"Dairy, Eggs & Fridge",Cheese,Blue cheese,,$4.80,,,$48.00 per 1kg,7127600,"A rich blue vein cheese with a sharp, nutty blue mould aroma and hints of marzipan. This is a great addition to any cheeseboard, but could also be used to make gourmet burgers and sandwiches, or crumbled in salads, pizzas or pastas. Goes really well with sweet fruit such as pears, as well as nuts and honey.",,,"Per 100g/ml
Per Serving
%DI
Energy
1420kJ
283kJ
Protein
20g
4g
Total Fat
29g
5.8g
Saturated Fat
18g
3.6g
Carbohydrate
0.1g
<0.1g
Sugars
0.1g
<0.1g
Sodium
1320mg
264mg
* Percentage Daily Intakes are based on an average adult diet of 8700 kJ. Your daily intakes may be higher or lower depending on your energy needs.",,https://www.coles.com.au/product/castello-danish-blue-cheese-100g-7127600,,,2024-06-16T22:35:39.416945-04:00
"Ind54SColes_ADairy, Eggs & Fridge_SADairy, chilled & frozen_IColes Cheese Shredded 4 Cheese Blend | 250g",Coles Cheese Shredded 4 Cheese Blend | 250g,Coles,"Dairy, Eggs & Fridge","Dairy, chilled & frozen",Cheese & desserts,,$5.00,,,"$20.00 per 1kg
Was $5.50 on Apr 2024",6795646,"A PERFECT BLEND OF FOUR CHEESES. PERFECT FOR MELTING, GRILLING OR BAKING. STRENGTH INDICATOR RATING: MATURE = 3 RATING",,,"Per 100g/ml
Per Serving
%DI
Energy
1494.50
373.63
Protein
24.30
6.08
Total Fat
28.9
7.2
10
Saturated Fat
20.8
5.2
22
Carbohydrate
0.10
0.03
Sugars
0.10
0.03
Calcium
732.00
183.00
Sodium
643.00
160.75
Saturated
20.80
5.20
Energy (Cal)
357.54
89.38
Fat
28.90
7.23
Dietary Fibre (total)
1.30
0.33
* Percentage Daily Intakes are based on an average adult diet of 8700 kJ. Your daily intakes may be higher or lower depending on your energy needs.",,https://www.coles.com.au/product/coles-cheese-shredded-4-cheese-blend-250g-6795646,,,2024-06-16T22:35:50.395090-04:00
"Ind54SColes_ADairy, Eggs & Fridge_SACheese_IColes British Blue Stilton | 150g",Coles British Blue Stilton | 150g,Coles,"Dairy, Eggs & Fridge",Cheese,Blue cheese,,$5.50,,,$36.67 per 1kg,3275990,"A full fat, crumbly blue veined cheese handcrafted in the small village of Long Clawson, Leicestershire150g",,,"Per 100g/ml
Per Serving
%DI
Energy
1690
508
6
Protein
22.5
6.8
14
Total Fat
34.9
10.5
15
Saturated Fat
21.8
6.6
28
Carbohydrate
1.0
LESS THAN 1g
0
Sodium
724
217
9
Energy (Cal)
405
122
Trans
LESS THAN 1g
LESS THAN 0.1g
Dietary Fibre
0.43
0.13
* Percentage Daily Intakes are based on an average adult diet of 8700 kJ. Your daily intakes may be higher or lower depending on your energy needs.",,https://www.coles.com.au/product/coles-british-blue-stilton-150g-3275990,,,2024-06-16T22:36:01.971645-04:00
"Ind54SColes_ADairy, Eggs & Fridge_SADairy, chilled & frozen_IPerfect Italiano Cheese Shaved Parmesan | 125g",Perfect Italiano Cheese Shaved Parmesan | 125g,Perfect Italiano,"Dairy, Eggs & Fridge","Dairy, chilled & frozen",Cheese & yoghurt,,$4.00,,,"$32.00 per 1kg
Was $4.50 on May 2024",4405740,"Perfect Italiano Cheese Shaved Parmesan 125g
It's an easy way to add delicious flavour to pasta, salad or risotto.

Medium Flavour

Perfect for Pastas and Salads",,,"Per 100g/ml
Per Serving
%DI
Energy
1540kJ
154kJ
2%
Protein
31.9g
3.2g
7%
Total Fat
26.6g
2.7g
4%
Saturated Fat
19.3g
1.9g
7%
Carbohydrate
1.4g
Less than 1g
0%
Sugars
Less than 1g
Less than 1g
0%
Calcium
956mg
95mg
12% RDI*
Sodium
850mg
85mg
4%
* Percentage Daily Intakes are based on an average adult diet of 8700 kJ. Your daily intakes may be higher or lower depending on your energy needs.",,https://www.coles.com.au/product/perfect-italiano-cheese-shaved-parmesan-125g-4405740,,,2024-06-16T22:36:13.434437-04:00
"Ind54SColes_ADairy, Eggs & Fridge_SA_IPhiladelphia Regular Cream Cheese Block | 250g",Philadelphia Regular Cream Cheese Block | 250g,Philadelphia,"Dairy, Eggs & Fridge",,,,$5.70,,,$22.80 per 1kg,192502,"Philadelphia original block is your essential ingredient for an indulgent cheesecake, a delicious tart or as frosting and icing for any of your favourite desserts. Philadelphia is highly versatile and can be enjoyed by the whole family and it's the perfect choice for all things cheesy and creamy.
Deliciously Creamy

Philadelphia is made in Australia since 1956

Natural ingredients

No artificial colours or flavours

Made with at least 95% Australian ingredients",,,"Per 100g/ml
Per Serving
%DI
Energy
1270kJ
317kJ
4%
Protein
6.6g
1.6g
3%
Total Fat
30.1g
7.5g
11%
Saturated Fat
21.0g
5.2g
22%
Carbohydrate
2.5g
<1.0g
<1%
Sugars
2.5g
<1.0g
1%
Sodium
362mg
90mg
4%
Monounsaturated
0
0
0
Energy (Cal)
0
0
0
Dietary Fibre (total)
0
0
0
Polyunsaturated
0
0
0
Trans
0
0
0
* Percentage Daily Intakes are based on an average adult diet of 8700 kJ. Your daily intakes may be higher or lower depending on your energy needs.",,https://www.coles.com.au/product/philadelphia-regular-cream-cheese-block-250g-192502,,,2024-06-16T22:39:22.285735-04:00
"Ind54SColes_ADairy, Eggs & Fridge_SACheese_IMersey Valley Club Original Cheddar Cheese | 235g",Mersey Valley Club Original Cheddar Cheese | 235g,Mersey Valley,"Dairy, Eggs & Fridge",Cheese,Cheddar & tasty cheese,,$7.00,,$9.95,$29.79 per 1kg,6533005,"Mersey Valley Original has a delightful crumbly texture with a milder cheddar flavour, perfect for a snack that really hits the spot! Mersey Valley Original pairs perfectly with tomatoes, salami and your favourite crackers. Best served with a light craft beer or light red wine.",,,"Per 100g/ml
Per Serving
%DI
Energy
1740kJ
435kJ
0%
Protein
24.8g
6.2g
0%
Total Fat
33g
8.25g
0%
Saturated Fat
21.1g
5.275g
0%
Carbohydrate
1.4g
<1g
0%
Sugars
<1g
<1g
0%
Calcium
741mg
185.25mg
0%
Sodium
720mg
180mg
0%
* Percentage Daily Intakes are based on an average adult diet of 8700 kJ. Your daily intakes may be higher or lower depending on your energy needs.",,https://www.coles.com.au/product/mersey-valley-club-original-cheddar-cheese-235g-6533005,,,2024-06-16T22:39:33.214388-04:00
"Ind54SColes_ADairy, Eggs & Fridge_SACheese_IYarra Valley Cheese Persian Fetta Dill & Chive | 350g",Yarra Valley Cheese Persian Fetta Dill & Chive | 350g,Yarra Valley,"Dairy, Eggs & Fridge",Cheese,Feta cheese,,$11.40,,,$32.57 per 1kg,4960173,"This could be the most versatile cheese in your fridge. Created using only the finest quality Australian ingredients and premium Victorian milk, our Persian Fetta will not only raise the bar of your cheese platter, it will elevate all of your favourite salads and pasta dishes to next-level delicious -- don't forget to use the oil! Simply perfect piled onto warm, crusty bread or paired with rocket and roasted root vegetables.

Handcrafted on our family-owned farm in the Yarra Valley using the same original recipe since its creation in 1994
Made in Australia

Handcrafted Cow's milk cheese with dill and chives",,,"Per 100g/ml
Per Serving
%DI
Energy
1270
318
Protein
15.5
4
Total Fat
25.8
6.5
Saturated Fat
14.3
3.6
Carbohydrate
2.8
<1
Sugars
1.8
<1
Sodium
420
105
Trans
1.1
<1
* Percentage Daily Intakes are based on an average adult diet of 8700 kJ. Your daily intakes may be higher or lower depending on your energy needs.",,https://www.coles.com.au/product/yarra-valley-cheese-persian-fetta-dill-and-chive-350g-4960173,,,2024-06-16T22:39:44.405905-04:00
"Ind54SColes_ADairy, Eggs & Fridge_SA_IColes Australian Shredded Pizza | 250g",Coles Australian Shredded Pizza | 250g,Coles,"Dairy, Eggs & Fridge",,,,$5.00,,,"$20.00 per 1kg
Was $5.50 on Apr 2024",1413312,"STRENGTH INDICATOR: 2 MILD A mild blend of three cheeses; ?Mozzarella, Tasty Cheddar & Parmesan. Perfect for baking.",,,"Per 100g/ml
Per Serving
%DI
Energy
1359.97
339.99
Protein
26.16
6.54
Total Fat
24.45
6.11
Saturated Fat
16.70
4.18
Carbohydrate
0.20
0.05
Sugars
0.20
0.05
Calcium
821.00
205.25
Sodium
671.00
167.75
Energy (Cal)
325.35
81.34
Dietary Fibre (total)
0.90
0.23
* Percentage Daily Intakes are based on an average adult diet of 8700 kJ. Your daily intakes may be higher or lower depending on your energy needs.",,https://www.coles.com.au/product/coles-australian-shredded-pizza-250g-1413312,,,2024-06-16T22:39:55.545630-04:00
"Ind54SColes_ADairy, Eggs & Fridge_SACheese_IPhiladelphia Portions Cream Cheese Original Spread | 150g",Philadelphia Portions Cream Cheese Original Spread | 150g,Philadelphia,"Dairy, Eggs & Fridge",Cheese,Cream cheese & spreads,,$4.00,,,$26.67 per 1kg,5432035,"Philadelphia Portions is perfect for snacking on the go, lunch boxes or when you just need a little bit of cream cheese. It also helps to retain freshness as it comes in a convenient single serve pack which is just the just the right size to make a sandwich filling or a tasty topping to a crackers.
Single serve packs

Deliciously Creamy

Portionable and convenient

Philadelphia is made in Australia since 1956

No artificial colours or flavours

Made with at least 95% Australian ingredients.",,,"Per 100g/ml
Per Serving
%DI
Energy
940kJ
352kJ
4%
Protein
4.9g
1.8g
4%
Total Fat
21.8g
8.2g
12%
Saturated Fat
15.2g
5.7g
24%
Carbohydrate
2.9g
1.1g
<1%
Sugars
2.9g
1.1g
1%
Sodium
328mg
123mg
5%
Monounsaturated
0
0
0
Energy (Cal)
0
0
0
Dietary Fibre (total)
0
0
0
Polyunsaturated
0
0
0
Trans
0
0
0
* Percentage Daily Intakes are based on an average adult diet of 8700 kJ. Your daily intakes may be higher or lower depending on your energy needs.",,https://www.coles.com.au/product/philadelphia-portions-cream-cheese-original-spread-150g-5432035,,,2024-06-16T22:40:06.601688-04:00
"Ind54SColes_ADairy, Eggs & Fridge_SACheese_ICheer Mozzarella Cheese Block | 400g",Cheer Mozzarella Cheese Block | 400g,Cheer,"Dairy, Eggs & Fridge",Cheese,Block cheese,,$9.00,,,$22.50 per 1kg,7648498,"CHEER Cheese 400g Mozzarella Cheese Block is a delicious fridge staple, perfect for when you want the option for sliced cheese or grated cheese ! With a mild creamy flavour, CHEER Cheese 400g Mozzarella Cheese Block is perfectly stretchy for use in cooking. Enjoy by cutting CHEER Mozzarella Cheese Block into cheese slices for paninis and toasties or use it as grated cheese, for sprinkling over lasagne!- 400g Mozzarella cheese block- Made in Australia from 100% Australian cow's milk- Preservative free- Mild creamy cheese flavour",,,"Per 100g/ml
Per Serving
%DI
Energy
1410kJ
353kJ
4%
Protein
27.1g
6.8g
14%
Total Fat
25.2g
6.3g
9%
Saturated Fat
17.7g
4.4g
18%
Carbohydrate
<1g
<1g
1%
Sugars
<1g
<1g
1%
Calcium
880mg
220mg
28%
Sodium
510mg
128mg
5%
* Percentage Daily Intakes are based on an average adult diet of 8700 kJ. Your daily intakes may be higher or lower depending on your energy needs.","Pasteurised milk, starter cultures (milk), salt, non-animal rennet.",https://www.coles.com.au/product/cheer-mozzarella-cheese-block-400g-7648498,,,2024-06-16T22:40:18.363293-04:00
"Ind54SColes_ADairy, Eggs & Fridge_SACheese_IPerfect Italiano 4 Cheese Melt | 450g",Perfect Italiano 4 Cheese Melt | 450g,Perfect Italiano,"Dairy, Eggs & Fridge",Cheese,Grated cheese,,$9.50,,,$21.11 per 1kg,7602067,"Perfect Italiano Cheese Perfect Melt Shredded 450g
4 cheeses for a golden melt",,,"Per 100g/ml
Per Serving
%DI
Energy
1370kJ
343kJ
4%
Protein
26.0g
6.5g
13%
Total Fat
25.0g
6.2g
9%
Saturated Fat
15.9g
4.0g
17%
Carbohydrate
less than 1g
less than 1g
0%
Sugars
less than 1g
less than 1g
0%
Calcium
814mg
203mg
Sodium
637mg
159mg
7%
* Percentage Daily Intakes are based on an average adult diet of 8700 kJ. Your daily intakes may be higher or lower depending on your energy needs.",,https://www.coles.com.au/product/perfect-italiano-4-cheese-melt-450g-7602067,,,2024-06-16T22:40:29.410267-04:00
"Ind54SColes_ADairy, Eggs & Fridge_SACheese_IMainland Cheese Slices Swiss | 180g",Mainland Cheese Slices Swiss | 180g,Mainland,"Dairy, Eggs & Fridge",Cheese,Sliced cheese,,$6.00,,,$33.34 per 1kg,5415375,"At Mainland we know good things take time, so our convenient range of slices are crafted with the same care, time, and effort as all our cheeses. They really are a slice off the old block.

Mainland Swiss is a sweet traditional Swiss-style cheese, with rich and nutty flavours and holey in appearance.
Sweet & Nutty",,,"Per 100g/ml
Per Serving
%DI
Energy
1640kJ
295kJ
Protein
26.7g
4.8g
Total Fat
31.6g
5.7g
5.7g
Saturated Fat
19.0g
3.4g
Carbohydrate
Less than 1g
Less than 1g
Sugars
Less than 1g
Less than 1g
Calcium
882mg
159mg
20% RDI*
Sodium
315mg
57mg
* Percentage Daily Intakes are based on an average adult diet of 8700 kJ. Your daily intakes may be higher or lower depending on your energy needs.",,https://www.coles.com.au/product/mainland-cheese-slices-swiss-180g-5415375,,,2024-06-16T22:40:40.319332-04:00
"Ind54SColes_ADairy, Eggs & Fridge_SACheese_IColes Tasty Cheese & Crackers | 50g",Coles Tasty Cheese & Crackers | 50g,Coles,"Dairy, Eggs & Fridge",Cheese,Cheese snacks,,$1.90,,,$3.80 per 100g,2073060,TASTY CHEESE & CRACKERS Delicious slices of Australian tasty cheddar with plain water crackers MATURE 3 STRENGTH 5 slices & 5 crackers,,,"Per 100g/ml
Per Serving
%DI
Energy
1628.5
814.25
Protein
21.3
10.65
Total Fat
23.8
11.9
Carbohydrate
21
10.5
Sugars
0.9
0.45
Calcium
540
270
Sodium
640
320
Saturated
16.2
8.1
Energy (Cal)
389.59
194.8
Dietary Fibre (total)
3.6
1.8
Trans
0.8
0.4
* Percentage Daily Intakes are based on an average adult diet of 8700 kJ. Your daily intakes may be higher or lower depending on your energy needs.",,https://www.coles.com.au/product/coles-tasty-cheese-and-crackers-50g-2073060,,,2024-06-16T22:40:51.392930-04:00
"Ind54SColes_ADairy, Eggs & Fridge_SACheese_ILa Casa Del Formaggio Cherry Bocconcini Cheese | 220g",La Casa Del Formaggio Cherry Bocconcini Cheese | 220g,La Casa Del Formaggio,"Dairy, Eggs & Fridge",Cheese,Gourmet Cheese,,$6.00,,,$27.27 per 1kg,8981415,"Cherry Bocconcini is perfect on skewers with tomato and basil, or to be tossed through a salad. Make an entree by dipping into flour, egg and breadcrumbs before deep frying or put in the middle of your meaballs. Cherry Bocconcini are 10g sized small balls of fresh mozzarella. Bocconcini is a type of Pasta Filata or stretched curd, which is a delicately flavoured fresh cheese that has a texture very similar to al dente pasta. It is used to carry other flavours such as fresh herbs and extra virgin olive oil in salads.",,,"Per 100g/ml
Per Serving
%DI
Energy
1110kJ
488kJ
Protein
17.9g
7.9g
Total Fat
20.3g
8.9g
Saturated Fat
14.3g
6.3g
Carbohydrate
3.4g
1.5g
Sugars
<1g
<1g
Calcium
396mg
174mg
21%
Sodium
74mg
33mg
* Percentage Daily Intakes are based on an average adult diet of 8700 kJ. Your daily intakes may be higher or lower depending on your energy needs.",,https://www.coles.com.au/product/la-casa-del-formaggio-cherry-bocconcini-cheese-220g-8981415,,,2024-06-16T22:41:02.577006-04:00
"Ind54SColes_ADairy, Eggs & Fridge_SACheese_IPhiladelphia Dairy Cream Cheese Original Block 2 Pack | 500g",Philadelphia Dairy Cream Cheese Original Block 2 Pack | 500g,Philadelphia,"Dairy, Eggs & Fridge",Cheese,Cream cheese & spreads,,$10.00,,,$20.00 per 1kg,5081291,"Philadelphia twin block offers great value. With 2x 250g blocks, it is the essential ingredient for an indulgent cheesecake. Philadelphia Original blocks is also perfect for a delicious tart or as frosting and icing for any of your favourite desserts. Philadelphia is highly versatile and can be enjoyed by the whole family and it's the perfect choice for all things cheesy and creamy.
Deliciously Creamy

Philadelphia is made in Australia since 1956

Natural ingredients

No artificial colours or flavours

Made with at least 95% Australian ingredients",,,,"Natural Ingredients. Milk, Cream (From Milk), Milk Solids, Salt, Vegetable Gums (Locust Bean And/Or Guar), Starter Culture, Processing Aids (Contain Milk).",https://www.coles.com.au/product/philadelphia-dairy-cream-cheese-original-block-2-pack-500g-5081291,,,2024-06-16T22:41:12.798956-04:00
"Ind54SColes_ADairy, Eggs & Fridge_SACheese_IColes Light Ricotta | 375g",Coles Light Ricotta | 375g,Coles,"Dairy, Eggs & Fridge",Cheese,Brie & soft cheese,,$3.60,,,$9.60 per 1kg,2212688,Made with Australian Milk,,,"Per 100g/ml
Per Serving
%DI
Energy
427
128
1
Protein
9.8
2.9
6
Total Fat
5.30
1.59
2
Saturated Fat
3.5
1.1
5
Carbohydrate
3.80
1.14
0
Sugars
3.70
1.11
1
Sodium
231
69
3
Energy (Cal)
102
31
Dietary Fibre (total)
0.00
0.00
0
* Percentage Daily Intakes are based on an average adult diet of 8700 kJ. Your daily intakes may be higher or lower depending on your energy needs.",,https://www.coles.com.au/product/coles-light-ricotta-375g-2212688,,,2024-06-16T22:41:24.350288-04:00
"Ind54SColes_ADairy, Eggs & Fridge_SACheese_IColes Swiss Style Cheese Slices | 200g",Coles Swiss Style Cheese Slices | 200g,Coles,"Dairy, Eggs & Fridge",Cheese,Sliced cheese,,$4.90,,,$24.50 per 1kg,1462544,10 cheese slices mild with a smooth & nutty finish,,,"Per 100g/ml
Per Serving
%DI
Energy
1441
288.2
Protein
26
5.2
Total Fat
27
5.4
Carbohydrate
0
0
Sugars
0
0
Calcium
890
178
Sodium
550
110
Saturated
18.6
3.72
Energy (Cal)
344.74
68.95
Dietary Fibre (total)
0
0
* Percentage Daily Intakes are based on an average adult diet of 8700 kJ. Your daily intakes may be higher or lower depending on your energy needs.",,https://www.coles.com.au/product/coles-swiss-style-cheese-slices-200g-1462544,,,2024-06-16T22:41:35.665308-04:00
"Ind54SColes_ADairy, Eggs & Fridge_SACheese_ICastello Danish Blue Extra Creamy | 100g",Castello Danish Blue Extra Creamy | 100g,Castello,"Dairy, Eggs & Fridge",Cheese,Blue cheese,,$4.50,,$5.80,$45.00 per 1kg,3560453,"A rich blue vein cheese with a sharp, nutty blue mould aroma and hints of marzipan. This is a great addition to any cheeseboard, but could also be used to make gourmet burgers and sandwiches, or crumbled in salads, pizzas or pastas. Goes really well with sweet fruit such as pears, as well as nuts and honey.",,,"Per 100g/ml
Per Serving
%DI
Energy
1650kJ
330kJ
Protein
17g
3.4g
Total Fat
37g
7.4g
Saturated Fat
23g
4.6g
Carbohydrate
<1g
<1g
Sugars
<1g
<1g
Sodium
1280mg
256mg
* Percentage Daily Intakes are based on an average adult diet of 8700 kJ. Your daily intakes may be higher or lower depending on your energy needs.",,https://www.coles.com.au/product/castello-danish-blue-extra-creamy-100g-3560453,,,2024-06-16T22:41:46.612308-04:00
"Ind54SColes_ADairy, Eggs & Fridge_SACheese_ICheer Colby Cheese Slices | 250g",Cheer Colby Cheese Slices | 250g,Cheer,"Dairy, Eggs & Fridge",Cheese,Sliced cheese,,$7.30,,,$29.20 per 1kg,7648590,"NEW CHEER Cheese slices - refill pack! Now with 80% less plastic* and available in all 250g cheese slice variants. Bring a little CHEER, with a lot less plastic. Simply BYO container and help us save the extra plastic! *Compared to the weight of previous CHEER Slices 250g packagingCHEER Cheese 250g Colby Cheese Slices are perfect for lunch box sandwiches on the go or to create delicious cheesy toasties at home! With a smooth and creamy cheese flavour and 16 slice pack, CHEER Colby Cheese Slices are perfect for cooking and melting.- 16 Colby cheese slices - Simply BYO container and help us save the extra plastic! - Made in Australia from 100% Australian cow's milk- Vegetarian friendly- Preservative free- Smooth and deliciously creamy",,,"Per 100g/ml
Per Serving
%DI
Energy
1640kJ
262kJ
3%
Protein
24.5g
3.9g
8%
Total Fat
32.5g
5.2g
7%
Saturated Fat
22.5g
3.6g
15%
Carbohydrate
<1g
<1g
1%
Sugars
<1g
<1g
1%
Calcium
720mg
115mg
14%
Sodium
590mg
94mg
4%
* Percentage Daily Intakes are based on an average adult diet of 8700 kJ. Your daily intakes may be higher or lower depending on your energy needs.",,https://www.coles.com.au/product/cheer-colby-cheese-slices-250g-7648590,,,2024-06-16T22:41:57.431018-04:00
"Ind54SColes_ADairy, Eggs & Fridge_SACheese_IThe Laughing Cow Cheese Spread | 128g",The Laughing Cow Cheese Spread | 128g,The Laughing Cow,"Dairy, Eggs & Fridge",Cheese,Cheese snacks,,$5.00,,,$39.06 per 1kg,7646109,,,,,,https://www.coles.com.au/product/the-laughing-cow-cheese-spread-128g-7646109,,,2024-06-16T22:42:06.073540-04:00
"Ind54SColes_ADairy, Eggs & Fridge_SACheese_IColes Double Cream Camembert | 200g",Coles Double Cream Camembert | 200g,Coles,"Dairy, Eggs & Fridge",Cheese,Brie & soft cheese,,$5.50,,,$27.50 per 1kg,2801736,Smooth & creamy soft ripened cheese crafted in Gippsland using Australian milk. A perfect addition to any platter.,,,"Per 100g/ml
Per Serving
%DI
Energy
1396.30
349.08
Protein
17.20
4.30
Carbohydrate
0.90
0.23
Sugars
0.10
0.03
Calcium
507.00
126.75
Sodium
528.00
132.00
Saturated
20.50
5.13
Energy (Cal)
334.04
83.51
Fat
29.40
7.35
Dietary Fibre (total)
0.10
0.03
* Percentage Daily Intakes are based on an average adult diet of 8700 kJ. Your daily intakes may be higher or lower depending on your energy needs.","INGREDIENTS:PasteurisedMilk, Salt, Cultures (Milk), Enzyme (Vegetarian Rennet).",https://www.coles.com.au/product/coles-double-cream-camembert-200g-2801736,,,2024-06-16T22:42:17.343756-04:00
"Ind54SColes_ADairy, Eggs & Fridge_SACheese_IPerfect Italiano Grated Cheese Perfect Melt | 250g",Perfect Italiano Grated Cheese Perfect Melt | 250g,Perfect Italiano,"Dairy, Eggs & Fridge",Cheese,Grated cheese,,$6.50,,,$26.00 per 1kg,6138157,,,,,,https://www.coles.com.au/product/perfect-italiano-grated-cheese-perfect-melt-250g-6138157,,,2024-06-16T22:42:26.292461-04:00
"Ind54SColes_ADairy, Eggs & Fridge_SADairy, chilled & frozen_IPerfect Italiano Cheese Extra Sharp Grated Parmesan | 125g",Perfect Italiano Cheese Extra Sharp Grated Parmesan | 125g,Perfect Italiano,"Dairy, Eggs & Fridge","Dairy, chilled & frozen",Cheese & yoghurt,,$4.00,,,"$32.00 per 1kg
Was $4.50 on May 2024",6577000,"Perfect Italiano Cheese Extra Sharp Grated Parmesan 125g
It's an easy way to add delicious flavour to pasta, salad or risotto.

Strong & Bitey flavour",,,"Per 100g/ml
Per Serving
%DI
Energy
1580kJ
158kJ
2%
Protein
32.6g
3.3g
7%
Total Fat
27.2g
2.7g
4%
Saturated Fat
16.3g
1.6g
7%
Carbohydrate
Less than 1g
Less than 1g
0%
Sugars
Less than 1g
Less than 1g
0%
Calcium
950mg
95mg
12% RDI*
Sodium
846mg
85mg
4%
* Percentage Daily Intakes are based on an average adult diet of 8700 kJ. Your daily intakes may be higher or lower depending on your energy needs.",,https://www.coles.com.au/product/perfect-italiano-cheese-extra-sharp-grated-parmesan-125g-6577000,,,2024-06-16T22:42:38.414068-04:00
"Ind54SColes_ADairy, Eggs & Fridge_SACheese_IBega Natural 25% Red Fat Tasty Slices 30 pack | 500g",Bega Natural 25% Red Fat Tasty Slices 30 pack | 500g,Bega,"Dairy, Eggs & Fridge",Cheese,Sliced cheese,,$11.00,,,$22.00 per 1kg,9184139,Bega Cheese So Light Tasty Slices 500g,,,"Per 100g/ml
Per Serving
%DI
Energy
1430kJ
243kJ
3%
Protein
30.3g
5.2g
11%
Total Fat
24.6g
4.2g
6%
Saturated Fat
14.8g
2.5g
11%
Carbohydrate
Less than 1g
Less than 1g
0%
Sugars
Less than 1g
Less than 1g
0%
Calcium
870mg
Sodium
680mg
116mg
4%
* Percentage Daily Intakes are based on an average adult diet of 8700 kJ. Your daily intakes may be higher or lower depending on your energy needs.",,https://www.coles.com.au/product/bega-natural-25percent-red-fat-tasty-slices-30-pack-500g-9184139,,,2024-06-16T22:42:49.450266-04:00
"Ind54SColes_ADairy, Eggs & Fridge_SACheese_IMainland Munchables Cheese & Rice Crackers 4 Pack | 96g",Mainland Munchables Cheese & Rice Crackers 4 Pack | 96g,Mainland,"Dairy, Eggs & Fridge",Cheese,Cheese snacks,,$5.50,,$7.00,$5.73 per 100g,3273597,"Mainland Munchables Cheese & Rice Crackers 96g
100% Natural Tasty Cheese",,,"Per 100g/ml
Per Serving
%DI
Energy
1740
418kJ
Protein
20.8
5.0g
Total Fat
29.4
7.0g
Saturated Fat
29.4
4.1g
Carbohydrate
17.2
4.1g
Sugars
LESS THAN 1
LESS THAN 1g
Calcium
600
144mg
18% RDI *
Sodium
656
157mg
* Percentage Daily Intakes are based on an average adult diet of 8700 kJ. Your daily intakes may be higher or lower depending on your energy needs.",,https://www.coles.com.au/product/mainland-munchables-cheese-and-rice-crackers-4-pack-96g-3273597,,,2024-06-16T22:43:01.186113-04:00
"Ind54SColes_ADairy, Eggs & Fridge_SACheese_ICremeux Truffle Brie | 180g",Cremeux Truffle Brie | 180g,Cremeux,"Dairy, Eggs & Fridge",Cheese,Brie & soft cheese,,$10.00,,,$55.56 per 1kg,3885866,"Cremeux Truffle Brie 180g. Infused with the deep earthy flavour of truffle, this cheese will make you feel like you are eating brie in luxury. This cheese is for any cheese-lover who wants to get that stronger burst of flavour from their brie!",,,,"Cow's Milk, Cream, Non-Animal Rennet, Truffle 0.02% (Truffle & Truffle Flavour), Cultures, Salt",https://www.coles.com.au/product/cremeux-truffle-brie-180g-3885866,,,2024-06-16T22:43:10.211509-04:00
"Ind54SColes_ADairy, Eggs & Fridge_SACheese_IColes Smooth Blue Cheese | 150g",Coles Smooth Blue Cheese | 150g,Coles,"Dairy, Eggs & Fridge",Cheese,Blue cheese,,$5.50,,,$36.67 per 1kg,3991728,Soft and Buttery blue veined cheese with a mild finish,,,"Per 100g/ml
Per Serving
%DI
Energy
1809
452.25
Protein
14
3.5
Total Fat
42
10.5
Carbohydrate
1
0.25
Sugars
0.1
0.03
Calcium
330
82.5
Sodium
650
162.5
Saturated
27
6.75
Energy (Cal)
432.78
108.19
Dietary Fibre (total)
0
0
Trans
2.5
0.63
Cholesterol
100
25
* Percentage Daily Intakes are based on an average adult diet of 8700 kJ. Your daily intakes may be higher or lower depending on your energy needs.","INGREDIENTS: Pasteurised Milk, Cream (Milk), Salt, Starter Culture (Milk), Enzyme (Vegetarian Rennet), Maturing Culture, Blue Mould Culture.",https://www.coles.com.au/product/coles-smooth-blue-cheese-150g-3991728,,,2024-06-16T22:43:21.266833-04:00
"Ind54SColes_ADairy, Eggs & Fridge_SACheese_IColes Dutch Edam | 230g",Coles Dutch Edam | 230g,Coles,"Dairy, Eggs & Fridge",Cheese,Firm cheese,,$6.00,,,$26.09 per 1kg,3796380,Smooth Dutch cheese with a mild buttery flavour. Excellent for melting.Range Callout - GOURMET SELECTIONServing SuggestionWeight Statement 230g,,,"Per 100g/ml
Per Serving
%DI
Energy
1331.40
399.42
Protein
26.30
7.89
Total Fat
23.90
7.17
Saturated Fat
16.60
4.98
Carbohydrate
0.00
0.00
Sugars
0.00
0.00
Sodium
984.00
295.20
Energy (Cal)
318.52
95.56
Dietary Fibre (total)
0.00
0.00
* Percentage Daily Intakes are based on an average adult diet of 8700 kJ. Your daily intakes may be higher or lower depending on your energy needs.",,https://www.coles.com.au/product/coles-dutch-edam-230g-3796380,,,2024-06-16T22:43:32.686696-04:00
"Ind54SColes_ADairy, Eggs & Fridge_SACheese_ITasmanian Heritage Little Entertainers Camembert | 80g",Tasmanian Heritage Little Entertainers Camembert | 80g,Tasmanian Heritage,"Dairy, Eggs & Fridge",Cheese,Brie & soft cheese,,$4.80,Pick any 3 for $12,,$60.00 per 1kg,5441681,"Tasmanian Heritage Camembert has a wonderfully satisfying smooth, mild and delicate flavour. Its rind has a dense, even white mould covering, with a slight mushroom aroma, revealing a silky yet firm and pale centre. Available in a smaller 80g serving, perfect for smaller cheese boards for up to 3 people.",,,"Per 100g/ml
Per Serving
%DI
Energy
1350kJ
338kJ
0%
Protein
20.6g
5.2g
0%
Total Fat
27.1g
6.8g
0%
Saturated Fat
18.9g
4.7g
0%
Carbohydrate
<1g
<1g
0%
Sugars
<1g
<1g
0%
Calcium
680mg
170mg
0%
Sodium
525mg
131mg
0%
* Percentage Daily Intakes are based on an average adult diet of 8700 kJ. Your daily intakes may be higher or lower depending on your energy needs.",,https://www.coles.com.au/product/tasmanian-heritage-little-entertainers-camembert-80g-5441681,,,2024-06-16T22:43:43.619987-04:00
"Ind54SColes_ADairy, Eggs & Fridge_SAPrimo_IPrimo Stacker Chicken Cheese & Rice Crackers | 45g",Primo Stacker Chicken Cheese & Rice Crackers | 45g,Primo,"Dairy, Eggs & Fridge",Primo,Crackers & Snacks,,$4.50,,,$10.00 per 100g,3756987,A delicious trio combination of Sliced Chicken with Rice Crackers and Mild Cheddar Cheese to make up a convenient and tasty snack.,,,"Per 100g/ml
Per Serving
%DI
Energy
1060kJ
477kJ
5%
Protein
16.6g
7.5g
15%
Total Fat
14.1g
6.3g
9%
Saturated Fat
8.4g
3.8g
16%
Carbohydrate
15.1g
6.8g
2%
Sugars
Less than 1g
Less than 1g
<1%
Sodium
760mg
342mg
* Percentage Daily Intakes are based on an average adult diet of 8700 kJ. Your daily intakes may be higher or lower depending on your energy needs.","Chicken [Chicken Breast, Water, Modified Starch (1414 Maize or Tapioca), Acidity Regulators (326, 262), Salt, Sugar, Soy Protein, Mineral Salt (451), Vegetable Gum (407), Natural Flavours, Preservative (223)], Mild Cheddar Cheese [Pasteurised Milk, Salt, Cultures, Enzyme (Non-Animal Rennet)], Rice Crackers [Rice, Vegetable Oil, Salt].",https://www.coles.com.au/product/primo-stacker-chicken-cheese-and-rice-crackers-45g-3756987,,,2024-06-16T22:43:54.649828-04:00
"Ind54SColes_ADairy, Eggs & Fridge_SACheese_IBega Strong & Bitey Vintage Cheese Slices 15x250g | 250g",Bega Strong & Bitey Vintage Cheese Slices 15x250g | 250g,Bega,"Dairy, Eggs & Fridge",Cheese,Sliced cheese,,$7.50,,,$30.00 per 1kg,9759365,Bega Cheese Strong & Bitey Vintage Slices 250g,,,"Per 100g/ml
Per Serving
%DI
Energy
1700kJ
289kJ
3%
Protein
25.0g
4.3g
8%
Total Fat
34.0g
5.8g
8%
Saturated Fat
21.5g
3.7g
17%
Carbohydrate
Less than 1g
Less than 1g
0%
Sugars
Less than 1g
Less than 1g
0%
Calcium
730mg
Sodium
715mg
122mg
5%
* Percentage Daily Intakes are based on an average adult diet of 8700 kJ. Your daily intakes may be higher or lower depending on your energy needs.","Milk, Salt, Cultures, Enzyme (Non-Animal Rennet). Vegetarian Suitable.",https://www.coles.com.au/product/bega-strong-and-bitey-vintage-cheese-slices-15x250g-250g-9759365,,,2024-06-16T22:44:06.312268-04:00
"Ind54SColes_ADairy, Eggs & Fridge_SAPrimo_IPrimo Cheesy Kabana Cheddar Shapes & Tasy Cheese | 53g",Primo Cheesy Kabana Cheddar Shapes & Tasy Cheese | 53g,Primo,"Dairy, Eggs & Fridge",Primo,Crackers & Snacks,,$4.50,,,$8.49 per 100g,5421607,"A delicious trio combination of Primo Cheesy Kabana, Tasty cheese and Arnott's Shapes Cheddar crackers
Irresistible mix: a perfect snack for cheesy lovers

Satisfying, convenient, on the go snack for anytime, anywhere

Source of protein

No artifical flavours",,,"Per 100g/ml
Per Serving
%DI
Energy
1450kj
767kj
9%
Protein
16.3g
8.7g
17&
Total Fat
22.2g
11.8g
17%
Saturated Fat
11.3g
6.0g
25%
Carbohydrate
19.8g
10.5g
3%
Sugars
Less than 1g
Less than 1g
<1%
Sodium
927mg
491mg
21%
* Percentage Daily Intakes are based on an average adult diet of 8700 kJ. Your daily intakes may be higher or lower depending on your energy needs.","Cheesy Kabana [Meat Including Pork, Cure [Potato Starch, Salt, Dextrose (Maize or Tapioca), Spices, Mineral Salts (450, 451, 452), Antioxidant (316), Spice Extract (160c), Dried Vegetables (Including Garlic, Onion), Sugar, Preservative (250), Yeast Extract], Water, Processed Cheese [Water, Modified Potato Starch (1404, 1420), Cheese (Milk, Salt, Starter Culture, Enzyme), Butter (Milk), Milk Proteins, Salt, Yeast Extract, Emulsifier (339), Acidity Regulator (330), Colour (160a), Preservative (200)], Acidity Regulators (326, 262), Soy Protein, Edible Beef Collagen Casing, Colours (150c, 100, 160b), Wood Smoke], Tasty Cheese [Milk, Salt, Starter Cultures, Enzyme (Non-Animal Rennet), AntiCaking Agent (460), Preservative (200)], Cheddar Shapes [Wheat Flour, Cheddar Cheese [Milk Solids, Salt], Vegetable Oil [Antioxidant (307b Soy)], Pecorino Cheese (Milk), Salt, Yeast, Yeast Extract (Barley, Wheat), Malt Extract (Barley), Wheat Starch, Sugar, Natural Flavour, Baking Powder [Raising Agent (500)], Worcestershire Sauce, Cheese Powder (Milk), Rye Flour, Milk Solids, Spice, Vegetable Protein Extract, Emulsifier (322 Soy)].",https://www.coles.com.au/product/primo-cheesy-kabana-cheddar-shapes-and-tasy-cheese-53g-5421607,,,2024-06-16T22:44:17.464962-04:00
"Ind54SColes_ADairy, Eggs & Fridge_SAPrimo_IPrimo Cabanossi Barbeque Shapes & Tasty Cheese | 50g",Primo Cabanossi Barbeque Shapes & Tasty Cheese | 50g,Primo,"Dairy, Eggs & Fridge",Primo,Crackers & Snacks,,$4.50,,,$9.00 per 100g,5420943,"A delicious trio combination of Primo Cabanossi, Tasty cheese cubes and Arnott's Shapes Original BBQ crackers
Irresistible flavour trifecta mix

Convenient on the go snack

Source of Protein

No artificial flavours",,,"Per 100g/ml
Per Serving
%DI
Energy
1550
773
9%
Protein
16.8
8.4
17
Total Fat
27.1
13.6
19
Saturated Fat
12.7
6.4
26
Carbohydrate
15
7.5
2
Sugars
<1g
<1g
<1%
Sodium
799mg
399mg
17
* Percentage Daily Intakes are based on an average adult diet of 8700 kJ. Your daily intakes may be higher or lower depending on your energy needs.",,https://www.coles.com.au/product/primo-cabanossi-barbeque-shapes-and-tasty-cheese-50g-5420943,,,2024-06-16T22:44:28.450828-04:00
"Ind54SColes_ADairy, Eggs & Fridge_SACheese_IMainland Creamy Caramelised Onion | 40g",Mainland Creamy Caramelised Onion | 40g,Mainland,"Dairy, Eggs & Fridge",Cheese,Cheese snacks,,$3.00,Pick any 2 for $5,,$7.50 per 100g,6796605,"Mainland Creamy Cheese & Crackers Infused with Aged Cheddar Caramelised Onion 40g
Made with Aged Cheddar

Creamy Cheese & Crackers infused with Aged Cheddar & Caramelised Onion",,,"Per 100g/ml
Per Serving
%DI
Energy
1510kJ
604kJ
7%
Protein
9.9g
3.9g
8%
Total Fat
21.2g
8.5g
12%
Saturated Fat
13.2g
5.3g
22%
Carbohydrate
31.7g
12.7g
4%
Sugars
1.6g
less than 1.0g
1%
Sodium
584mg
234mg
10%
Monounsaturated
0
0
0
Dietary Fibre (total)
0
0
0
Polyunsaturated
0
0
0
Trans
0
0
0
* Percentage Daily Intakes are based on an average adult diet of 8700 kJ. Your daily intakes may be higher or lower depending on your energy needs.",,https://www.coles.com.au/product/mainland-creamy-caramelised-onion-40g-6796605,,,2024-06-16T22:44:39.447142-04:00
"Ind54SColes_ADairy, Eggs & Fridge_SAVegetarian & vegan_IBio Original Cheese Block | 200g",Bio Original Cheese Block | 200g,Bio,"Dairy, Eggs & Fridge",Vegetarian & vegan,Veggie Burgers & Sausages,,$7.00,,,$35.00 per 1kg,2212575,"The product that began it all! MyLife BioCheese Original is ideal for cooking and snacking, or even as part of a BioCheese platter! With a delicious versatile flavour, MyLife BioCheese Original can be melted, grated or sliced into all your favourite savoury dishes. You won't believe it's dairy free!
Vegan Friendly

Vegetarian

Gluten Free

Soya Free

Lactose Free

Palm Oil Free.

Plant-Based.

GMO Free.",,,"Per 100g/ml
Per Serving
%DI
Energy
1130
339
Protein
0
0
Total Fat
21
6.3
Saturated Fat
19
5.7
Carbohydrate
21
6.3
Sugars
0
0
Sodium
920
276
Energy (Cal)
270
81
Trans
0.21
0.05
* Percentage Daily Intakes are based on an average adult diet of 8700 kJ. Your daily intakes may be higher or lower depending on your energy needs.",,https://www.coles.com.au/product/bio-original-cheese-block-200g-2212575,,,2024-06-16T22:44:50.321766-04:00
"Ind54SColes_ADairy, Eggs & Fridge_SACheese_IRiverina Haloumi Basil | 180g",Riverina Haloumi Basil | 180g,Riverina,"Dairy, Eggs & Fridge",Cheese,Gourmet Cheese,,$6.60,,,$36.67 per 1kg,3757425,"Award Winning, 100% Australian Owned Haloumi!

Our Basil Infused Haloumi is made using the highest quality milk from our own farm, situated on the fertile banks of the Murray River at Corowa, NSW.

Delicious basil leaves are infused through the cheese for a slight twist on our delicious haloumi. Delicious on its own when barbequed or added cooked to salads. Add to skewers, with vegetables and meat. Larger slices are great fried and added to burgers or it can be used in baking as a grated cheese on potatoes or pizzas. Endless possibilities!
100% Australian Owned & Made

All Natural Ingredients

Infused with Fresh Basil

Award Winning",,,"Per 100g/ml
Per Serving
%DI
Energy
1315kJ
592kJ
Protein
21g
9.4g
Total Fat
23.6g
10.6g
Saturated Fat
16.2g
7.3g
Carbohydrate
5g
2.2g
Sugars
1.8g
0.8g
Calcium
660mg
297mg
Sodium
1000mg
450mg
* Percentage Daily Intakes are based on an average adult diet of 8700 kJ. Your daily intakes may be higher or lower depending on your energy needs.",,https://www.coles.com.au/product/riverina-haloumi-basil-180g-3757425,,,2024-06-16T22:45:01.746059-04:00
"Ind54SColes_ADairy, Eggs & Fridge_SACheese_IMainland Cheese On The Go Lunch Caramelised Onion | 110g",Mainland Cheese On The Go Lunch Caramelised Onion | 110g,Mainland,"Dairy, Eggs & Fridge",Cheese,Cheese snacks,,$5.50,,,$5.00 per 100g,2984228,Mainland Cheese On The Go Lunch Caramelised Onion 110g,,,"Per 100g/ml
Per Serving
%DI
Energy
1560kJ
1710kJ
20%
Protein
12.6g
13.9g
28%
Total Fat
20.8g
22.9g
33%
Saturated Fat
11.5g
12.7g
53%
Carbohydrate
32.7g
36.0g
12%
Sugars
12.4g
13.6g
15%
Calcium
276mg
304mg
38% RDI*
Sodium
672mg
739mg
32%
Energy (Cal)
37Cal
409Cal
* Percentage Daily Intakes are based on an average adult diet of 8700 kJ. Your daily intakes may be higher or lower depending on your energy needs.","Tasty Cheddar Cheese (36%) (Milk, Salt, Cultures, Enzyme (Non-Animal Rennet)), Wheat Crackers (36%) (Wheat Flour, Wheat Bran, Vegetable Shortening (Emulsifier (322) (From Soy), Antioxidant (3070, Acidity Regulator (330)), Sugar, Raising Agents (503, 500, 450), Glucose, Salt), Caramelised Onion Relish (28%) (Onion (40%), Sugar, Vinegar, Molasses, Malt Extract, Thickeners (1442, 440), Sea Salt, Herbs, Spices).",https://www.coles.com.au/product/mainland-cheese-on-the-go-lunch-caramelised-onion-110g-2984228,,,2024-06-16T22:45:12.974867-04:00
"Ind54SColes_ADairy, Eggs & Fridge_SA_IMil Lel Parmesan Cheese Block | 250g",Mil Lel Parmesan Cheese Block | 250g,Mil Lel,"Dairy, Eggs & Fridge",,,,$10.45,,,$41.80 per 1kg,3274603,Our MIL LEL Parmesan is expertly crafted from the finest ingredients. This award winning full-flavoured robust cheese is perfect addition to any occasion or meal.,,,"Per 100g/ml
Per Serving
%DI
Energy
1540kJ
385kJ
0%
Protein
31.3g
7.8g
0%
Total Fat
26.8g
6.7g
0%
Saturated Fat
17.4g
4.4g
0%
Carbohydrate
<1g
<1g
0%
Sugars
<1g
<1g
0%
Calcium
1540mg
385mg
48%
Sodium
1120mg
280mg
0%
* Percentage Daily Intakes are based on an average adult diet of 8700 kJ. Your daily intakes may be higher or lower depending on your energy needs.",,https://www.coles.com.au/product/mil-lel-parmesan-cheese-block-250g-3274603,,,2024-06-16T22:45:24.892295-04:00
"Ind54SColes_ADairy, Eggs & Fridge_SA_IMeredith Goats Cheese Chevre | 80g",Meredith Goats Cheese Chevre | 80g,Meredith,"Dairy, Eggs & Fridge",,,,$5.50,,,$68.75 per 1kg,3275945,"Meredith Dairy Fresh Goat Cheese is incredibly versatile. Its pure, delicate and wonderfully creamy taste is achieved by processing our goat milk when it is just hours old! The result is a perfect harmony of subtle salt and citrus flavour in a light, fluffy texture. Our 80g Original Goat Cheese is perfect for singles, packed work lunches and picnics with crackers and bread.",,,"Per 100g/ml
Per Serving
%DI
Energy
1110
222
Protein
15.1
3.0
Total Fat
22.5
4.5
Saturated Fat
14.9
3.0
Carbohydrate
1.6
0.3
Sugars
1.6
0.3
Calcium
79
16
Sodium
420mg
84mg
* Percentage Daily Intakes are based on an average adult diet of 8700 kJ. Your daily intakes may be higher or lower depending on your energy needs.",,https://www.coles.com.au/product/meredith-goats-cheese-chevre-80g-3275945,,,2024-06-16T22:45:36.833309-04:00
"Ind54SColes_ADairy, Eggs & Fridge_SACheese_IPerfect Italiano Original Ricotta Soft Cheese Tub | 250g",Perfect Italiano Original Ricotta Soft Cheese Tub | 250g,Perfect Italiano,"Dairy, Eggs & Fridge",Cheese,Brie & soft cheese,,$5.00,,,$20.00 per 1kg,181594,"Perfect Italiano Cheese Smooth Ricotta 250g
Smooth and creamy, perfect in both your sweet and savoury dishes.",,,"Per 100g/ml
Per Serving
%DI
Energy
572kJ
715kJ
8%
Protein
8.7g
10.9g
22%
Total Fat
9.8g
12.2g
17%
Saturated Fat
6.9g
8.6g
36%
Carbohydrate
3.6g
4.5g
1%
Sugars
3.6g
4.5g
5%
Sodium
183mg
229mg
10%
* Percentage Daily Intakes are based on an average adult diet of 8700 kJ. Your daily intakes may be higher or lower depending on your energy needs.",,https://www.coles.com.au/product/perfect-italiano-original-ricotta-soft-cheese-tub-250g-181594,,,2024-06-16T22:45:48.536939-04:00
"Ind54SColes_ADairy, Eggs & Fridge_SACheese_IColes Dairy Colby Cheese Slices 12 Pack | 250g",Coles Dairy Colby Cheese Slices 12 Pack | 250g,Coles,"Dairy, Eggs & Fridge",Cheese,Sliced cheese,,$6.00,,,$24.00 per 1kg,7247191,Coles Australian dairy Colby cheese slices 12pk. A mild and creamy cheese with a strength indicator of 2 and fantastic in sandwiches or melted for the best grilled toastie.,,,"Per 100g/ml
Per Serving
%DI
Energy
1624.6
341.17
Protein
22.8
4.79
Carbohydrate
0.1
0.02
Sugars
0.1
0.02
Calcium
708
148.68
Sodium
706
148.26
Saturated
23.9
5.02
Energy (Cal)
388.66
81.62
Fat
33.3
6.99
Dietary Fibre (total)
0.4
0.08
* Percentage Daily Intakes are based on an average adult diet of 8700 kJ. Your daily intakes may be higher or lower depending on your energy needs.",,https://www.coles.com.au/product/coles-dairy-colby-cheese-slices-12-pack-250g-7247191,,,2024-06-16T22:46:00.433465-04:00
"Ind54SColes_ADairy, Eggs & Fridge_SACheese_IColes Havarti Cheese Slices | 200g",Coles Havarti Cheese Slices | 200g,Coles,"Dairy, Eggs & Fridge",Cheese,Sliced cheese,,$4.90,,,$24.50 per 1kg,1462555,10 cheese slices mild with a sweet finish,,,"Per 100g/ml
Per Serving
%DI
Energy
1387
277.4
Protein
25
5
Total Fat
26
5.2
Carbohydrate
0
0
Sugars
0
0
Calcium
800
160
Sodium
600
120
Saturated
16.6
3.32
Energy (Cal)
331.82
66.36
Dietary Fibre (total)
0
0
* Percentage Daily Intakes are based on an average adult diet of 8700 kJ. Your daily intakes may be higher or lower depending on your energy needs.",,https://www.coles.com.au/product/coles-havarti-cheese-slices-200g-1462555,,,2024-06-16T22:46:11.634384-04:00
"Ind54SColes_ADairy, Eggs & Fridge_SA_IKiri Cheese Cream | 108g",Kiri Cheese Cream | 108g,Kiri,"Dairy, Eggs & Fridge",,,,$4.85,,,$44.91 per 1kg,7646073,,,,,,https://www.coles.com.au/product/kiri-cheese-cream-108g-7646073,,,2024-06-16T22:46:20.640110-04:00
"Ind54SColes_ADairy, Eggs & Fridge_SACheese_IMoondarra Honey & Pistachio Cream Cheese | 120g",Moondarra Honey & Pistachio Cream Cheese | 120g,Moondarra,"Dairy, Eggs & Fridge",Cheese,Specialty & entertaining cheese,,$3.30,,$3.90,$27.50 per 1kg,3029767,"Australian made and Australian owned, Moondarra Honey & Pistachio 120g is the perfect sweet and crunchy combo, made with soft and creamy cheese, 100% Australian Honey, and roasted pistachio nuts",,,"Per 100g/ml
Per Serving
%DI
Energy
1620kJ
486kJ
Protein
9.3g
2.8g
Total Fat
35g
10.5g
Saturated Fat
23.9g
7.2g
Carbohydrate
10.1g
3g
Sugars
8.4g
2.5g
Sodium
419mg
126mg
* Percentage Daily Intakes are based on an average adult diet of 8700 kJ. Your daily intakes may be higher or lower depending on your energy needs.",,https://www.coles.com.au/product/moondarra-honey-and-pistachio-cream-cheese-120g-3029767,,,2024-06-16T22:46:33.197174-04:00
"Ind54SColes_ADairy, Eggs & Fridge_SACheese_IVagne Comte 8 Months | 175g",Vagne Comte 8 Months | 175g,Vagne,"Dairy, Eggs & Fridge",Cheese,Cheddar & tasty cheese,,$10.70,,,$61.15 per 1kg,5443315,,,,,,https://www.coles.com.au/product/vagne-comte-8-months-175g-5443315,,,2024-06-16T22:46:42.313257-04:00
"Ind54SColes_ADairy, Eggs & Fridge_SACheese_ITasmanian Heritage Camembert | 200g",Tasmanian Heritage Camembert | 200g,Tasmanian Heritage,"Dairy, Eggs & Fridge",Cheese,Brie & soft cheese,,$11.95,,,$59.75 per 1kg,7670410,"Tasmanian Heritage Camembert is a smooth, mellow soft white cheese and has a smooth and mild delicate flavour. It will continue to develop in flavour and soften in texture as it reaches the best before date. Take your Tasmanian Heritage cheese out of the fridge an hour before serving to ensure the best flavour and texture. Made with: 100% Tasmanian milk.Cheese Type: White MouldMilk: CowOrigin: TasmaniaServing Suggestion: Tasmanian Heritage Camembert is delicious served on a platter with fresh fruit and crackers.Wine Pairing: Best served with a fruity white wine, such as a Sauvignon Blanc.We also recommend including the Tasmanian Heritage Classic Blue.",,,"Per 100g/ml
Per Serving
%DI
Energy
1430kJ
358kJ
0%
Protein
19.9g
5g
0%
Total Fat
29g
7.3g
0%
Saturated Fat
21.2g
5.3g
0%
Carbohydrate
<1g
<1g
0%
Sugars
<1g
<1g
0%
Calcium
546mg
136mg
0%
Sodium
530mg
133mg
0%
* Percentage Daily Intakes are based on an average adult diet of 8700 kJ. Your daily intakes may be higher or lower depending on your energy needs.",,https://www.coles.com.au/product/tasmanian-heritage-camembert-200g-7670410,,,2024-06-16T22:46:53.490467-04:00
"Ind54SColes_ADairy, Eggs & Fridge_SACheese_IColes Mozzarella Shredded Cheese | 700g",Coles Mozzarella Shredded Cheese | 700g,Coles,"Dairy, Eggs & Fridge",Cheese,Grated cheese,,$10.00,,,$14.29 per 1kg,1413334,"1 is for very mild strength Very mild and stretchy, perfect for pizza, baked potato and lasagne.",,,"Per 100g/ml
Per Serving
%DI
Energy
1357.30
339.33
Protein
25.60
6.40
Carbohydrate
0.90
0.23
Sugars
0.80
0.20
Calcium
772.00
193.00
Sodium
481.00
120.25
Saturated
16.90
4.23
Energy (Cal)
324.71
81.18
Fat
24.40
6.10
Dietary Fibre (total)
0.50
0.13
* Percentage Daily Intakes are based on an average adult diet of 8700 kJ. Your daily intakes may be higher or lower depending on your energy needs.",,https://www.coles.com.au/product/coles-mozzarella-shredded-cheese-700g-1413334,,,2024-06-16T22:47:04.362164-04:00
"Ind54SColes_ADairy, Eggs & Fridge_SACheese_IMil Lel Extra Sharp Parmesan | 170g",Mil Lel Extra Sharp Parmesan | 170g,Mil Lel,"Dairy, Eggs & Fridge",Cheese,Grated cheese,,$6.20,,$6.90,$36.47 per 1kg,3843276,Our MIL LEL Parmesan is expertly crafted from the finest ingredients. This award winning full-flavoured robust cheese is perfect addition to any occasion or meal.,,,"Per 100g/ml
Per Serving
%DI
Energy
1540kJ
385kJ
0%
Protein
31.3g
7.8g
0%
Total Fat
26.8g
6.7g
0%
Saturated Fat
17.4g
4.4g
0%
Carbohydrate
<1g
<1g
0%
Sugars
<1g
<1g
0%
Calcium
1540mg
351mg
44%
Sodium
1120mg
280mg
0%
* Percentage Daily Intakes are based on an average adult diet of 8700 kJ. Your daily intakes may be higher or lower depending on your energy needs.",,https://www.coles.com.au/product/mil-lel-extra-sharp-parmesan-170g-3843276,,,2024-06-16T22:47:17.449787-04:00
"Ind54SColes_ADairy, Eggs & Fridge_SACheese_IColes Gouda Cheese Slices | 200g",Coles Gouda Cheese Slices | 200g,Coles,"Dairy, Eggs & Fridge",Cheese,Sliced cheese,,$4.90,,,$24.50 per 1kg,1462533,10 cheese slices mature with a fruity & nutty finsih,,,"Per 100g/ml
Per Serving
%DI
Energy
1435.5
287.1
Protein
23.5
4.7
Total Fat
28
5.6
Carbohydrate
0
0
Sugars
0
0
Calcium
790
158
Sodium
750
150
Saturated
19.5
3.9
Energy (Cal)
343.42
68.68
Dietary Fibre (total)
0
0
* Percentage Daily Intakes are based on an average adult diet of 8700 kJ. Your daily intakes may be higher or lower depending on your energy needs.",,https://www.coles.com.au/product/coles-gouda-cheese-slices-200g-1462533,,,2024-06-16T22:47:29.010805-04:00
"Ind54SColes_ADairy, Eggs & Fridge_SACheese_IBega Dairy Stringers Original Cheese 12 Pack | 240g",Bega Dairy Stringers Original Cheese 12 Pack | 240g,Bega,"Dairy, Eggs & Fridge",Cheese,Cheese snacks,,$7.20,,$9.20,$30.00 per 1kg,6081118,Bega Cheese Original Stringers 12pk,,,"Per 100g/ml
Per Serving
%DI
Energy
1300kJ
260kJ
Protein
25.3g
5.1g
Total Fat
22.5g
4.5g
Saturated Fat
14.7g
2.9g
Carbohydrate
2.0g
Less than 1g
Sugars
Less than 1g
Less than 1g
Calcium
585mg
Sodium
650mg
130mg
* Percentage Daily Intakes are based on an average adult diet of 8700 kJ. Your daily intakes may be higher or lower depending on your energy needs.",,https://www.coles.com.au/product/bega-dairy-stringers-original-cheese-12-pack-240g-6081118,,,2024-06-16T22:47:40.933472-04:00
"Ind54SColes_ADairy, Eggs & Fridge_SACheese_IColes Sweet Chilli Cheese | 190g",Coles Sweet Chilli Cheese | 190g,Coles,"Dairy, Eggs & Fridge",Cheese,Specialty & entertaining cheese,,$3.80,,,$20.00 per 1kg,7781320,"Coles Dairy 190g sweet chilli cream cheese. A savoury cream cheese with subtle chilli, sweet red peppers and garlic. The perfect addition to any cheese board.",,,"Per 100g/ml
Per Serving
%DI
Energy
1412.50
353.13
Carbohydrate
7.20
1.80
Sugars
7.20
1.80
Calcium
82.00
20.50
Saturated
21.60
5.40
Monounsaturated
6.80
1.70
Energy (Cal)
337.92
84.48
Fat
30.90
7.73
Dietary Fibre (total)
0.50
0.13
Polyunsaturated
0.80
0.20
Trans
1.10
0.28
* Percentage Daily Intakes are based on an average adult diet of 8700 kJ. Your daily intakes may be higher or lower depending on your energy needs.",,https://www.coles.com.au/product/coles-sweet-chilli-cheese-190g-7781320,,,2024-06-16T22:47:52.661620-04:00
"Ind54SColes_ADairy, Eggs & Fridge_SACheese_IYarra Valley Cheese Marinated Persian Fetta | 350g",Yarra Valley Cheese Marinated Persian Fetta | 350g,Yarra Valley,"Dairy, Eggs & Fridge",Cheese,Feta cheese,,$11.40,,,$32.57 per 1kg,2791280,"This could be the most versatile cheese in your fridge. Created using only the finest quality Australian ingredients and premium Victorian milk, our Persian Fetta will not only raise the bar of your cheese platter, it will elevate all of your favourite salads and pasta dishes to next-level delicious -- don't forget to use the oil! Simply perfect piled onto warm, crusty bread or paired with rocket and roasted root vegetables.

Handcrafted on our family-owned farm in the Yarra Valley using the same original recipe since its creation in 1994.
Made in Australia

Cows' milk cheese marinated in herbs and oil

Handcrafted on our family-owned farm in the Yarra Valley using the same original recipe since its creation in 1994.",,,"Per 100g/ml
Per Serving
%DI
Energy
1270
317
Protein
15.5g
4g
Total Fat
25.8g
6.5g
Saturated Fat
14.3g
3.6g
Carbohydrate
2.8g
<1g
Sugars
1.8g
<1g
Sodium
420mg
105mg
Trans
1.1g
<1g
* Percentage Daily Intakes are based on an average adult diet of 8700 kJ. Your daily intakes may be higher or lower depending on your energy needs.",,https://www.coles.com.au/product/yarra-valley-cheese-marinated-persian-fetta-350g-2791280,,,2024-06-16T22:48:04.063236-04:00
"Ind54SColes_ADairy, Eggs & Fridge_SACheese_ISunbeam Sultana & Apple With Cheddar Cheese | 35g",Sunbeam Sultana & Apple With Cheddar Cheese | 35g,Sunbeam,"Dairy, Eggs & Fridge",Cheese,Cheese snacks,,$3.00,,,$8.57 per 100g,7704395,"Introducing Sunbeam Fruit & Cheese chilled snacks  where real fruit meets real cheese for a taste that's real cool!
Packed with the goodness of nature, our snacks are the perfect on-the-go solution for busy kids.
Embrace the real goodness of Sunbeam Fruit & Cheese snacks and add a little Sunbeam sunshine to their day!
With Real Fruit
With Real Cheese
Source of Calcium
No Artificial colours or flavours",,,"Per 100g/ml
Per Serving
%DI
Energy
1430kJ
501kJ
Protein
9.8g
3.4g
Total Fat
13.7g
4.8g
Saturated Fat
10.2g
3.6g
Carbohydrate
42.8g
15g
Sugars
42.3g
14.8g
Calcium
305mg
107mg
13%
Sodium
327mg
115mg
* Percentage Daily Intakes are based on an average adult diet of 8700 kJ. Your daily intakes may be higher or lower depending on your energy needs.",,https://www.coles.com.au/product/sunbeam-sultana-and-apple-with-cheddar-cheese-35g-7704395,,,2024-06-16T22:48:15.602972-04:00
"Ind54SColes_ADairy, Eggs & Fridge_SACheese_IPhiladelphia Original Cream Cheese Spread | 350g",Philadelphia Original Cream Cheese Spread | 350g,Philadelphia,"Dairy, Eggs & Fridge",Cheese,Cream cheese & spreads,,$7.00,,,$20.00 per 1kg,6131555,"Philadelphia Original 350g is ideal for large families or everyday users of Philadelphia Spreads. A spread of Philadelphia cream cheese can elevate everyday simple snacks to deliciously creamy whether it's crackers, bread, bruschetta, dips, bagels,  croissants or your  healthy vege snacks of carrot sticks
Philadelphia Original 350g is ideal for large families or everyday users of Philadelphia Spreads. A spread of Philadelphia cream cheese can elevate everyday simple snacks to deliciously creamy whether it's crackers, bread, bruschetta, dips, bagels, croissants or your healthy vege snacks of carrot sticks

Great for everyday spreading & large families

Great for everyday spreading & large families

No artificial colours or flavours

Made with at least 95% Australian ingredients",,,"Per 100g/ml
Per Serving
%DI
Energy
940kJ
235kJ
3%
Protein
4.9g
1.2g
2%
Total Fat
21.8g
5.4g
8%
Saturated Fat
15.2g
3.8g
16%
Carbohydrate
2.9g
<1.0g
<1%
Sugars
2.9g
<1.0g
1%
Sodium
328mg
82mg
4%
Monounsaturated
0
0
0
Energy (Cal)
0
0
0
Dietary Fibre (total)
0
0
0
Polyunsaturated
0
0
0
Trans
0
0
0
* Percentage Daily Intakes are based on an average adult diet of 8700 kJ. Your daily intakes may be higher or lower depending on your energy needs.",,https://www.coles.com.au/product/philadelphia-original-cream-cheese-spread-350g-6131555,,,2024-06-16T22:48:26.648850-04:00
"Ind54SColes_ADairy, Eggs & Fridge_SACheese_IColes Colby Cheese Block | 250g",Coles Colby Cheese Block | 250g,Coles,"Dairy, Eggs & Fridge",Cheese,Block cheese,,$6.00,,,$24.00 per 1kg,1413298,"Coles Dairy 250g Australian Colby cheese block. A mild and creamy flavour with a strength indicator of 2, perfect for slicing, cooking or melting.",,,"Per 100g/ml
Per Serving
%DI
Energy
1624.60
406.15
Protein
22.80
5.70
Carbohydrate
0.10
0.03
Sugars
0.10
0.03
Calcium
708.00
177.00
Saturated
23.90
5.98
Energy (Cal)
388.66
97.17
Fat
33.30
8.33
Dietary Fibre (total)
0.40
0.10
* Percentage Daily Intakes are based on an average adult diet of 8700 kJ. Your daily intakes may be higher or lower depending on your energy needs.","INGREDIENTS: Milk, Salt, Mineral Salt (509), Cultures (Milk), Enzyme (Vegetarian Rennet)",https://www.coles.com.au/product/coles-colby-cheese-block-250g-1413298,,,2024-06-16T22:48:37.725974-04:00
"Ind54SColes_ADairy, Eggs & Fridge_SA_IColes TASTY CHEESE BITES & SOY CRISPS | 45g",Coles TASTY CHEESE BITES & SOY CRISPS | 45g,Coles,"Dairy, Eggs & Fridge",,,,$2.50,,,$5.56 per 100g,3561988,Tasty Cheese bites with crunchy soy crisps,,,"Per 100g/ml
Per Serving
%DI
Energy
1866.4
839.88
Protein
16.4
7.38
Total Fat
30.9
13.91
Carbohydrate
24.3
10.94
Sugars
3.5
1.58
Calcium
330
148.5
Sodium
620
279
Saturated
13.6
6.12
Energy (Cal)
446.51
200.93
Dietary Fibre (total)
3.9
1.76
Trans
1
0.45
* Percentage Daily Intakes are based on an average adult diet of 8700 kJ. Your daily intakes may be higher or lower depending on your energy needs.",,https://www.coles.com.au/product/coles-tasty-cheese-bites-and-soy-crisps-45g-3561988,,,2024-06-16T22:48:49.422012-04:00
"Ind54SColes_ADairy, Eggs & Fridge_SACheese_ILemnos Traditional Fetta Twin Pack | 200g",Lemnos Traditional Fetta Twin Pack | 200g,Lemnos,"Dairy, Eggs & Fridge",Cheese,Gourmet Cheese,,$7.00,,,$35.00 per 1kg,1464346,"Delicious Lemnos Traditional Fetta is perfect for any occasion. Sprinkle on salad or pizza, stir through soup or pasta, or simply serve baked with tomatoes as a crowd pleasing canape.

- Suitable for vegetarians.
- No artificial flavours.
- No preservatives.
Suitable for vegetarians.

No artificial flavours.

No preservatives.

Made in Australia",,,"Per 100g/ml
Per Serving
%DI
Energy
1110 kJ
278 kJ
Protein
17.0 g
4.3 g
Total Fat
21.5 g
5.4 g
Saturated Fat
15.0 g
3.8 g
Carbohydrate
Less than 1g
Less than 1g
Sugars
Less than 1g
Less than 1g
Calcium
285 mg
71 mg
9%
Sodium
1120 mg
280 mg
Energy (Cal)
268 Cal
66 Cal
* Percentage Daily Intakes are based on an average adult diet of 8700 kJ. Your daily intakes may be higher or lower depending on your energy needs.",,https://www.coles.com.au/product/lemnos-traditional-fetta-twin-pack-200g-1464346,,,2024-06-16T22:49:01.034765-04:00
"Ind54SColes_ADairy, Eggs & Fridge_SACheese_IJindi Dairy Cheese Camembert | 200g",Jindi Dairy Cheese Camembert | 200g,Jindi,"Dairy, Eggs & Fridge",Cheese,Brie & soft cheese,,$8.50,,,$42.50 per 1kg,6725811,"Jindi- Makers of award winning cheese. Jindi Classic Camembert is a rich creamy cheese with a golden and soft centre. Crafted locally in Gippsland, Victoria
To your taste: This Classic Camembert will continue to mature naturally and will reach its fullest flavour and softness towards the end of its shelf life. Consume earlier for a milder, firmer cheese. 
Crafted locally in Gippsland Victoria

Rich creamy cheese with a golden and soft centre",,,"Per 100g/ml
Per Serving
%DI
Energy
1530kJ
383kJ
Protein
17.0g
4.3g
Total Fat
32.5g
8.1g
Saturated Fat
19.3g
4.8g
Carbohydrate
2.0g
Less than 1g
Sugars
Less than 1g
Less than 1g
Sodium
500mg
125mg
Energy (Cal)
366 Cal
92 Cal
* Percentage Daily Intakes are based on an average adult diet of 8700 kJ. Your daily intakes may be higher or lower depending on your energy needs.",,https://www.coles.com.au/product/jindi-dairy-cheese-camembert-200g-6725811,,,2024-06-16T22:49:12.153573-04:00
"Ind54SColes_ADairy, Eggs & Fridge_SACheese_ICheer Extra Tasty Cheese Slices | 500g",Cheer Extra Tasty Cheese Slices | 500g,Cheer,"Dairy, Eggs & Fridge",Cheese,Sliced cheese,,$10.00,,$11.00,$20.00 per 1kg,5432320,"CHEER Extra Tasty Cheddar Cheese slices are perfect for a sandwich or toastie, aged a little bit longer for a slightly stronger flavour.CHEER 500g Extra Tasty Cheese Slices are perfect for lunch box sandwiches on the go or to create delicious cheesy toasties at home! With a slightly stronger tasty cheese flavour and 32 slice pack, CHEER Extra Tasty Cheese Slices are perfect for bringing a little CHEER to your table!- 32 Extra Tasty cheese slices - Made in Australia from 100% Australian Cow's Milk- Vegetarian friendly- Preservative free- Aged longer than CHEER Tasty Cheese Slices, for a slightly stronger flavour!- Perfect for your back to school lunch box or as a snack when relaxing at home!",,,"Per 100g/ml
Per Serving
%DI
Energy
1750kJ
368kJ
0%
Protein
25.8g
5.4g
0%
Total Fat
34g
7.1g
0%
Saturated Fat
23.5g
4.9g
0%
Carbohydrate
<1g
<1g
0%
Sugars
<1g
<1g
0%
Calcium
750mg
158mg
20%
Sodium
720mg
151mg
0%
* Percentage Daily Intakes are based on an average adult diet of 8700 kJ. Your daily intakes may be higher or lower depending on your energy needs.",,https://www.coles.com.au/product/cheer-extra-tasty-cheese-slices-500g-5432320,,,2024-06-16T22:49:23.414775-04:00
"Ind54SColes_ADairy, Eggs & Fridge_SA_ITasmanian Heritage Trilogy Roasted Onion & Chive Vintage & Smoked Cheddar | 140g",Tasmanian Heritage Trilogy Roasted Onion & Chive Vintage & Smoked Cheddar | 140g,Tasmanian Heritage,"Dairy, Eggs & Fridge",,,,$6.50,,,$46.43 per 1kg,6578080,South Cape Trilogy features a great selection of flavours with Vintage and Smoked complimented by the delicious flavour of Roasted Onion and Chive. Best served with crackers and paired with craft beer. Liberate your plate with South Cape.,,,"Per 100g/ml
Per Serving
%DI
Energy
1710kJ
427.5kJ
0%
Protein
25.6g
6.4g
0%
Total Fat
34g
8.5g
0%
Saturated Fat
22.8g
5.7g
0%
Carbohydrate
<1g
<1g
0%
Sugars
<1g
<1g
0%
Calcium
745mg
186.25mg
0%
Sodium
720mg
180mg
0%
* Percentage Daily Intakes are based on an average adult diet of 8700 kJ. Your daily intakes may be higher or lower depending on your energy needs.",,https://www.coles.com.au/product/tasmanian-heritage-trilogy-roasted-onion-and-chive-vintage-and-smoked-cheddar-140g-6578080,,,2024-06-16T22:49:35.027055-04:00
"Ind54SColes_ADairy, Eggs & Fridge_SACheese_IMoondarra Cheese Herb & Capsicum | 120g",Moondarra Cheese Herb & Capsicum | 120g,Moondarra,"Dairy, Eggs & Fridge",Cheese,Specialty & entertaining cheese,,$3.30,,$3.90,$27.50 per 1kg,5438100,"Australian made and Australian owned, Moondarra Herb & Capsicum 120g is a smooth and creamy cream cheese base, coated in a colourful mix of herbs, garlic and capsicum.",,,"Per 100g/ml
Per Serving
%DI
Energy
1640kJ
492kJ
Protein
10g
3g
Total Fat
37.8g
11.3g
Saturated Fat
26.7g
8g
Carbohydrate
4.3g
1.3g
Sugars
4.3g
1.3g
Sodium
472mg
142mg
* Percentage Daily Intakes are based on an average adult diet of 8700 kJ. Your daily intakes may be higher or lower depending on your energy needs.",,https://www.coles.com.au/product/moondarra-cheese-herb-and-capsicum-120g-5438100,,,2024-06-16T22:49:46.604869-04:00
"Ind54SColes_ADairy, Eggs & Fridge_SACheese_IColes Mozzarella Pear | 500g",Coles Mozzarella Pear | 500g,Coles,"Dairy, Eggs & Fridge",Cheese,Block cheese,,$7.80,,,$15.60 per 1kg,2482161,Made with Australian Milk500g,,,"Per 100g/ml
Per Serving
%DI
Energy
1280
319
4
Protein
21.5
5.4
11
Total Fat
24.2
6.1
9
Saturated Fat
18.0
4.5
19
Carbohydrate
LESS THAN 1g
LESS THAN 1g
0
Sugars
0.40
0.10
0
Calcium
640
160
Sodium
463
116
5
Energy (Cal)
305
76
Dietary Fibre (total)
0.00
0.00
0
* Percentage Daily Intakes are based on an average adult diet of 8700 kJ. Your daily intakes may be higher or lower depending on your energy needs.",,https://www.coles.com.au/product/coles-mozzarella-pear-500g-2482161,,,2024-06-16T22:49:58.354035-04:00
"Ind54SColes_ADairy, Eggs & Fridge_SACheese_IBega Strong & Bitey Natural Vintage Slices | 500g",Bega Strong & Bitey Natural Vintage Slices | 500g,Bega,"Dairy, Eggs & Fridge",Cheese,Sliced cheese,,$11.00,,,$22.00 per 1kg,4413658,Bega Cheese Strong & Bitey Vintage Slices 500g,,,"Per 100g/ml
Per Serving
%DI
Energy
1700kJ
289kJ
3%
Protein
25.0g
4.3g
8%
Total Fat
34.0g
5.8g
8%
Saturated Fat
21.5g
3.7g
17%
Carbohydrate
Less than 1g
Less than 1g
0%
Sugars
Less than 1g
Less than 1g
0%
Calcium
730mg
Sodium
715mg
122mg
5%
* Percentage Daily Intakes are based on an average adult diet of 8700 kJ. Your daily intakes may be higher or lower depending on your energy needs.",,https://www.coles.com.au/product/bega-strong-and-bitey-natural-vintage-slices-500g-4413658,,,2024-06-16T22:50:09.426093-04:00
"Ind54SColes_ADairy, Eggs & Fridge_SA_IColes Parmigiano Reggiano | 250g",Coles Parmigiano Reggiano | 250g,Coles,"Dairy, Eggs & Fridge",,,,$11.40,,,$45.60 per 1kg,8225864,Matured for over 12 months for a sharp & smooth flavour,,,"Per 100g/ml
Per Serving
%DI
Energy
1610
403
5
Protein
33
8.25
Total Fat
28.4
7.1
10
Saturated Fat
20.9
5.2
22
Carbohydrate
0.0g
0.0g
0
Sugars
0
0
Sodium
650
162.5
Saturated
20.9
5.23
Energy (Cal)
386
96
Fat
28.4
7.1
Dietary Fibre (total)
0
0
* Percentage Daily Intakes are based on an average adult diet of 8700 kJ. Your daily intakes may be higher or lower depending on your energy needs.",,https://www.coles.com.au/product/coles-parmigiano-reggiano-250g-8225864,,,2024-06-16T22:50:21.066894-04:00
"Ind54SColes_ADairy, Eggs & Fridge_SACheese_IBulla Dairy Low Fat Onion & Chives Cottage Cheese | 200g",Bulla Dairy Low Fat Onion & Chives Cottage Cheese | 200g,Bulla,"Dairy, Eggs & Fridge",Cheese,Brie & soft cheese,,$3.80,,,$19.00 per 1kg,393967,"Bulla Cottage Cheese Onion & Chives 200g is a high protein versatile cheese that is 97% fat free and vegetarian friendly. Bulla Cottage Cheese is handmade in country Victoria, from fresh milk delivered daily.
Australian family owned and made.",,,"Per 100g/ml
Per Serving
%DI
Energy
352kJ
352kJ
4%
Protein
11.9g
11.9g
24%
Total Fat
1.8g
1.8g
3%
Saturated Fat
1.3g
1.3g
5%
Carbohydrate
4.9g
4.9g
2%
Sugars
4.3g
4.3g
5%
Calcium
109mg
109mg
14%
Sodium
314mg
314mg
14%
* Percentage Daily Intakes are based on an average adult diet of 8700 kJ. Your daily intakes may be higher or lower depending on your energy needs.",,https://www.coles.com.au/product/bulla-dairy-low-fat-onion-and-chives-cottage-cheese-200g-393967,,,2024-06-16T22:50:32.825092-04:00
"Ind54SColes_ADairy, Eggs & Fridge_SACheese_IColes Light Cheese & Crackers | 50g",Coles Light Cheese & Crackers | 50g,Coles,"Dairy, Eggs & Fridge",Cheese,Cheese snacks,,$1.90,,,$3.80 per 100g,2073093,"Delicious slices of Australian light tasty cheddar with plain water crackers. +(keying symbol) with at least 25% less fat than coles standard tasty cheese & crackers. Matured for a rich, tasty flavour.",,,"Per 100g/ml
Per Serving
%DI
Energy
1362
681
Protein
24.9
12.45
Total Fat
12.5
6.25
Carbohydrate
25.8
12.9
Sugars
0.9
0.45
Calcium
620
310
Sodium
650
325
Saturated
8.1
4.05
Energy (Cal)
325.84
162.92
Dietary Fibre (total)
4.7
2.35
Trans
0.4
0.2
* Percentage Daily Intakes are based on an average adult diet of 8700 kJ. Your daily intakes may be higher or lower depending on your energy needs.","INGREDIENTS:Cheese (67%) [Milk, Salt, Starter Culture, Enzyme (Vegetarian Rennet)], Crackers (33%) [Wheat Flour, Vegetable Fats and Oils (contains Palm Oil, Antioxidant (307b)), Salt, Raising Agent (500)].",https://www.coles.com.au/product/coles-light-cheese-and-crackers-50g-2073093,,,2024-06-16T22:50:45.099991-04:00
"Ind54SColes_ADairy, Eggs & Fridge_SACheese_ISouth Cape Cream Cheese Apricot Almond | 80g",South Cape Cream Cheese Apricot Almond | 80g,South Cape,"Dairy, Eggs & Fridge",Cheese,Specialty & entertaining cheese,,$4.80,Pick any 3 for $12,,$60.00 per 1kg,4962361,,,,,,https://www.coles.com.au/product/south-cape-cream-cheese-apricot-almond-80g-4962361,,,2024-06-16T22:50:54.656731-04:00
"Ind54SColes_ADairy, Eggs & Fridge_SACheese_IGreat Ocean Road Colby Cheese Block | 500g",Great Ocean Road Colby Cheese Block | 500g,Great Ocean Road,"Dairy, Eggs & Fridge",Cheese,Block cheese,,$10.30,,,$20.60 per 1kg,1010087,"Perfectly crafted for those melting moments, simple food pleasure.Born on the Great Ocean Road in Victoria, our products are made with 100% Australian milk sourced predominately from farmers in South West Victoria.- Colby Cheese- Colby Cheese Block",,,"Per 100g/ml
Per Serving
%DI
Energy
1640kJ
410kJ
0%
Protein
24.5g
6g
0%
Total Fat
32.5g
8g
0%
Saturated Fat
22.5g
6g
0%
Carbohydrate
<1g
<1g
0%
Sugars
<0.1g
<0.01g
0%
Calcium
590mg
148mg
18%
Sodium
750mg
180mg
0%
* Percentage Daily Intakes are based on an average adult diet of 8700 kJ. Your daily intakes may be higher or lower depending on your energy needs.",,https://www.coles.com.au/product/great-ocean-road-colby-cheese-block-500g-1010087,,,2024-06-16T22:51:05.926399-04:00
"Ind54SColes_ADairy, Eggs & Fridge_SACheese_ICastello Intense Blue | 150g",Castello Intense Blue | 150g,Castello,"Dairy, Eggs & Fridge",Cheese,Blue cheese,,$7.50,,,$50.00 per 1kg,3226655,"A unique blend of cow and sheep's milk and specially selected blue mould to create a rich, full flavour with a soft texture inside and dark outer rind.",,,"Per 100g/ml
Per Serving
%DI
Energy
1700kJ
424kJ
Protein
13.8g
3.5g
Total Fat
39g
9.8g
Saturated Fat
24.9g
6.2g
Carbohydrate
0.1g
<0.1g
Sugars
0.1g
<0.1g
Sodium
800mg
200mg
* Percentage Daily Intakes are based on an average adult diet of 8700 kJ. Your daily intakes may be higher or lower depending on your energy needs.",,https://www.coles.com.au/product/castello-intense-blue-150g-3226655,,,2024-06-16T22:51:18.065366-04:00
"Ind54SColes_ADairy, Eggs & Fridge_SACheese_IDodoni Greek Feta Elco Cheese | approx 100g",Dodoni Greek Feta Elco Cheese | approx 100g,Dodoni,"Dairy, Eggs & Fridge",Cheese,Feta cheese,,$4.20,,,$42.00 per 1kg,5532299,"This Feta Cheese is Full of flavour and nutrition, our signature feta cheese has been recognised by national and international awards. ",,,,,https://www.coles.com.au/product/dodoni-greek-feta-elco-cheese-approx.-100g-5532299,,,2024-06-16T22:51:27.009373-04:00
"Ind54SColes_ADairy, Eggs & Fridge_SACheese_INormandie Dairy Champagne Pate | 150g",Normandie Dairy Champagne Pate | 150g,Normandie,"Dairy, Eggs & Fridge",Cheese,Pates & platters,,$5.10,,,$3.40 per 100g,5686339,,,,"Per 100g/ml
Per Serving
%DI
Energy
1410kJ
141kJ
Protein
9g
0.9g
Total Fat
33g
3.3g
Saturated Fat
20g
2g
Carbohydrate
2g
0.2g
Sugars
<1g
<1g
Sodium
480mg
48mg
* Percentage Daily Intakes are based on an average adult diet of 8700 kJ. Your daily intakes may be higher or lower depending on your energy needs.",,https://www.coles.com.au/product/normandie-dairy-champagne-pate-150g-5686339,,,2024-06-16T22:51:38.696040-04:00
"Ind54SColes_ADairy, Eggs & Fridge_SACheese_ILa Casa Del Formaggio Fresh Mozzarella | 200g",La Casa Del Formaggio Fresh Mozzarella | 200g,La Casa Del Formaggio,"Dairy, Eggs & Fridge",Cheese,Gourmet Cheese,,$6.00,,,$30.00 per 1kg,2462186,"Fresh Mozzarella is perfect for slicing over pizzas and lasagnas for a moist, creamy melt. The Fresh Mozzarella is also brilliant for slicing and layering with tomato and basil for a Caprese Salad or tearing and mixing into other salads. Flavours that go well with Fresh Mozzarella include eggplant, olives, tomato, basil, parsley, and sun-dried tomatoes. Fresh Mozzarella is a type of Pasta Filata or stretched curd, which is a delicately flavoured fresh cheese that has a texture very similar to al dente pasta. It is used to carry other flavours such as fresh herbs and extra virgin olive oil in salads.",,,"Per 100g/ml
Per Serving
%DI
Energy
1110kJ
555kJ
Protein
17.9g
9g
Total Fat
20.3g
10.2g
Saturated Fat
14.3g
7.2g
Carbohydrate
3.4g
1.7g
Sugars
<1g
<1g
Calcium
396mg
198mg
24%
Sodium
74mg
37mg
* Percentage Daily Intakes are based on an average adult diet of 8700 kJ. Your daily intakes may be higher or lower depending on your energy needs.",,https://www.coles.com.au/product/la-casa-del-formaggio-fresh-mozzarella-200g-2462186,,,2024-06-16T22:51:49.892539-04:00
"Ind54SColes_ADairy, Eggs & Fridge_SADairy, chilled & frozen_IUnicorn Selections Ash Brie | 125g",Unicorn Selections Ash Brie | 125g,Unicorn,"Dairy, Eggs & Fridge","Dairy, chilled & frozen",Cheese & desserts,,$5.50,,,"$44.00 per 1kg
Was $6.50 on Apr 2024",4357466,"Pleasanly Soft, Creamy & Earthy",,,,"Milk, Cream (From Milk), Salt, Starter Cultures, Enzyme (Non Animal Rennet), Vine Ash",https://www.coles.com.au/product/unicorn-selections-ash-brie-125g-4357466,,,2024-06-16T22:52:00.418326-04:00
"Ind54SColes_ADairy, Eggs & Fridge_SAPrimo_IPrimo Trios Cheesy Kabana Pretzels & Tasty Cheese Cubes | 53g",Primo Trios Cheesy Kabana Pretzels & Tasty Cheese Cubes | 53g,Primo,"Dairy, Eggs & Fridge",Primo,Crackers & Snacks,,$4.50,,,$8.49 per 100g,4928432,Primo Trios Cheesy Kabana with Pretzels and Tasty Cheese. Has a source of protein with no artificial colours and flavours.,,,"Per 100g/ml
Per Serving
%DI
Energy
1330kJ
706kJ
8%
Protein
16.8g
8.9g
18%
Total Fat
19.4g
10.3g
15%
Saturated Fat
11.0g
5.8g
24%
Carbohydrate
18.6g
9.9g
3%
Sugars
Less than 1g
Less than 1g
<1%
Sodium
1080mg
574mg
25%
* Percentage Daily Intakes are based on an average adult diet of 8700 kJ. Your daily intakes may be higher or lower depending on your energy needs.",,https://www.coles.com.au/product/primo-trios-cheesy-kabana-pretzels-and-tasty-cheese-cubes-53g-4928432,,,2024-06-16T22:52:11.710239-04:00
"Ind54SColes_ADairy, Eggs & Fridge_SACheese_IColes Parmesan Cheese | 125g",Coles Parmesan Cheese | 125g,Coles,"Dairy, Eggs & Fridge",Cheese,Grated cheese,,$4.00,,,$32.00 per 1kg,3946950,Made with Australian Milk Classic Recipe 125g,,,"Per 100g/ml
Per Serving
%DI
Energy
1852.50
92.63
Protein
38.20
1.91
Carbohydrate
10.70
0.54
Sugars
0.10
0.01
Sodium
3997.00
199.85
Saturated
20.00
1.00
Energy (Cal)
443.18
22.16
Fat
27.60
1.38
Dietary Fibre (total)
0.00
0.00
Trans
0.30
0.02
* Percentage Daily Intakes are based on an average adult diet of 8700 kJ. Your daily intakes may be higher or lower depending on your energy needs.","INGREDIENTS: Milk, Salt, Cultures, Enzyme (Non-Animal Rennet).",https://www.coles.com.au/product/coles-parmesan-cheese-125g-3946950,,,2024-06-16T22:52:22.903011-04:00
"Ind54SColes_ADairy, Eggs & Fridge_SACheese_IColes Tasty Cheese Slices Hungarian Salami & Watercrackers | 50g",Coles Tasty Cheese Slices Hungarian Salami & Watercrackers | 50g,Coles,"Dairy, Eggs & Fridge",Cheese,Cheese snacks,,$3.50,,,$7.00 per 100g,5437913,"Delicious slices of tasty cheese, Hungarian salami & water crackers. Perfect snack for on the go! Cheese made with Australian milk MILD = 1 chilli rating 4 Tasty Cheese Slices 4 Hungarian Salami Slices 4 Water Crackers",,,"Per 100g/ml
Per Serving
%DI
Energy
1680.10
840.05
Protein
20.30
10.15
Total Fat
28.10
14.05
Saturated Fat
15.90
7.95
Carbohydrate
16.90
8.45
Sugars
1.30
0.65
Calcium
276.10
138.05
Sodium
1287.00
643.50
Energy (Cal)
401.94
200.97
Dietary Fibre (total)
1.00
0.50
Trans
0.10
0.05
* Percentage Daily Intakes are based on an average adult diet of 8700 kJ. Your daily intakes may be higher or lower depending on your energy needs.","INGREDIENTS: Hungarian Salami (40%) [Sow Stall Free Pork (94%), Salt, Skim Milk Powder, Maize Dextrose, Spices, Maize Maltodextrin, Antioxidant (316), Dehydrated Vegetable, Preservatives (251, 250), Starter Culture (Milk), Natural Wood Smoke], Cheddar Cheese (36%) [Milk, Salt, Starter Culture (Milk), Enzyme (Vegetarian Rennet)], Water Crackers (24%) [Wheat Flour, Vegetable Fats and Oils (Palm Oil) (contains Antioxidant 307), Salt, Raising Agent (500)].",https://www.coles.com.au/product/coles-tasty-cheese-slices-hungarian-salami-and-watercrackers-50g-5437913,,,2024-06-16T22:52:34.886513-04:00
"Ind54SColes_ADairy, Eggs & Fridge_SACheese_IColes Cherry Bocconcini | 220g",Coles Cherry Bocconcini | 220g,Coles,"Dairy, Eggs & Fridge",Cheese,Gourmet Cheese,,$4.80,,,$21.82 per 1kg,7781192,"Coles Dairy 220g cherry bocconcini. Fresh, milky pearls of Mozzarella cheese. Toss in salads and pasta or add to fresh pizza.",,,"Per 100g/ml
Per Serving
%DI
Energy
1113.2
489.81
6
Protein
17.9
7.88
16
Total Fat
20.3
8.93
13
Saturated Fat
14.3
6.29
26
Carbohydrate
3.4
1.5
0
Calcium
396
174.24
Sodium
74
32.56
1
Energy (Cal)
266.32
117.18
Dietary Fibre
0
0
* Percentage Daily Intakes are based on an average adult diet of 8700 kJ. Your daily intakes may be higher or lower depending on your energy needs.",,https://www.coles.com.au/product/coles-cherry-bocconcini-220g-7781192,,,2024-06-16T22:52:46.046912-04:00
"Ind54SColes_ADairy, Eggs & Fridge_SACheese_IBlack Jack Cheddar Spaccato | approx 100g",Black Jack Cheddar Spaccato | approx 100g,Black Jack,"Dairy, Eggs & Fridge",Cheese,Cheddar & tasty cheese,,$2.00,,,$20.00 per 1kg,2240730,,,,,,https://www.coles.com.au/product/black-jack-cheddar-spaccato-approx.-100g-2240730,,,2024-06-16T22:52:55.385128-04:00
"Ind54SColes_ADairy, Eggs & Fridge_SACheese_IDairylea Cheddar Cheese Slices 12 Pack | 250g",Dairylea Cheddar Cheese Slices 12 Pack | 250g,Dairylea,"Dairy, Eggs & Fridge",Cheese,Sliced cheese,,$5.40,,,$21.60 per 1kg,192535,"Dairylea Cheddar Cheese Slices have no artificial colours or flavours and are a delicious source of calcium! Cheddar slices are great addition to wraps, sandwiches and toasties.",,,"Per 100g/ml
Per Serving
%DI
Energy
1410kJ
294kJ
3%
Protein
18.0g
3.7g
7%
Total Fat
28.8g
6.0g
9%
Saturated Fat
19.3g
4.0g
17%
Carbohydrate
2.5g
<1.0g
<1%
Sugars
2.0g
<1.0g
<1%
Calcium
615 mg
128 mg
16%
Sodium
1700mg
354mg
15%
* Percentage Daily Intakes are based on an average adult diet of 8700 kJ. Your daily intakes may be higher or lower depending on your energy needs.","CHEDDAR CHEESE (MINIMUM 50%) (MILK, SALT, STARTER CULTURE, ENZYMES), WATER, BUTTER OR CREAM (FROM MILK) OR MILK FAT, MILK SOLIDS, MINERAL SALTS (331, 339), SALT, FOOD ACID (270), PRESERVATIVE (200), COLOUR (160b), ANTI-STICK AGENT (401).",https://www.coles.com.au/product/dairylea-cheddar-cheese-slices-12-pack-250g-192535,,,2024-06-16T22:53:06.893929-04:00
"Ind54SColes_ADairy, Eggs & Fridge_SACheese_ICastello Creamy Blue Cheese | 300g",Castello Creamy Blue Cheese | 300g,Castello,"Dairy, Eggs & Fridge",Cheese,Blue cheese,,$10.00,,$14.50,$33.33 per 1kg,3301830,"Castello creamy blue is creatively crafted to combine a smooth and creamy texture with rich notes of blue mould, creating a perfectly balanced, delicate cheese that becomes more refined over time. To enjoy this cheese at its best, remove from the fridge one hour before eating.",,,"Per 100g/ml
Per Serving
%DI
Energy
1780kJ
445kJ
Protein
13.2g
3.3g
Total Fat
41.5g
10.4g
Saturated Fat
26.5g
6.6g
Carbohydrate
0.1g
<0.1g
Sugars
0.1g
<0.1g
Sodium
640mg
160mg
* Percentage Daily Intakes are based on an average adult diet of 8700 kJ. Your daily intakes may be higher or lower depending on your energy needs.",,https://www.coles.com.au/product/castello-creamy-blue-cheese-300g-3301830,,,2024-06-16T22:53:18.314574-04:00
"Ind54SColes_ADairy, Eggs & Fridge_SACheese_IArnott's Shapes Original Chicken Crimpy & Tasty Cheese | 32g",Arnott's Shapes Original Chicken Crimpy & Tasty Cheese | 32g,Arnotts,"Dairy, Eggs & Fridge",Cheese,Cheese snacks,,$3.40,,,$10.63 per 100g,6097399,"Satisfying snack for anytime, anywhere
Chicken Crimpy oven baked not fried
Source of protein
No artifical colours or flavours
Great for lunch box or lunch bags",,,"Per 100g/ml
Per Serving
%DI
Energy
1820kJ
582kJ
7%
Protein
17.80%
5.7g
11%
Total Fat
28.6g
9.2g
13%
Saturated Fat
15.8g
5.1g
21%
Carbohydrate
26.70%
8.5g
3%
Sugars
3.40%
1.1g
1%
Sodium
780mg
250mg
11%
* Percentage Daily Intakes are based on an average adult diet of 8700 kJ. Your daily intakes may be higher or lower depending on your energy needs.",,https://www.coles.com.au/product/arnott's-shapes-original-chicken-crimpy-and-tasty-cheese-32g-6097399,,,2024-06-16T22:53:29.637838-04:00
"Ind54SColes_ADairy, Eggs & Fridge_SA_IColes Tasty Cheese Bites & Mini Preztels | 40g",Coles Tasty Cheese Bites & Mini Preztels | 40g,Coles,"Dairy, Eggs & Fridge",,,,$2.50,,,$6.25 per 100g,4383910,"Coles Dairy tasty cheese bites with salted pretzels, 40g. A tasty vegetarian snack made with Australian milk, providing a good source of calcium and source of protein. The perfect snack for on the go.",,,"Per 100g/ml
Per Serving
%DI
Energy
1632.30
652.92
Protein
18.70
7.48
Total Fat
21.60
8.64
Carbohydrate
29.60
11.84
Sugars
2.40
0.96
Calcium
510.00
204.00
Sodium
670.00
268.00
Saturated
14.40
5.76
Energy (Cal)
390.50
156.20
Dietary Fibre (total)
1.50
0.60
Trans
1.50
0.60
* Percentage Daily Intakes are based on an average adult diet of 8700 kJ. Your daily intakes may be higher or lower depending on your energy needs.",,https://www.coles.com.au/product/coles-tasty-cheese-bites-and-mini-preztels-40g-4383910,,,2024-06-16T22:56:37.183241-04:00
"Ind54SColes_ADairy, Eggs & Fridge_SACheese_IBega Dairy Tasty Grated Cheese | 500g",Bega Dairy Tasty Grated Cheese | 500g,Bega,"Dairy, Eggs & Fridge",Cheese,Grated cheese,,$10.50,,,$21.00 per 1kg,6576347,Bega Cheese Tasty Grated 500g,,,"Per 100g/ml
Per Serving
%DI
Energy
1720kJ
430kJ
5%
Protein
24.2g
6.1g
12%
Total Fat
35.3g
8.8g
13%
Saturated Fat
21.3g
5.3g
22%
Carbohydrate
Less than 1g
Less than 1g
0%
Sugars
Less than 1g
Less than 1g
0%
Calcium
660mg
165mg(21% RDI*)
Sodium
720mg
180mg
8%
* Percentage Daily Intakes are based on an average adult diet of 8700 kJ. Your daily intakes may be higher or lower depending on your energy needs.",,https://www.coles.com.au/product/bega-dairy-tasty-grated-cheese-500g-6576347,,,2024-06-16T22:56:48.247327-04:00
"Ind54SColes_ADairy, Eggs & Fridge_SACheese_IReal Feast Pack Tasty Cheese Mild Salami & Crackers | 80g",Real Feast Pack Tasty Cheese Mild Salami & Crackers | 80g,Real,"Dairy, Eggs & Fridge",Cheese,Cheese snacks,,$3.60,,$4.50,$4.50 per 100g,4381915,"REAL Feast Packs are packed with 60% more cheese, salami and crackers for those hungrier snacking moments.",,,"Per 100g/ml
Per Serving
%DI
Energy
1770kJ
1416kJ
16.3%
Protein
21.5g
17.2g
34.4%
Total Fat
24.7g
19.7g
28.1%
Saturated Fat
12.8g
10.2g
42.5%
Carbohydrate
29.7g
23.8g
7.7%
Sugars
1.3g
1.0g
1.1%
Sodium
1056mg
845mg
36.7%
Energy (Cal)
421Cal
338Cal
16.3%
* Percentage Daily Intakes are based on an average adult diet of 8700 kJ. Your daily intakes may be higher or lower depending on your energy needs.",,https://www.coles.com.au/product/real-feast-pack-tasty-cheese-mild-salami-and-crackers-80g-4381915,,,2024-06-16T22:56:59.265665-04:00
"Ind54SColes_ADairy, Eggs & Fridge_SACheese_IBega Cheese Slices Colby | 500g",Bega Cheese Slices Colby | 500g,Bega,"Dairy, Eggs & Fridge",Cheese,Sliced cheese,,$11.00,,,$22.00 per 1kg,6796660,"Bega Cheese Colby Slices 500g
100% Natural

Source of Calcium

Made in Australia",,,"Per 100g/ml
Per Serving
%DI
Energy
1680
286
3
Protein
23.3
4.0
8
Total Fat
34.5
5.9
8
Saturated Fat
20.8
3.5
15
Carbohydrate
Less than 1g
Less than 1g
0
Sugars
Less than 1g
Less than 1g
0
Calcium
720
122mg(15%RDI)
15
Sodium
692mg
118mg
5
* Percentage Daily Intakes are based on an average adult diet of 8700 kJ. Your daily intakes may be higher or lower depending on your energy needs.",,https://www.coles.com.au/product/bega-cheese-slices-colby-500g-6796660,,,2024-06-16T22:57:10.305271-04:00
"Ind54SColes_ADairy, Eggs & Fridge_SA_IColes Spanish Iberico | 150g",Coles Spanish Iberico | 150g,Coles,"Dairy, Eggs & Fridge",,,,$6.00,,,$40.00 per 1kg,5217291,"Made from a mixture of cow's, sheep and goat's milk Spanish roundel flag",,,"Per 100g/ml
Per Serving
%DI
Energy
1560kJ
389kJ
Protein
23g
5.8g
Total Fat
31.4g
7.9g
Saturated Fat
18.5g
4.6g
Carbohydrate
<1g
<1g
Sugars
<1g
<1g
Sodium
560mg
140mg
Dietary Fibre (total)
0g
0g
Trans
<1g
<1g
* Percentage Daily Intakes are based on an average adult diet of 8700 kJ. Your daily intakes may be higher or lower depending on your energy needs.","Pasteurised Milk (Cow, Sheep and Goat's Milk), Salt, Firming Agent (509), Lysozyme (1105 (Egg)), Enzyme (Animal Rennet)",https://www.coles.com.au/product/coles-spanish-iberico-150g-5217291,,,2024-06-16T22:57:22.974272-04:00
"Ind54SColes_ADairy, Eggs & Fridge_SACheese_ICheer Colby Cheese Slices | 500g",Cheer Colby Cheese Slices | 500g,Cheer,"Dairy, Eggs & Fridge",Cheese,Sliced cheese,,$10.00,,$11.00,$20.00 per 1kg,2781978,"With a smooth and deliciously mild flavour, CHEER Colby is ideal for cooking and melting. Smooth & Deliciously Creamy. Perfect for all of the family.CHEER Cheese 500g Colby Cheese Slices are perfect for lunch box sandwiches on the go or to create delicious cheesy toasties at home! With a smooth and creamy cheese flavour and 16 slice pack, CHEER Cheese 500g Colby Cheese Slices are perfect for cooking and melting.- 32 Colby cheese slices - Made in Australia from 100% Australian cow's milk- Vegetarian friendly- Preservative free- Smooth and deliciously creamy- Perfect for your back to school lunch box or as a snack when relaxing at home!",,,"Per 100g/ml
Per Serving
%DI
Energy
1640kJ
344kJ
0%
Protein
24.5g
5.1g
0%
Total Fat
32.5g
6.8g
0%
Saturated Fat
22.5g
4.7g
0%
Carbohydrate
<1g
<1g
0%
Sugars
<1g
<1g
0%
Calcium
750mg
158mg
20%
Sodium
680mg
143mg
0%
* Percentage Daily Intakes are based on an average adult diet of 8700 kJ. Your daily intakes may be higher or lower depending on your energy needs.",,https://www.coles.com.au/product/cheer-colby-cheese-slices-500g-2781978,,,2024-06-16T22:57:34.398087-04:00
"Ind54SColes_ADairy, Eggs & Fridge_SACheese_IGreat Ocean Road Vintage Cheese Block | 500g",Great Ocean Road Vintage Cheese Block | 500g,Great Ocean Road,"Dairy, Eggs & Fridge",Cheese,Block cheese,,$10.30,,,$20.60 per 1kg,9182213,"Matured for longer, leaving time to relax and take in the view.Born on the Great Ocean Road in Victoria, our products are made with 100% Australian milk sourced predominately from farmers in South West Victoria.- Vintage Cheese- Vintage Cheese Block",,,"Per 100g/ml
Per Serving
%DI
Energy
1750kJ
438kJ
0%
Protein
27g
7g
0%
Total Fat
34g
8g
0%
Saturated Fat
23.5g
6g
0%
Carbohydrate
<1g
<1g
0%
Sugars
<1g
<1g
0%
Calcium
750mg
188mg
23%
Sodium
640mg
160mg
0%
* Percentage Daily Intakes are based on an average adult diet of 8700 kJ. Your daily intakes may be higher or lower depending on your energy needs.",,https://www.coles.com.au/product/great-ocean-road-vintage-cheese-block-500g-9182213,,,2024-06-16T22:57:46.084883-04:00
"Ind54SColes_ADairy, Eggs & Fridge_SACheese_ILemnos Roasted Garlic And Rosemary Haloumi | 180g",Lemnos Roasted Garlic And Rosemary Haloumi | 180g,Lemnos,"Dairy, Eggs & Fridge",Cheese,Gourmet Cheese,,$7.00,,,$38.89 per 1kg,4361419,"Lemnos Haloumi Cyprus Style Roasted Garlic & Rosemary adds a delicious burst of flavour to your meals.Grill, fry or bake! Contains no artificial flavours, no preservatives and is suitable for vegetarians.
No artificial flavours

No preservatives

Suitable for vegetarians

Made in Australia",,,"Per 100g/ml
Per Serving
%DI
Energy
1250kJ
375kJ
Protein
19.0g
5.7g
Total Fat
24.0g
7.2g
Saturated Fat
17.0g
5.1g
Carbohydrate
1.3g
Less than 1g
Sugars
1.1g
Less than 1g
Sodium
1550mg
465mg
Energy (Cal)
299Cal
90Cal
* Percentage Daily Intakes are based on an average adult diet of 8700 kJ. Your daily intakes may be higher or lower depending on your energy needs.","Pasteurised Cow's Milk, Salt, Milk Solids, Roasted Garlic (0.4%), Rosemary (0.4%), Rennet (Vegetarian).",https://www.coles.com.au/product/lemnos-roasted-garlic-and-rosemary-haloumi-180g-4361419,,,2024-06-16T22:58:00.303699-04:00
"Ind54SColes_ADairy, Eggs & Fridge_SACheese_IReal Tasty Cheese Mild Salami & Crackers 3 Pack | 150g",Real Tasty Cheese Mild Salami & Crackers 3 Pack | 150g,Real,"Dairy, Eggs & Fridge",Cheese,Cheese snacks,,$9.10,,,$6.07 per 100g,4381868,With three satisfying snacks in every box our multi-packs are perfect for when stocking up and everyday for the lunch box.,,,"Per 100g/ml
Per Serving
%DI
Energy
1730kJ
865kJ
10.0%
Protein
21.0g
10.5g
21.0%
Total Fat
24.2g
12.1g
17.3%
Saturated Fat
12.6g
6.3g
26.3%
Carbohydrate
28.5g
14.3g
4.6%
Sugars
1.2g
0.6g
0.7%
Sodium
1026mg
513mg
22.3%
Energy (Cal)
412Cal
206Cal
10.0%
* Percentage Daily Intakes are based on an average adult diet of 8700 kJ. Your daily intakes may be higher or lower depending on your energy needs.",,https://www.coles.com.au/product/real-tasty-cheese-mild-salami-and-crackers-3-pack-150g-4381868,,,2024-06-16T22:58:11.617341-04:00
"Ind54SColes_ADairy, Eggs & Fridge_SA_IPrimo Stackers Salami 3 Pack | 150g",Primo Stackers Salami 3 Pack | 150g,Primo,"Dairy, Eggs & Fridge",,,,$11.30,,,$75.34 per 1kg,4928308,"Source of protein
No artificial colours and flavours
Meat cheese crackers
3 packs to go straight into lunch bags",,,"Per 100g/ml
Per Serving
%DI
Energy
1640kJ
818kJ
9%
Protein
20.3g
10.1g
20%
Total Fat
27.0g
13.5g
19%
Saturated Fat
13.6g
6.8g
28%
Carbohydrate
16.3g
8.2g
3%
Sugars
1.1g
Less than 1g
<1%
Sodium
1070mg
535mg
23%
* Percentage Daily Intakes are based on an average adult diet of 8700 kJ. Your daily intakes may be higher or lower depending on your energy needs.",,https://www.coles.com.au/product/primo-stackers-salami-3-pack-150g-4928308,,,2024-06-16T22:58:22.969169-04:00
"Ind54SColes_ADairy, Eggs & Fridge_SACheese_IColes Cheesey Peelers 8x20g | 160g",Coles Cheesey Peelers 8x20g | 160g,Coles,"Dairy, Eggs & Fridge",Cheese,Cheese snacks,,$4.80,,,$30.00 per 1kg,1922713,Made with Australian milk Source of Calcium,,,"Per 100g/ml
Per Serving
%DI
Energy
1295.50
259.10
Protein
25.60
5.12
Carbohydrate
1.40
0.28
Sugars
0.50
0.10
Calcium
640.00
128.00
Sodium
670.00
134.00
Saturated
15.20
3.04
Energy (Cal)
309.93
61.99
Fat
22.50
4.50
Dietary Fibre (total)
0.50
0.10
* Percentage Daily Intakes are based on an average adult diet of 8700 kJ. Your daily intakes may be higher or lower depending on your energy needs.",,https://www.coles.com.au/product/coles-cheesey-peelers-8x20g-160g-1922713,,,2024-06-16T22:58:35.149857-04:00
"Ind54SColes_ADairy, Eggs & Fridge_SACheese_IColes Cheese Apricot & Almond | 190g",Coles Cheese Apricot & Almond | 190g,Coles,"Dairy, Eggs & Fridge",Cheese,Specialty & entertaining cheese,,$3.80,,,$20.00 per 1kg,7781240,"Coles Dairy 190g apricot and almond cream cheese. Sweet cream cheese with pieces of apricot, coconut and almond throughout. This bronze medallist of the Sydney Royal 2017 cheese and dairy show is sure to elevate any cheese board.",,,"Per 100g/ml
Per Serving
%DI
Energy
1404.20
351.05
Protein
5.40
1.35
Carbohydrate
28.00
7.00
Sugars
24.60
6.15
Calcium
88.00
22.00
Saturated
16.30
4.08
Sodium
208.00
52.00
Monounsaturated
4.60
1.15
Energy (Cal)
335.93
83.98
Fat
22.00
5.50
Dietary Fibre (total)
2.80
0.70
Polyunsaturated
0.60
0.15
Trans
0.50
0.13
trans
LESS THAN 1g
LESS THAN 1g
* Percentage Daily Intakes are based on an average adult diet of 8700 kJ. Your daily intakes may be higher or lower depending on your energy needs.",,https://www.coles.com.au/product/coles-cheese-apricot-and-almond-190g-7781240,,,2024-06-16T22:58:46.170361-04:00
"Ind54SColes_ADairy, Eggs & Fridge_SAPrimo_IPrimo Trios Cabanossi Cheese & Sour Cream Rice Crackers | 50g",Primo Trios Cabanossi Cheese & Sour Cream Rice Crackers | 50g,Primo,"Dairy, Eggs & Fridge",Primo,Crackers & Snacks,,$4.50,,,$9.00 per 100g,7696581,"Cabanossi, Tasty Cheese and Sour Cream & Chives Flavoured Rice Crackers ",,,"Per 100g/ml
Per Serving
%DI
Energy
1480
740
9
Protein
17.3
8.7
17
Total Fat
24.7
12.4
18
Saturated Fat
12.5
6.3
26
Carbohydrate
16.3
8.2
3
Sugars
<1g
<1g
<1
Sodium
775mg
388mg
17%
* Percentage Daily Intakes are based on an average adult diet of 8700 kJ. Your daily intakes may be higher or lower depending on your energy needs.",,https://www.coles.com.au/product/primo-trios-cabanossi-cheese-and-sour-cream-rice-crackers-50g-7696581,,,2024-06-16T22:58:57.667127-04:00
"Ind54SColes_ADairy, Eggs & Fridge_SACheese_ILemnos Foods Dairy Cheese Paneer | 200g",Lemnos Foods Dairy Cheese Paneer | 200g,Lemnos,"Dairy, Eggs & Fridge",Cheese,Gourmet Cheese,,$8.00,,,$40.00 per 1kg,9334672,"Lemnos Paneer is a very versatile cheese with a mild, milky flavour. It is the perfect addition to curries or can be stirred through soup, added to kebabs or included in stir fries. 

- suitable for vegetarians.

- No artificial flavours.
- No artificial colours.
Mediterranean Lifestyle.
Vacuum sealed for freshness.
No artificial flavours

No artificial colours

Suitable for vegetarians

Made in Australia",,,"Per 100g/ml
Per Serving
%DI
Energy
960 kJ
480 kJ
Protein
15.4g
7.7g
Total Fat
16.2 g
8.1 g
Saturated Fat
11.2 g
5.6 g
Carbohydrate
3.6 g
1.8 g
Sugars
2.4 g
1.2 g
Sodium
320 mg
160 mg
Energy (Cal)
228 Cal
114 Cal
* Percentage Daily Intakes are based on an average adult diet of 8700 kJ. Your daily intakes may be higher or lower depending on your energy needs.",,https://www.coles.com.au/product/lemnos-foods-dairy-cheese-paneer-200g-9334672,,,2024-06-16T22:59:08.645939-04:00
"Ind54SColes_ADairy, Eggs & Fridge_SAPrimo_IPrimo Stacker Danish Salami Cheese & Crackers | 45g",Primo Stacker Danish Salami Cheese & Crackers | 45g,Primo,"Dairy, Eggs & Fridge",Primo,Crackers & Snacks,,$4.50,,,$10.00 per 100g,3757006,"Source of protein
No artificial colours or flavours
Great snack to add to lunch bags",,,"Per 100g/ml
Per Serving
%DI
Energy
1600kJ
720kJ
8%
Protein
20.8g
9.4g
19%
Total Fat
27.0g
12.2g
17%
Saturated Fat
14.0g
6.3g
26%
Carbohydrate
14.2g
6.4g
2%
Sugars
Less than 1g
Less than 1g
<1%
Sodium
1080mg
486mg
21%
* Percentage Daily Intakes are based on an average adult diet of 8700 kJ. Your daily intakes may be higher or lower depending on your energy needs.",,https://www.coles.com.au/product/primo-stacker-danish-salami-cheese-and-crackers-45g-3757006,,,2024-06-16T22:59:19.582088-04:00
"Ind54SColes_ADairy, Eggs & Fridge_SACheese_ILemnos Haloumi Smoked Paprika | 180g",Lemnos Haloumi Smoked Paprika | 180g,Lemnos,"Dairy, Eggs & Fridge",Cheese,Block cheese,,$7.00,,,$38.89 per 1kg,5432512,"Delicious baked, fried or grilled, Lemnos Smoked Paprika Haloumi is the perfect addition to a summer salad, breakfast omelette, or simply served as a crowd pleasing canape.
Made in Australia

Suitable for vegetarians",,,"Per 100g/ml
Per Serving
%DI
Energy
1310 kJ
393 kJ
Protein
19.3 g
5.8 g
Total Fat
25.0 g
7.5 g
Saturated Fat
17.1 g
5.1 g
Carbohydrate
3.4 g
1.0 g
Sugars
3.0 g
Less than 1g
Sodium
1470 mg
441 mg
Energy (Cal)
313 Cal
94 Cal
* Percentage Daily Intakes are based on an average adult diet of 8700 kJ. Your daily intakes may be higher or lower depending on your energy needs.",,https://www.coles.com.au/product/lemnos-haloumi-smoked-paprika-180g-5432512,,,2024-06-16T22:59:30.704070-04:00
"Ind54SColes_ADairy, Eggs & Fridge_SA_IMersey Valley Salt & Vinegar Cheddar | 80g",Mersey Valley Salt & Vinegar Cheddar | 80g,Mersey Valley,"Dairy, Eggs & Fridge",,,,$4.80,Pick any 3 for $12,,$60.00 per 1kg,6845631,,,,,,https://www.coles.com.au/product/mersey-valley-salt-and-vinegar-cheddar-80g-6845631,,,2024-06-16T22:59:39.332567-04:00
"Ind54SColes_ADairy, Eggs & Fridge_SACheese_ISouth Cape Dairy Fetta Crumbed Cheese | 200g",South Cape Dairy Fetta Crumbed Cheese | 200g,South Cape,"Dairy, Eggs & Fridge",Cheese,Gourmet Cheese,,$8.00,,,$40.00 per 1kg,5194378,"South Cape Crumbled Fetta is a Greek style fetta. Already crumbled for your convenience, it comes in a handy resealable tub. Best served with salad and paired with sparkling wine. Liberate your plate with South Cape.",,,"Per 100g/ml
Per Serving
%DI
Energy
1170kJ
292.5kJ
0%
Protein
18g
4.5g
0%
Total Fat
22.6g
5.65g
0%
Saturated Fat
14.7g
3.675g
0%
Carbohydrate
<1g
<1g
0%
Sugars
<1g
<1g
0%
Calcium
470mg
117.5mg
0%
Sodium
1045mg
261.25mg
0%
* Percentage Daily Intakes are based on an average adult diet of 8700 kJ. Your daily intakes may be higher or lower depending on your energy needs.",,https://www.coles.com.au/product/south-cape-dairy-fetta-crumbed-cheese-200g-5194378,,,2024-06-16T22:59:50.383376-04:00
"Ind54SColes_ADairy, Eggs & Fridge_SACheese_IBega Cream Cheese Spreadable Tub | 225g",Bega Cream Cheese Spreadable Tub | 225g,Bega,"Dairy, Eggs & Fridge",Cheese,Cream cheese & spreads,,$5.00,,,$22.22 per 1kg,6134510,"Bega Cream Cheese Spreadable original is proudly Aussie made and owned. 

Deliciously smooth and creamy, Bega Cream Cheese is the perfect spead on top of bagels with smoked salmon, tomatoes and cracked pepper making the ultimate breakfast, mid morning snack or even lunch!

No artificial colours, flavours or preservatives.
Australia's Cream Cheese

Proudly Australian Made and Owned

No artificial colours, flavours or preservatives

Supports the Better Farms program",,,"Per 100g/ml
Per Serving
%DI
Energy
1220kJ
305kJ
4%
Protein
7.2g
1.8g
4%
Total Fat
28.1g
7.0g
10%
Saturated Fat
18.9g
4.7g
20%
Carbohydrate
3.4g
<1.0g
<1%
Sugars
2.9g
<1.0g
<1%
Sodium
288mg
72mg
3%
* Percentage Daily Intakes are based on an average adult diet of 8700 kJ. Your daily intakes may be higher or lower depending on your energy needs.",,https://www.coles.com.au/product/bega-cream-cheese-spreadable-tub-225g-6134510,,,2024-06-16T23:00:01.321176-04:00
"Ind54SColes_ADairy, Eggs & Fridge_SACheese_IColes Danish Blue Cheese | 100g",Coles Danish Blue Cheese | 100g,Coles,"Dairy, Eggs & Fridge",Cheese,Blue cheese,,$4.40,,,$44.00 per 1kg,3020580,"Blue Vein soft cheese, matured in Denmark for a smooth texture and tangy flavour 100g",,,"Per 100g/ml
Per Serving
%DI
Energy
1405
351.25
Protein
19.9
4.98
Total Fat
28.6
7.15
Carbohydrate
0.5
0.13
Sugars
0.5
0.13
Calcium
536
134
Sodium
1320
330
Saturated
18.2
4.55
Energy (Cal)
336.12
84.03
Dietary Fibre (total)
0
0
* Percentage Daily Intakes are based on an average adult diet of 8700 kJ. Your daily intakes may be higher or lower depending on your energy needs.","INGREDIENTS: Pasteurised Milk, Salt, Starter Culture (Milk), Enzyme (Vegetarian Rennet), Cultures, Lipase, Mineral Salt (509).",https://www.coles.com.au/product/coles-danish-blue-cheese-100g-3020580,,,2024-06-16T23:00:12.347208-04:00
"Ind54SColes_ADairy, Eggs & Fridge_SACheese_IColes French Goat's Cheese | 110g",Coles French Goat's Cheese | 110g,Coles,"Dairy, Eggs & Fridge",Cheese,Specialty & entertaining cheese,,$4.50,,,$40.91 per 1kg,3275978,"Coles Dairy Goat's cheese, 110g. Made in France, a smooth Goat's milk cheese with a soft and light texture. Perfect for entertaining or on toast and pizza.",,,"Per 100g/ml
Per Serving
%DI
Energy
1044.37
229.76
3
Protein
15.94
3.51
7
Total Fat
19.4
4.27
6
Saturated Fat
13.74
3.02
13
Carbohydrate
3.27
0.72
0
Sodium
518
113.96
5
Energy (Cal)
249.85
54.97
Dietary Fibre
0
0
* Percentage Daily Intakes are based on an average adult diet of 8700 kJ. Your daily intakes may be higher or lower depending on your energy needs.",,https://www.coles.com.au/product/coles-french-goat's-cheese-110g-3275978,,,2024-06-16T23:00:25.351919-04:00
"Ind54SColes_ADairy, Eggs & Fridge_SACheese_IBega Cheese Grated Light | 250g",Bega Cheese Grated Light | 250g,Bega,"Dairy, Eggs & Fridge",Cheese,Grated cheese,,$7.50,,,$30.00 per 1kg,7699284,"What makes Bega... Bega?
Over 100 years of dairying heritage resulting in the unique Bega taste you know and love. ",,,"Per 100g/ml
Per Serving
%DI
Energy
1140kJ
285kJ
3%
Protein
34.4g
8.6g
17%
Total Fat
15.0g
3.8g
5%
Saturated Fat
9.0g
2.3g
10%
Carbohydrate
Less than 1g
Less than 1g
0%
Sugars
Less than 1g
Less than 1g
0%
Calcium
940mg
235mg
Sodium
600mg
150mg
6%
* Percentage Daily Intakes are based on an average adult diet of 8700 kJ. Your daily intakes may be higher or lower depending on your energy needs.",,https://www.coles.com.au/product/bega-cheese-grated-light-250g-7699284,,,2024-06-16T23:00:36.252522-04:00
"Ind54SColes_ADairy, Eggs & Fridge_SACheese_ILa Casa Del Formaggio Original Bocconcini Cheese | 220g",La Casa Del Formaggio Original Bocconcini Cheese | 220g,La Casa Del Formaggio,"Dairy, Eggs & Fridge",Cheese,Gourmet Cheese,,$6.00,,,$27.27 per 1kg,8981404,"Traditional Bocconcini is perfect for slicing over pizzas and lasagnas for a moist, creamy melt. The Traditional is also brilliant for slicing and layering with tomato and basil for a Caprese Salad or tearing and mixing into other salads. Flavours that go well with Traditional Bocconcini include eggplant, olives, tomato, basil, parsley, and sun-dried tomatoes. Traditional Bocconcini are 30g sized balls of fresh mozzarella. Bocconcini is a type of Pasta Filata or stretched curd, which is a delicately flavoured fresh cheese that has a texture very similar to al dente pasta. It is used to carry other flavours such as fresh herbs and extra virgin olive oil in salads.",,,"Per 100g/ml
Per Serving
%DI
Energy
1110kJ
488kJ
Protein
17.9g
7.9g
Total Fat
20.3g
8.9g
Saturated Fat
14.3g
6.3g
Carbohydrate
3.4g
1.5g
Sugars
<1g
<1g
Calcium
396mg
174mg
21%
Sodium
74mg
33mg
* Percentage Daily Intakes are based on an average adult diet of 8700 kJ. Your daily intakes may be higher or lower depending on your energy needs.","Pasteurised Cows' Milk, Salt, Non-animal Rennet, Starter Cultures.",https://www.coles.com.au/product/la-casa-del-formaggio-original-bocconcini-cheese-220g-8981404,,,2024-06-16T23:00:47.169967-04:00
"Ind54SColes_ADairy, Eggs & Fridge_SAPantry items_ICastello Double Cream Truffle Cheese | 150g",Castello Double Cream Truffle Cheese | 150g,Castello,"Dairy, Eggs & Fridge",Pantry items,World foods,,$8.50,,,"$56.67 per 1kg
Was $9.00 on Apr 2024",3301820,"The softness of a double cream brie combined with rich summer truffles, for an earthy flavour and a creamy texture throughout",,,"Per 100g/ml
Per Serving
%DI
Energy
1670kJ
417kJ
Protein
14g
3.5g
Total Fat
38g
9.5g
Saturated Fat
24g
6g
Carbohydrate
0.3g
<1g
Sugars
0.2g
<1g
Sodium
591mg
148mg
* Percentage Daily Intakes are based on an average adult diet of 8700 kJ. Your daily intakes may be higher or lower depending on your energy needs.","Pasteurised Milk and Cream, Truffle Preparation (Summer Truffle Tuber Aestivum (2%), Water, Salt), Salt, Lactic Acid Culture, Truffle Flavouring (0.1%), Non-Animal Rennet (Microbial), White Mould Culture",https://www.coles.com.au/product/castello-double-cream-truffle-cheese-150g-3301820,,,2024-06-16T23:00:58.514122-04:00
"Ind54SColes_ADairy, Eggs & Fridge_SACheese_IColes Dairy Cheese Fetta Aust Style | 200g",Coles Dairy Cheese Fetta Aust Style | 200g,Coles,"Dairy, Eggs & Fridge",Cheese,Gourmet Cheese,,$3.50,,,$17.50 per 1kg,9808755,"Coles Dairy Australian style fetta cheese, 200g. A semi soft cheese with an open crumbly texture, perfect for salads and barbecues.",,,"Per 100g/ml
Per Serving
%DI
Energy
1137.72
284.43
Protein
18.00
4.50
Carbohydrate
0.93
0.23
Sugars
0.10
0.03
Calcium
245.00
61.25
Sodium
1160.00
290.00
Saturated
15.17
3.79
Energy (Cal)
272.18
68.05
Fat
22.03
5.51
Dietary Fibre (total)
0.10
0.03
* Percentage Daily Intakes are based on an average adult diet of 8700 kJ. Your daily intakes may be higher or lower depending on your energy needs.",,https://www.coles.com.au/product/coles-dairy-cheese-fetta-aust-style-200g-9808755,,,2024-06-16T23:01:09.556988-04:00
"Ind54SColes_ADairy, Eggs & Fridge_SACheese_IMersey Valley Club Vintage Dairy Extra Tasty Cheddar Cheese | 180g",Mersey Valley Club Vintage Dairy Extra Tasty Cheddar Cheese | 180g,Mersey Valley,"Dairy, Eggs & Fridge",Cheese,Cheddar & tasty cheese,,$8.65,,,$48.06 per 1kg,6580526,"Mersey Valley Classic has a strong cheddar bite with a crumbly, melt in your mouth texture that has you coming back for more. Mersey Valley Classic is best paired with tomato relish, gherkins and cold meats, and best served with light craft beer or light red wine.Perfect for a snack that really hits the spot!",,,"Per 100g/ml
Per Serving
%DI
Energy
1740kJ
435kJ
0%
Protein
24.8g
6.2g
0%
Total Fat
33g
8.25g
0%
Saturated Fat
21.1g
5.275g
0%
Carbohydrate
1.4g
<1g
0%
Sugars
<1g
<1g
0%
Calcium
725mg
181.25mg
0%
Sodium
762mg
190.5mg
0%
* Percentage Daily Intakes are based on an average adult diet of 8700 kJ. Your daily intakes may be higher or lower depending on your energy needs.","Cheese (Milk, Salt, Mineral Salt (509), Cultures, Rennet), Cheese Flavour, Preservatives (202, 221), Emulsifiers (450,452,339), Colour (171).",https://www.coles.com.au/product/mersey-valley-club-vintage-dairy-extra-tasty-cheddar-cheese-180g-6580526,,,2024-06-16T23:01:20.727826-04:00
"Ind54SColes_ADairy, Eggs & Fridge_SACheese_IMainland Vintage Cheese Block | 400g",Mainland Vintage Cheese Block | 400g,Mainland,"Dairy, Eggs & Fridge",Cheese,Block cheese,,$10.00,,,$25.00 per 1kg,3274283,Mainland Cheese Vintage Block 400g,,,"Per 100g/ml
Per Serving
%DI
Energy
1800 kJ
450 kJ
5%
Protein
23.3 g
5.8 g
12%
Total Fat
37.4 g
9.4 g
13%
Saturated Fat
22.5 g
5.6 g
23%
Carbohydrate
LESS THAN 1 g
LESS THAN 1 g
0%
Sugars
LESS THAN 1 g
LESS THAN 1 g
0%
Calcium
760 mg
190 mg
24% RDI*
Sodium
696 mg
174 mg
8%
* Percentage Daily Intakes are based on an average adult diet of 8700 kJ. Your daily intakes may be higher or lower depending on your energy needs.",,https://www.coles.com.au/product/mainland-vintage-cheese-block-400g-3274283,,,2024-06-16T23:01:31.959957-04:00
"Ind54SColes_ADairy, Eggs & Fridge_SACheese_IRiverina Haloumi | 900g",Riverina Haloumi | 900g,Riverina,"Dairy, Eggs & Fridge",Cheese,Gourmet Cheese,,$18.00,,$21.00,$20.00 per 1kg,3757163,"Award Winning, 100% Australian Owned Haloumi!

Our Haloumi is made using the highest quality milk from our own farm, situated on the fertile banks of the Murray River at Corowa, NSW.

Haloumi Cheese is a semi-hard stretched curd cheese. It has a high melting point, so can easily be fried or grilled without melting. Its salty flavour and unique texture is delicious when barbequed, with a squeeze of lemon or added to salads or skewers, along with vegetables and meat. Larger cut slices are great on burgers or it can be used in baking as a grated cheese on potatoes or pizzas. Endless possibilities!
100% Australian Owned & Made

All Natural Ingredients

Milk from our own farm

Award Winning

Source of Protein

Suitable for Vegetarians.",,,"Per 100g/ml
Per Serving
%DI
Energy
1240kJ
310kJ
Protein
19.1g
4.8g
Total Fat
22.8g
5.7g
Saturated Fat
15.4g
3.9g
Carbohydrate
4g
1g
Sugars
2.3g
0.6g
Sodium
1140mg
285mg
* Percentage Daily Intakes are based on an average adult diet of 8700 kJ. Your daily intakes may be higher or lower depending on your energy needs.",,https://www.coles.com.au/product/riverina-haloumi-900g-3757163,,,2024-06-16T23:01:42.681384-04:00
"Ind54SColes_ADairy, Eggs & Fridge_SACheese_IColes Cheddar Cheese Block | 1kg",Coles Cheddar Cheese Block | 1kg,Coles,"Dairy, Eggs & Fridge",Cheese,Block cheese,,$9.90,,,$9.90 per 1kg,2071305,Coles Cheddar Cheese block. Ideal for cubing and slicing with a strength indicator of 2 for a mild and creamy flavour.,,,"Per 100g/ml
Per Serving
%DI
Sugars
0.10
0.03
Saturated
24.70
6.18
Fat
35.10
8.78
Dietary Fibre (total)
0.40
0.10
* Percentage Daily Intakes are based on an average adult diet of 8700 kJ. Your daily intakes may be higher or lower depending on your energy needs.",,https://www.coles.com.au/product/coles-cheddar-cheese-block-1kg-2071305,,,2024-06-16T23:01:53.544532-04:00
"Ind54SColes_ADairy, Eggs & Fridge_SACheese_ICheer Tasty Cheese Slices | 250g",Cheer Tasty Cheese Slices | 250g,Cheer,"Dairy, Eggs & Fridge",Cheese,Sliced cheese,,$7.30,,,$29.20 per 1kg,7648603,"NEW CHEER Cheese slices - refill pack! Now with 80% less plastic* and available in all 250g cheese slice variants. Bring a little CHEER, with a lot less plastic. Simply BYO container and help us save the extra plastic! *Compared to the weight of previous CHEER Slices 250g packagingCHEER Cheese 250g Tasty Cheese Slices are perfect for lunch box sandwiches on the go or to create delicious cheesy toasties at home! With a mild cheese flavour and 16 slice pack, CHEER Tasty Cheese Slices are the perfect everyday fridge staple.- 16 Tasty cheese slices - Simply BYO container and help us save the extra plastic! - Made in Australia from 100% Australian cow's milk- Vegetarian friendly- Preservative free- Mild cheese flavour- Perfect for your back to school lunch box or as a snack when relaxing at home!",,,"Per 100g/ml
Per Serving
%DI
Energy
1690kJ
270kJ
3%
Protein
25.8g
4.1g
8%
Total Fat
33.3g
5.3g
8%
Saturated Fat
21.6g
3.5g
14%
Carbohydrate
<1g
<1g
1%
Sugars
<1g
<1g
1%
Calcium
750mg
120mg
15%
Sodium
720mg
115mg
5%
* Percentage Daily Intakes are based on an average adult diet of 8700 kJ. Your daily intakes may be higher or lower depending on your energy needs.","Pasteurised milk, starter cultures (milk), salt, enzymes (non-animal rennet, non-animal lipase).",https://www.coles.com.au/product/cheer-tasty-cheese-slices-250g-7648603,,,2024-06-16T23:02:05.783893-04:00
"Ind54SColes_ADairy, Eggs & Fridge_SACheese_ICheer Light & Tasty Cheese Slices | 750g",Cheer Light & Tasty Cheese Slices | 750g,Cheer,"Dairy, Eggs & Fridge",Cheese,Sliced cheese,,$14.00,,,$18.67 per 1kg,5420590,"Enjoy the great classic taste of CHEER Cheese with 25% less fat*. A mild flavour makes it perfect for families. *Contains 25% less fat than CHEER Tasty Cheese.CHEER Cheese Light & Tasty 750g Cheese Slices are perfect for lunch box sandwiches on the go or to create delicious cheesy toasties at home! With 25% less fat* and a 18 slice value pack format, CHEER Light & Tasty Cheese Slices are perfect for the whole family.- 48 Light & Tasty cheese slices - Made in Australia from 100% Australian cow's milk- Vegetarian friendly- Preservative free- Mild cheese flavour- Natural reduced fat cheese- Perfect for your back to school lunch box!",,,"Per 100g/ml
Per Serving
%DI
Energy
1400kJ
294kJ
3%
Protein
30g
6.3g
13%
Total Fat
23.6g
5g
7%
Saturated Fat
15.3g
3.2g
13%
Carbohydrate
<1g
<1g
1%
Sugars
<1g
<1g
1%
Calcium
860mg
181mg
23%
Sodium
700mg
147mg
6%
* Percentage Daily Intakes are based on an average adult diet of 8700 kJ. Your daily intakes may be higher or lower depending on your energy needs.",,https://www.coles.com.au/product/cheer-light-and-tasty-cheese-slices-750g-5420590,,,2024-06-16T23:02:18.024895-04:00
"Ind54SColes_ADairy, Eggs & Fridge_SACheese_ILa Casa Del Formaggio Mozzarella Ball | 250g",La Casa Del Formaggio Mozzarella Ball | 250g,La Casa Del Formaggio,"Dairy, Eggs & Fridge",Cheese,Block cheese,,$5.50,,,$22.00 per 1kg,2485512,"Mozzarella is delicious melted on pizzas and toasted focaccia rolls. It is a key ingredient in lasagnas, casseroles, pasta bakes and most other cheesy hot dishes. Simple to use, just grate or slice, and add to your favourite dish. Mozzarella, also from the Pasta Filata family, is lower in moisture than Bocconcini. La Casa Del Formaggio's Mozzarella follows the same manufacturing process as the Bocconcini products, only it is cooked a little longer in its own whey to expel more moisture, making it one of the purest Mozzarellas on the market, with absolutely no artificial preservatives. Our Mozzarella is higher moisture than standard pizza cheese, which means it stays rich and creamy when melted at high temperatures.",,,"Per 100g/ml
Per Serving
%DI
Energy
1260kJ
315kJ
Protein
24.8g
6.2g
Total Fat
22.4g
5.6g
Saturated Fat
15g
3.8g
Carbohydrate
<1g
<1g
Sugars
<1g
<1g
Calcium
730mg
182mg
22%
Sodium
341mg
85mg
* Percentage Daily Intakes are based on an average adult diet of 8700 kJ. Your daily intakes may be higher or lower depending on your energy needs.",,https://www.coles.com.au/product/la-casa-del-formaggio-mozzarella-ball-250g-2485512,,,2024-06-16T23:02:29.598165-04:00
"Ind54SColes_ADairy, Eggs & Fridge_SACheese_IBega Bar-B-Cubes Tasty Cheese | 500g",Bega Bar-B-Cubes Tasty Cheese | 500g,Bega,"Dairy, Eggs & Fridge",Cheese,Cheese snacks,,$10.50,,,$21.00 per 1kg,467189,Bega Cheese Bar B Cubes 500g,,,,"Cheddar Cheese [Milk, Salt, Cultures, Enzyme (Non-Animal Rennet)], Anti-caking Agent (460), Preservative (200).",https://www.coles.com.au/product/bega-bar-b-cubes-tasty-cheese-500g-467189,,,2024-06-16T23:02:38.672062-04:00
"Ind54SColes_ADairy, Eggs & Fridge_SACheese_IPhiladelphia Lactose Free Block | 250g",Philadelphia Lactose Free Block | 250g,Philadelphia,"Dairy, Eggs & Fridge",Cheese,Cheese snacks,,$5.70,,,$22.80 per 1kg,3575891,"Philadelphia Lactose Free is made with the Enzyme Lactase which works by converting the Lactose in Milk into Galactose and Glucose making it friendly for those who are lactose intolerant. Philadelphia Lactose Free is fantastically versatile. It is your essential ingredient for a lactose free cheesecake or as an icing alternative for all your baking creations. You can also have it with crackers, use it for a creamy pasta carbonara or even  for your salads
Deliciously Creamy

Philadelphia is made in Australia since 1956

Natural ingredients

No artificial colours or flavours

Made with at least 95% Australian ingredients.",,,"Per 100g/ml
Per Serving
%DI
Energy
1380kJ
344kJ
4%
Protein
7.1g
1.8g
4%
Total Fat
32.7g
8.2g
12%
Saturated Fat
22.8g
5.7g
24%
Carbohydrate
2.5g
<1.0g
<1%
Sugars
2.3g
<1.0g
1%
Lactose
Not Detected
Not Detected
0
Sodium
360mg
90mg
4%
Monounsaturated
0
0
0
Energy (Cal)
0
0
0
Dietary Fibre (total)
<1.0g
<1.0g
<1%
Polyunsaturated
0
0
0
Galactose
1.3g
0.3g
0
Trans
0
0
0
* Percentage Daily Intakes are based on an average adult diet of 8700 kJ. Your daily intakes may be higher or lower depending on your energy needs.",,https://www.coles.com.au/product/philadelphia-lactose-free-block-250g-3575891,,,2024-06-16T23:02:50.490912-04:00
"Ind54SColes_ADairy, Eggs & Fridge_SACheese_IMoondarra Cheese Honey Fig & Macadamia | 120g",Moondarra Cheese Honey Fig & Macadamia | 120g,Moondarra,"Dairy, Eggs & Fridge",Cheese,Specialty & entertaining cheese,,$3.30,,$3.90,$27.50 per 1kg,5437968,"Australian made and Australian owned, Moondarra Honey, Fig & Macadamia 120g is a generous quantity of dried figs encased in smooth, honey flavoured cream cheese, surrounded by roasted macadamias.",,,"Per 100g/ml
Per Serving
%DI
Energy
1470kJ
441kJ
Protein
7.6g
2.3g
Total Fat
27.7g
8.3g
Saturated Fat
17.6g
5.3g
Carbohydrate
18.5g
5.6g
Sugars
12.9g
3.9g
Sodium
302mg
91mg
* Percentage Daily Intakes are based on an average adult diet of 8700 kJ. Your daily intakes may be higher or lower depending on your energy needs.",,https://www.coles.com.au/product/moondarra-cheese-honey-fig-and-macadamia-120g-5437968,,,2024-06-16T23:03:01.503874-04:00
"Ind54SColes_ADairy, Eggs & Fridge_SADairy, chilled & frozen_IPrimo Duos Mild Twiggy Bites And Cheese | 50g",Primo Duos Mild Twiggy Bites And Cheese | 50g,Primo,"Dairy, Eggs & Fridge","Dairy, chilled & frozen",Cheese & yoghurt,,$3.75,,,"$7.50 per 100g
Was $4.25 on May 2024",4380560,Primo Duos Mild Twiggy Bites & Cheddar Cheese is a source of protein. Contains no artificial flavours and colours.,,,"Per 100g/ml
Per Serving
%DI
Energy
1640kJ
820kJ
9%
Protein
22.3g
11.2g
22%
Total Fat
31.6g
15.8g
23%
Saturated Fat
16.7g
8.4g
35%
Carbohydrate
4.8g
2.4g
<1%
Sugars
3.5g
1.8g
2%
Sodium
723mg
362mg
16%
* Percentage Daily Intakes are based on an average adult diet of 8700 kJ. Your daily intakes may be higher or lower depending on your energy needs.","Mild Twiggy [Pork, Cure [Maltodextrin (Maize or Tapioca), Salt, Dextrose (Maize or Tapioca), Tapioca Starch, Dried Vegetables (Onion, Garlic), Spice, Smoke Flavour, Sugar, Mineral Salts (451, 450), Antioxidant (316), Preservative (250)], Acidity Regulators (326, 262), Edible Beef Collagen Casing [Colours (150c, 120, 160b)], Wood Smoke], Cheese [Milk, Salt, Cultures, Enzyme (Rennet), Preservative (200)].",https://www.coles.com.au/product/primo-duos-mild-twiggy-bites-and-cheese-50g-4380560,,,2024-06-16T23:03:12.585391-04:00
"Ind54SColes_ADairy, Eggs & Fridge_SACheese_IColes Dairy Cheese Tasty | 1kg",Coles Dairy Cheese Tasty | 1kg,Coles,"Dairy, Eggs & Fridge",Cheese,Block cheese,,$13.90,,,$13.90 per 1kg,287609,Coles Dairy 1kg tasty cheese block. A matured rich and tasty flavour with a strength indicator of 3. Ideal for cubing and slicing.,,,"Per 100g/ml
Per Serving
%DI
Energy
1700.70
425.18
Protein
24.40
6.10
Carbohydrate
0.10
0.03
Sugars
0.10
0.03
Calcium
708.00
177.00
Sodium
700.00
175.00
Saturated
23.60
5.90
Energy (Cal)
406.87
101.72
Fat
34.60
8.65
Dietary Fibre (total)
0.50
0.13
* Percentage Daily Intakes are based on an average adult diet of 8700 kJ. Your daily intakes may be higher or lower depending on your energy needs.",,https://www.coles.com.au/product/coles-dairy-cheese-tasty-1kg-287609,,,2024-06-16T23:03:23.475120-04:00
"Ind54SColes_ADairy, Eggs & Fridge_SACheese_IDodoni Halloumi | 225g",Dodoni Halloumi | 225g,Dodoni,"Dairy, Eggs & Fridge",Cheese,Gourmet Cheese,,$8.50,,,$37.78 per 1kg,1843435,"Authentic Cypriot halloumi cheese with mint, made from cow, sheep and goats milk.",,,"Per 100g/ml
Per Serving
%DI
Energy
1322kJ
397kJ
Protein
23g
6.9g
Total Fat
24g
7.2g
Saturated Fat
16g
4.8g
Carbohydrate
2g
0.6g
Sugars
2g
0.6g
Sodium
3000mg
900mg
* Percentage Daily Intakes are based on an average adult diet of 8700 kJ. Your daily intakes may be higher or lower depending on your energy needs.",,https://www.coles.com.au/product/dodoni-halloumi-225g-1843435,,,2024-06-16T23:03:34.455850-04:00
"Ind54SColes_ADairy, Eggs & Fridge_SACheese_ICastello Authentic Greek Feta | 150g",Castello Authentic Greek Feta | 150g,Castello,"Dairy, Eggs & Fridge",Cheese,Feta cheese,,$6.50,,,$43.34 per 1kg,5437957,,,,,,https://www.coles.com.au/product/castello-authentic-greek-feta-150g-5437957,,,2024-06-16T23:03:43.202016-04:00
"Ind54SColes_ADairy, Eggs & Fridge_SACheese_IThe Organic Milk Co Organic Cheddar Cubes | 250g",The Organic Milk Co Organic Cheddar Cubes | 250g,The Organic Milk Co,"Dairy, Eggs & Fridge",Cheese,Cheese snacks,,$7.00,,,$28.00 per 1kg,6928273,,,,,,https://www.coles.com.au/product/the-organic-milk-co-organic-cheddar-cubes-250g-6928273,,,2024-06-16T23:03:53.422479-04:00
"Ind54SColes_ADairy, Eggs & Fridge_SAColes Finest_IColes Finest Vintage British Cheddar | 200g",Coles Finest Vintage British Cheddar | 200g,Coles,"Dairy, Eggs & Fridge",Coles Finest,cheeses,,$5.00,,,$25.00 per 1kg,3273270,"With the famous rich, bold taste, this crumbly Vintage Cheddar has been aged for up to 18 months for even greater depth of flavour 200g",,,"Per 100g/ml
Per Serving
%DI
Energy
1724.80
431.20
Protein
25.40
6.35
Total Fat
34.90
8.73
Saturated Fat
21.70
5.43
Carbohydrate
0.10
0.03
Sugars
0.10
0.03
Sodium
723.00
180.75
Energy (Cal)
412.63
103.16
Dietary Fibre (total)
0.00
0.00
Trans
1.40
0.35
* Percentage Daily Intakes are based on an average adult diet of 8700 kJ. Your daily intakes may be higher or lower depending on your energy needs.",,https://www.coles.com.au/product/coles-finest-vintage-british-cheddar-200g-3273270,,,2024-06-16T23:04:04.339791-04:00
"Ind54SColes_ADairy, Eggs & Fridge_SACheese_IRiverina Fetta Smooth | 200g",Riverina Fetta Smooth | 200g,Riverina,"Dairy, Eggs & Fridge",Cheese,Feta cheese,,$5.30,,,$26.50 per 1kg,4961314,"Award Winning, Australian Owned Smooth Style Fetta!

It's the Double Cream in our Fetta which gives it a smooth and creamy mouth feel and flavour. Perfectly balanced with a salty tang and smooth yet crumbly texture, our Smooth Style Fetta is uniquely delicious.

Our Fetta is made using the highest quality milk from our own farm situated on the fertile banks of the Murray River at Corowa NSW
Australian Owned & Made Smooth Fetta

All Natural Ingredients

Made with Double Cream",,,"Per 100g/ml
Per Serving
%DI
Energy
1415kJ
354kJ
Protein
10.7g
2.7g
Total Fat
31.5g
7.9g
Saturated Fat
21.6g
5.4g
Carbohydrate
4.0g
1.0g
Sugars
1.2g
0.3g
Calcium
290mg
72mg
Sodium
700mg
175mg
* Percentage Daily Intakes are based on an average adult diet of 8700 kJ. Your daily intakes may be higher or lower depending on your energy needs.","Pasteurised Cow's Milk and Cream, Salt, Non-Animal Rennet and Cultures.",https://www.coles.com.au/product/riverina-fetta-smooth-200g-4961314,,,2024-06-16T23:04:15.608360-04:00
"Ind54SColes_ADairy, Eggs & Fridge_SACheese_IColes Ash Brie | 200g",Coles Ash Brie | 200g,Coles,"Dairy, Eggs & Fridge",Cheese,Brie & soft cheese,,$5.50,,,$27.50 per 1kg,3276970,"Coles Ash Brie, 200g. Creamy and buttery cheese coated in ash, crafted in Northern Tasmania with Australian milk. Perfect for entertaining.",,,"Per 100g/ml
Per Serving
%DI
Energy
1468.18
367.05
Protein
17.70
4.43
Total Fat
31.50
7.88
Carbohydrate
0.10
0.03
Sugars
0.10
0.03
Calcium
403.00
100.75
Sodium
536.00
134.00
Saturated
21.90
5.48
Energy (Cal)
351.24
87.81
Dietary Fibre (total)
0.01
0.00
Trans
1.50
0.38
* Percentage Daily Intakes are based on an average adult diet of 8700 kJ. Your daily intakes may be higher or lower depending on your energy needs.",,https://www.coles.com.au/product/coles-ash-brie-200g-3276970,,,2024-06-16T23:04:28.503942-04:00
"Ind54SColes_ADairy, Eggs & Fridge_SAPrimo_IPrimo Stacker Leg Ham Cheese & Crackers | 50g",Primo Stacker Leg Ham Cheese & Crackers | 50g,Primo,"Dairy, Eggs & Fridge",Primo,Crackers & Snacks,,$4.50,,,$9.00 per 100g,3752705,Primo Stackers Leg Ham Cheddar Cheese & Crackers is a great source of protein and has no artificial colours or flavours. Perfect for a quick snack.,,,"Per 100g/ml
Per Serving
%DI
Energy
1130kJ
566kJ
7%
Protein
19.9g
9.9g
20%
Total Fat
13.3g
6.7g
10%
Saturated Fat
8.6g
4.3g
18%
Carbohydrate
17.6g
8.8g
3%
Sugars
1g
Less than 1g
<1%
Sodium
804mg
402mg
17%
* Percentage Daily Intakes are based on an average adult diet of 8700 kJ. Your daily intakes may be higher or lower depending on your energy needs.",,https://www.coles.com.au/product/primo-stacker-leg-ham-cheese-and-crackers-50g-3752705,,,2024-06-16T23:04:39.718603-04:00
"Ind54SColes_ADairy, Eggs & Fridge_SAPrimo_IPrimo Stackers Spicy Chorizo Cheese & Crackers | 50g",Primo Stackers Spicy Chorizo Cheese & Crackers | 50g,Primo,"Dairy, Eggs & Fridge",Primo,Crackers & Snacks,,$4.50,,,$9.00 per 100g,3755441,Primo Stackers Spicy Chorizo Cheddar Cheese & Crackers is a source of protein and has no artificial colours or flavours.,,,"Per 100g/ml
Per Serving
%DI
Energy
1660kJ
830kJ
10%
Protein
20.2g
10.1g
20%
Total Fat
27.7g
13.8g
20%
Saturated Fat
13.9g
7.0g
29%
Carbohydrate
16.3g
8.2g
3%
Sugars
<1g
<1g
<1%
Sodium
978mg
489mg
21%
* Percentage Daily Intakes are based on an average adult diet of 8700 kJ. Your daily intakes may be higher or lower depending on your energy needs.",,https://www.coles.com.au/product/primo-stackers-spicy-chorizo-cheese-and-crackers-50g-3755441,,,2024-06-16T23:04:51.280499-04:00
"Ind54SColes_ADairy, Eggs & Fridge_SACheese_IBega Cheese Block Tasty | 750g",Bega Cheese Block Tasty | 750g,Bega,"Dairy, Eggs & Fridge",Cheese,Block cheese,,$13.50,,,$18.00 per 1kg,166568,"What makes Bega... Bega?
Over 100 years of dairying heritage resulting in the unique Bega taste you know and love.

100% Natural.",,,"Per 100g/ml
Per Serving
%DI
Energy
1720kJ
430kJ
5%
Protein
24.2g
6.1g
12%
Total Fat
35.3g
8.8g
13%
Saturated Fat
21.3g
5.3g
22%
Carbohydrate
LESS THAN 1g
LESS THAN 1g
0%
Sugars
LESS THAN 1g
LESS THAN 1g
0%
Calcium
660mg
165mg (23%RDI)
Sodium
720mg
180mg
8%
* Percentage Daily Intakes are based on an average adult diet of 8700 kJ. Your daily intakes may be higher or lower depending on your energy needs.",,https://www.coles.com.au/product/bega-cheese-block-tasty-750g-166568,,,2024-06-16T23:05:02.742921-04:00
"Ind54SColes_ADairy, Eggs & Fridge_SACheese_IThe Organic Milk Co. Organic Shredded Cheddar | 250g",The Organic Milk Co. Organic Shredded Cheddar | 250g,The Organic Milk Co,"Dairy, Eggs & Fridge",Cheese,Grated cheese,,$6.50,,,$26.00 per 1kg,4380887,"Our products start with a passion for quality, organic milk. No additives, antibiotics or GMOs.

Our Organic Cheddar is aged up to 12 months and selected when the flavour has developed a hint of sharpness and a smooth texture. A versatile all rounder, sure to please the whole family.",,,"Per 100g/ml
Per Serving
%DI
Energy
1660
415
Protein
25.0
6.3
Total Fat
32.5
8.1
Saturated Fat
21.2
5.3
Carbohydrate
1.3
<1.0
Sugars
<1.0
<1.0
Sodium
645
161
* Percentage Daily Intakes are based on an average adult diet of 8700 kJ. Your daily intakes may be higher or lower depending on your energy needs.",,https://www.coles.com.au/product/the-organic-milk-co.-organic-shredded-cheddar-250g-4380887,,,2024-06-16T23:05:14.323801-04:00
"Ind54SColes_ADairy, Eggs & Fridge_SACheese_IThe Organic Milk Co Organic Cheddar Block | 400g",The Organic Milk Co Organic Cheddar Block | 400g,The Organic Milk Co,"Dairy, Eggs & Fridge",Cheese,Block cheese,,$9.00,,,$22.50 per 1kg,4380854,"Our products start with a passion for quality, organic milk. No additives, antibiotics or GMOs.

Our Organic Cheddar is aged up to 12 months and selected when the flavour has developed a hint of sharpness and a smooth texture. A versatile all rounder, sure to please the whole family.",,,"Per 100g/ml
Per Serving
%DI
Energy
1660
415
Protein
25.4
6.3
Total Fat
33
8.2
Saturated Fat
21.5
5.3
Carbohydrate
<1.0
<1.0
Sugars
<1.0
<1.0
Sodium
655
163.7
* Percentage Daily Intakes are based on an average adult diet of 8700 kJ. Your daily intakes may be higher or lower depending on your energy needs.","Pasteurised Organic Milk, Salt, Non-animal GMO Enzyme, Culture.",https://www.coles.com.au/product/the-organic-milk-co-organic-cheddar-block-400g-4380854,,,2024-06-16T23:05:26.324462-04:00
"Ind54SColes_ADairy, Eggs & Fridge_SA_IAshgrove Natural Wood Cold Smoked Havarti Cheese Block | 140g",Ashgrove Natural Wood Cold Smoked Havarti Cheese Block | 140g,Ashgrove,"Dairy, Eggs & Fridge",,,,$7.50,,,$53.57 per 1kg,3272925,"Ashgrove Lake Burbury Tasmanian Smoked Havarti is soft, creamy and naturally wood smoked. Pair with Tasmanian cider and salami. 100% Tassie family-owned from paddock to plate. Family farm since 1908. Grass, cow, you.",,,"Per 100g/ml
Per Serving
%DI
Energy
1540kJ
308kJ
Protein
24.0g
4.8g
Total Fat
30.3g
6.1g
Saturated Fat
22.2g
4.4g
Carbohydrate
0.9g
0.2g
Sugars
0.1g
0.0
Calcium
774mg
155mg
Sodium
567mg
113mg
Trans
1.4g
0.3g
* Percentage Daily Intakes are based on an average adult diet of 8700 kJ. Your daily intakes may be higher or lower depending on your energy needs.",,https://www.coles.com.au/product/ashgrove-natural-wood-cold-smoked-havarti-cheese-block-140g-3272925,,,2024-06-17T09:46:40.320486-04:00
"Ind54SColes_ADairy, Eggs & Fridge_SACream & Custard_IMeander Valley Double Cream | 200mL",Meander Valley Double Cream | 200mL,Meander Valley,"Dairy, Eggs & Fridge",Cream & Custard,Cream,,$4.80,,,$2.40 per 100mL,3308487,"Meander Valley Dairy was established in 2003 in Northern Tasmania by the Dornauf family, whose farming roots date back to 1964.

From the beginning and to this very day, Meander Valley Dairy delivers quality craftmanship and minimal ingredients to create thick, rich pure cream, adding some indulgence into everyday lives.
Crafted with Passion in Tasmania

Proudly made with Tasmanian milk

Pure Indulgence

Product of Australia",,,"Per 100g/ml
Per Serving
%DI
Energy
2140 kJ
535 kJ
6%
Protein
1.6 g
0.4 g
1%
Total Fat
56.0 g
14.0 g
20%
Saturated Fat
36.8 g
9.2 g
38%
Carbohydrate
2.6 g
0.7 g
<1%
Sugars
2.6 g
0.7g
<1%
Sodium
18 mg
5 mg
<1%
Energy (Cal)
512 Cal
128 Cal
* Percentage Daily Intakes are based on an average adult diet of 8700 kJ. Your daily intakes may be higher or lower depending on your energy needs.",,https://www.coles.com.au/product/meander-valley-double-cream-200ml-3308487,,,2024-06-16T23:07:03.825779-04:00
"Ind54SColes_ADairy, Eggs & Fridge_SACream & Custard_IColes Vanilla Flavour Custard | 600g",Coles Vanilla Flavour Custard | 600g,Coles,"Dairy, Eggs & Fridge",Cream & Custard,Custards,,$1.70,,,$0.28 per 100g,7152346,Made with Australian Milk,,,"Per 100g/ml
Per Serving
%DI
Energy
433.40
433.40
Protein
3.20
3.20
Total Fat
2.60
2.60
Saturated Fat
1.6
1.6
7
Carbohydrate
16.40
16.40
Sugars
14.00
14.00
Calcium
115.00
115.00
Sodium
63.00
63.00
Energy (Cal)
103.68
103.68
Dietary Fibre (total)
0.50
0.50
* Percentage Daily Intakes are based on an average adult diet of 8700 kJ. Your daily intakes may be higher or lower depending on your energy needs.",,https://www.coles.com.au/product/coles-vanilla-flavour-custard-600g-7152346,,,2024-06-16T23:07:15.107757-04:00
"Ind54SColes_ADairy, Eggs & Fridge_SA_IBulla Lactose Free Light Sour Cream | 200mL",Bulla Lactose Free Light Sour Cream | 200mL,Bulla,"Dairy, Eggs & Fridge",,,,$4.10,,,$2.05 per 100mL,3540650,"Bulla Lactose Free Light Sour Cream 200ml makes it easier for more people to enjoy the light, creamy tang of Bulla Sour cream. Perfectly suited for both sweet and savoury dishes. Serve with wedges, nachos, tacos or baked potatoes when a lighter sour cream option is ideal. Australian family owned and made.",,,"Per 100g/ml
Per Serving
%DI
Energy
763kJ
382kJ
4%
Protein
3.4g
1.7g
3%
Total Fat
16.8g
8.4g
12%
Saturated Fat
11.6g
5.8g
24%
Carbohydrate
4.9g
2.5g
<1%
Sugars
4.3g
2.2g
2%
Sodium
40mg
20mg
<1%
Dietary Fibre (total)
0g
0g
Galactose
2.3g
1.2g
* Percentage Daily Intakes are based on an average adult diet of 8700 kJ. Your daily intakes may be higher or lower depending on your energy needs.",,https://www.coles.com.au/product/bulla-lactose-free-light-sour-cream-200ml-3540650,,,2024-06-16T23:07:26.844506-04:00
"Ind54SColes_ADairy, Eggs & Fridge_SACream & Custard_IPura Thick Cream | 300mL",Pura Thick Cream | 300mL,Pura,"Dairy, Eggs & Fridge",Cream & Custard,Cream,,$4.20,,$4.70,$1.40 per 100mL,5435340,"Velvety smooth Pura Thick Cream is perfect for dolloping. Dollop on sweet favourites like fresh scones, tarts, pavlova and apple pies. Dollop on or blend into savoury dishes such as pumpkin soup or risotto. 
Rich luxurious texture

Perfect for desserts",,,"Per 100g/ml
Per Serving
%DI
Energy
1410kJ
282kJ
3%
Protein
2.0g
0.4g
<1%
Total Fat
35.0g
7.0g
10%
Saturated Fat
24.0g
4.8g
20%
Carbohydrate
4.8g
1.0g
<1%
Sugars
2.7g
0.5g
<1%
Sodium
23mg
5mg
<1%
Monounsaturated
0
0
0
Energy (Cal)
336Cal
67Cal
0
Dietary Fibre (total)
0
0
0
Polyunsaturated
0
0
0
Trans
0
0
0
* Percentage Daily Intakes are based on an average adult diet of 8700 kJ. Your daily intakes may be higher or lower depending on your energy needs.",,https://www.coles.com.au/product/pura-thick-cream-300ml-5435340,,,2024-06-16T23:07:38.224168-04:00
"Ind54SColes_ADairy, Eggs & Fridge_SACream & Custard_IPauls Custard Pouch Vanilla | 140g",Pauls Custard Pouch Vanilla | 140g,Pauls,"Dairy, Eggs & Fridge",Cream & Custard,Custards,,$1.90,,$2.40,$1.36 per 100g,3251539,"At Pauls, we love dairy and put that passion into every Pauls milk, cream, custard and yoghurt we make. Pauls Vanilla Custard pouches allow you to enjoy custard wherever you are, whether it be at home, work or on the go.
You can now enjoy the delicious taste of Pauls custard wherever you are, thanks to the convenience of this handy pouch! With the wholesome goodness of dairy, Pauls Kids Star Wars Mandalorian Vanilla Custard is a perfect everyday snack for the whole family.
- Squeezable.
- No spoon needed.
- No artificial colours or preservatives.
- Gluten free.
Squeezable

Source of Calcium

No Artificial Colours

No Preservatives

Low in fat

Gluten Free.",,,"Per 100g/ml
Per Serving
%DI
Energy
384kJ
269kJ
Protein
3.4g
2.4g
Total Fat
1.7g
1.2g
Saturated Fat
1.1g
0.8g
Carbohydrate
15.4g
10.8g
Sugars
12.9g
9.0g
Calcium
115mg
81mg (10% RDI)
10%
Sodium
66mg
46mg
Monounsaturated
0.0g
0.0g
Energy (Cal)
92
64
Dietary Fibre (total)
0.0
0.0
Polyunsaturated
0.0g
0.0g
Gluten
Nil
Nil
Trans
0.0g
0.0g
* Percentage Daily Intakes are based on an average adult diet of 8700 kJ. Your daily intakes may be higher or lower depending on your energy needs.",,https://www.coles.com.au/product/pauls-custard-pouch-vanilla-140g-3251539,,,2024-06-16T23:07:49.441561-04:00
"Ind54SColes_ADairy, Eggs & Fridge_SACream & Custard_IColes Double Cream | 300mL",Coles Double Cream | 300mL,Coles,"Dairy, Eggs & Fridge",Cream & Custard,Cream,,$4.80,,,$1.60 per 100mL,4475440,"Coles dairy double cream, 300mL. An extra thick cream made with Australian milk. Serve whipped or as is with your favourite dessert, or stir into savoury dishes for added creaminess",,,"Per 100g/ml
Per Serving
%DI
Energy
1768.30
530.49
Protein
1.90
0.57
Carbohydrate
2.90
0.87
Sugars
2.70
0.81
Sodium
22.00
6.60
Saturated
30.30
9.09
Energy (Cal)
423.04
126.91
Fat
45.50
13.65
Dietary Fibre (total)
0.40
0.12
Trans
2.40
0.72
* Percentage Daily Intakes are based on an average adult diet of 8700 kJ. Your daily intakes may be higher or lower depending on your energy needs.",,https://www.coles.com.au/product/coles-double-cream-300ml-4475440,,,2024-06-16T23:08:00.898465-04:00
"Ind54SColes_ADairy, Eggs & Fridge_SACream & Custard_IColes Thickened Cream | 300mL",Coles Thickened Cream | 300mL,Coles,"Dairy, Eggs & Fridge",Cream & Custard,Cream,,$2.80,,,$0.93 per 100mL,246973,"Coles Dairy thickened cream, 300mL. Made with Australian milk, ready for cooking, whipping or simply pouring. Ideal for soups, desserts and pasta sauces.",,,"Per 100g/ml
Per Serving
%DI
Energy
1382.38
276.48
Protein
2.14
0.43
Carbohydrate
3.00
0.60
Sugars
3.00
0.60
Sodium
23.00
4.60
Saturated
24.30
4.86
Energy (Cal)
330.71
66.14
Fat
35.00
7.00
Dietary Fibre (total)
0.00
0.00
* Percentage Daily Intakes are based on an average adult diet of 8700 kJ. Your daily intakes may be higher or lower depending on your energy needs.",,https://www.coles.com.au/product/coles-thickened-cream-300ml-246973,,,2024-06-16T23:08:14.916838-04:00
"Ind54SColes_ADairy, Eggs & Fridge_SA_IPauls Farmhouse Gold Vanilla Custard | 800g",Pauls Farmhouse Gold Vanilla Custard | 800g,Pauls,"Dairy, Eggs & Fridge",,,,$6.90,,,$0.86 per 100g,2847282,"Farmhouse Gold Vanilla Custard is a wholesome custard with a deliciously creamy taste. Made with fresh premium Farmhouse Gold Milk and natural ingredients, it's perfect for those who love the traditional taste of custard.
Custard, the way it was meant to be.
Traditional taste

Extra Creamy",,,"Per 100g/ml
Per Serving
%DI
Energy
535kJ
1070kJ
Protein
3.2g
6.4g
Total Fat
5.0g
10.0g
Saturated Fat
3.2g
6.4g
Carbohydrate
17.4g
34.8g
Sugars
14.3g
28.6g
Calcium
111mg
Sodium
40mg
80mg
Energy (Cal)
128Cal
256Cal
Gluten
Nil
Nil
* Percentage Daily Intakes are based on an average adult diet of 8700 kJ. Your daily intakes may be higher or lower depending on your energy needs.","Whole Milk, Cane Sugar, Whole Cream, Tapioca Flour, Milk Solids, Natural Flavour, Natural Colour (Carotene).",https://www.coles.com.au/product/pauls-farmhouse-gold-vanilla-custard-800g-2847282,,,2024-06-16T23:08:27.421747-04:00
"Ind54SColes_ADairy, Eggs & Fridge_SACream & Custard_IPauls Custard Vanilla | 600g",Pauls Custard Vanilla | 600g,Pauls,"Dairy, Eggs & Fridge",Cream & Custard,Custards,,$4.30,,,$0.72 per 100g,221087,"Pauls makes the moment better. It's the dairy that's been turning everyday occasions into delicious ones since 1933.

Pauls Vanilla Custard is Australia's Favourite Custard! Enjoy it on it's own, with your favourite dessert, or try it in our Brioche Pudding.


Brioche Bread Pudding with Caramel Sauce

What you need
2 cups (540g) Pauls Vanilla Custard, plus extra to serve
2 eggs, beaten
1/2 loaf of brioche, roughly chopped
1/4 cup (40g) sultanas
1/4 cup (60ml) caramel sauce
1 tsp salt flakes

How to make it

1.      Preheat oven to 180C.

2.      Place brioche into a 22cm baking dish.

3.      Combine custard and eggs into a medium bowl and gently pour over brioche. Sprinkle with sultanas, allow to sit for 10 minutes. Cover with foil and bake in oven for 45 minutes or until custard in the center of the dish doesn't wobble.

4.      Drizzle over caramel and sprinkle with salt. Serve with extra custard.

Serves 4-6

Notes: you could swap out sultanas for berries or make more indulgent with chocolate chips
No artificials colours

No preservatives

Gluten free",,,"Per 100g/ml
Per Serving
%DI
Energy
412
412
Protein
3.2
3.2g
Total Fat
2.5
2.5g
Saturated Fat
1.7
1.7g
Carbohydrate
15.3
15.3
Sugars
13.3
13.3
Calcium
113mg
Sodium
61
61mg
Monounsaturated
0
0
Energy (Cal)
98
98
Dietary Fibre (total)
0
0
Polyunsaturated
0
0
Gluten
Nil
Nil
Trans
0
0
* Percentage Daily Intakes are based on an average adult diet of 8700 kJ. Your daily intakes may be higher or lower depending on your energy needs.",,https://www.coles.com.au/product/pauls-custard-vanilla-600g-221087,,,2024-06-16T23:08:38.862401-04:00
"Ind54SColes_ADairy, Eggs & Fridge_SACream & Custard_IPauls Whipping Cream | 250mL",Pauls Whipping Cream | 250mL,Pauls,"Dairy, Eggs & Fridge",Cream & Custard,Cream,,,,,,8078599,"Pauls Whipping Cream whips up to velvety perfection, the perfect partner for cakes adn desserts, or a versatile base to infuse with your favourite flavours. 
Simply snip, pour, whip, enjoy!
Whips up to velvety perfection

Perfect partner for cakes and desserts

Made in Australia

Australian Cream",,,"Per 100g/ml
Per Serving
%DI
Energy
1408kJ
1408kJ
Protein
2.3g
2.3g
Total Fat
34.5g
35.4g
Saturated Fat
23.2g
23.2g
Carbohydrate
3.4g
3.4g
Sugars
3.4g
3.4g
Calcium
0.0
0.0
Iron
0.0
0.0
Vitamin A
0.0
0.0
Coenzyme Q10
0.0
0.0
Vitamin E
0.0
0.0
Vitamin B
0.0
0.0
Vitamin C
0.0
0.0
Dietary Fibre (total)
0.0
0.0
Omega - 6
0.0
0.0
Magnesium
0.0
0.0
Selenium
0.0
0.0
Copper
0.0
0.0
Trans
1.7g
1.7g
Iodine
0.0
0.0
Bioflavoids
0.0
Folic Acid
0.0
0.0
Biotin
0.0
0.0
Molybdenum
0.0
0.0
Zinc
0.0
0.0
Sodium
35mg
35mg
Choline
0.0
0.0
Monounsaturated
0.0
0.0
Chromium
0.0
0.0
Polyunsaturated
0.0
0.0
Potassium
0.0
0.0
Manganese
0.0
0.0
* Percentage Daily Intakes are based on an average adult diet of 8700 kJ. Your daily intakes may be higher or lower depending on your energy needs.",,https://www.coles.com.au/product/pauls-whipping-cream-250ml-8078599,,,2024-06-16T23:08:50.058816-04:00
"Ind54SColes_ADairy, Eggs & Fridge_SACream & Custard_IPauls Custard Snack Pack Vanilla 6 Pack | 150g",Pauls Custard Snack Pack Vanilla 6 Pack | 150g,Pauls,"Dairy, Eggs & Fridge",Cream & Custard,Custards,,$6.90,,$7.90,$0.77 per 100g,6152158,"Pauls makes the moment better. It's the dairy that's been turning everyday occasions into delicious ones since 1933.

Pauls Custard Snack Packs are just right for snacking at any time of day. Pack it with the kids' lunch, have it ready for after school snacks, or keep some in the fridge at work. The tubs are just the right size to keep everyone happy between meals. Made with Australian milk, Pauls Vanilla Custard Snack Packs are full of dairy goodness and they taste great!
97% fat free

No artificial colours

No preservatives

Source of calcium

Gluten free",,,"Per 100g/ml
Per Serving
%DI
Energy
439kJ
658kJ
Protein
4.0g
6.0g
Total Fat
2.5g
3.8g
Saturated Fat
1.6g
2.4g
Carbohydrate
16.4g
24.6g
Sugars
13.8g
20.7g
Calcium
148mg
Sodium
80mg
120mg
* Percentage Daily Intakes are based on an average adult diet of 8700 kJ. Your daily intakes may be higher or lower depending on your energy needs.",,https://www.coles.com.au/product/pauls-custard-snack-pack-vanilla-6-pack-150g-6152158,,,2024-06-16T23:09:01.678128-04:00
"Ind54SColes_ADairy, Eggs & Fridge_SACream & Custard_IColes Double Cream | 300mL",Coles Double Cream | 300mL,Coles,"Dairy, Eggs & Fridge",Cream & Custard,Cream,,$4.80,,,$1.60 per 100mL,4475440,"Coles dairy double cream, 300mL. An extra thick cream made with Australian milk. Serve whipped or as is with your favourite dessert, or stir into savoury dishes for added creaminess",,,"Per 100g/ml
Per Serving
%DI
Energy
1768.30
530.49
Protein
1.90
0.57
Carbohydrate
2.90
0.87
Sugars
2.70
0.81
Sodium
22.00
6.60
Saturated
30.30
9.09
Energy (Cal)
423.04
126.91
Fat
45.50
13.65
Dietary Fibre (total)
0.40
0.12
Trans
2.40
0.72
* Percentage Daily Intakes are based on an average adult diet of 8700 kJ. Your daily intakes may be higher or lower depending on your energy needs.",,https://www.coles.com.au/product/coles-double-cream-300ml-4475440,,,2024-06-17T10:50:10.380095-04:00
"Ind54SColes_ADairy, Eggs & Fridge_SA_IBulla Light Thickened Cream | 300mL",Bulla Light Thickened Cream | 300mL,Bulla,"Dairy, Eggs & Fridge",,,,$3.50,,,$1.17 per 100mL,5089012,"Pasteurised reduced fat thickened cream. With almost half the fat of standard thickened cream, Bulla Light Thickened Cream 300ml provides the taste of cream without the excess fat. Best used as a pouring cream.Australian family owned and made.",,,"Per 100g/ml
Per Serving
%DI
Energy
805kJ
161kJ
2%
Protein
2.9g
0.6g
1%
Total Fat
18.6g
3.7g
5%
Saturated Fat
12.5g
2.5g
10%
Carbohydrate
3.9g
0.8g
<1%
Sugars
3.9g
0.8g
<1%
Sodium
32mg
6mg
<1%
* Percentage Daily Intakes are based on an average adult diet of 8700 kJ. Your daily intakes may be higher or lower depending on your energy needs.",,https://www.coles.com.au/product/bulla-light-thickened-cream-300ml-5089012,,,2024-06-17T10:50:21.669109-04:00
"Ind54SColes_ADairy, Eggs & Fridge_SACream & Custard_IPauls Cooking Cream | 250mL",Pauls Cooking Cream | 250mL,Pauls,"Dairy, Eggs & Fridge",Cream & Custard,Cream,,,,,,8078613,"Pauls Cooking Cream is your go-to-sidekick for creating creamy pasta sauces, bakes, casseroles and hearty soups. Resilient to high temperatures, it guarantees delicious perfection with a touch of time-saving magic.
Simple snip, pour, cook, enjoy!
Creates creamy pasta sauces, bakes, casseroles and hearty soups.

Resilient to high temperatures

Time saving magic in the kitchen

Made in Australia

Australian Cream",,,"Per 100g/ml
Per Serving
%DI
Energy
830kJ
830kJ
Protein
2.8g
2.8g
Total Fat
18.8g
18.8g
Saturated Fat
12.3g
12.3g
Carbohydrate
5.1g
5.1g
Sugars
4.0g
4.0g
Calcium
0.0
0.0
Iron
0.0
0.0
Vitamin A
0.0
0.0
Coenzyme Q10
0.0
0.0
Vitamin E
0.0
0.0
Vitamin B
0.0
0.0
Vitamin C
0.0
0.0
Dietary Fibre (total)
0.0g
0.0g
Omega - 6
0.0
0.0
Magnesium
0.0
0.0
Selenium
0.0
0.0
Copper
0.0
0.0
Trans
0.9g
0.9g
Iodine
0.0
0.0
Bioflavoids
0.0
Folic Acid
0.0
0.0
Biotin
0.0
0.0
Molybdenum
0.0
0.0
Zinc
0.0
0.0
Sodium
39mg
39mg
Choline
0.0
0.0
Monounsaturated
0.0
0.0
Chromium
0.0
0.0
Polyunsaturated
0.0
0.0
Potassium
0.0
0.0
Manganese
0.0
0.0
* Percentage Daily Intakes are based on an average adult diet of 8700 kJ. Your daily intakes may be higher or lower depending on your energy needs.","Skim milk, cream (from milk), thickened (1422 from maize), emulsifier (472e), stabilisers (440,407).",https://www.coles.com.au/product/pauls-cooking-cream-250ml-8078613,,,2024-06-17T10:50:33.067996-04:00
"Ind54SColes_ADairy, Eggs & Fridge_SACream & Custard_IBulla Crme Fraiche | 200g",Bulla Crme Fraiche | 200g,Bulla,"Dairy, Eggs & Fridge",Cream & Custard,Sour Cream,,$5.00,,,$2.50 per 100g,8453381,"Award winning Bulla Creme Fraiche 200ml has a rich, velvety texture and mild, tangy taste that is less tart than sour cream. Considered to be the most flexible and multipurpose cream available, it is perfect for sweet and savoury dishes. Bulla Creme Fraiche is a perfect addition to soups, casseroles or sauces.Australian family owned and made.",,,"Per 100g/ml
Per Serving
%DI
Energy
1430kJ
717kJ
8%
Protein
2.2g
1.1g
2%
Total Fat
36.4g
18.2g
26%
Saturated Fat
24.2g
12.1g
50%
Carbohydrate
2.9g
1.4g
<1%
Sugars
2.9g
1.4g
2%
Sodium
23mg
12mg
<1%
* Percentage Daily Intakes are based on an average adult diet of 8700 kJ. Your daily intakes may be higher or lower depending on your energy needs.",,https://www.coles.com.au/product/bulla-creme-fraiche-200g-8453381,,,2024-06-17T10:50:44.562413-04:00
"Ind54SColes_ADairy, Eggs & Fridge_SACream & Custard_IDairy Farmers Thick Vanilla Custard Carton | 1kg",Dairy Farmers Thick Vanilla Custard Carton | 1kg,Dairy Farmers,"Dairy, Eggs & Fridge",Cream & Custard,Custards,,$4.90,,,$0.49 per 100g,7653374,"Proudly Australian owned, made and loved.

Each serve of Dairy Farmers thick custard vanilla is a source of calcium. No artificial colours, flavours or preservatives. 

Available in a convenient, resealable pack. 
No artificial colours

Source of calcium

Resealable lid",,,"Per 100g/ml
Per Serving
%DI
Energy
428kJ
428kJ
5%
Protein
3.6g
3.6g
7%
Total Fat
3.2g
3.2g
5%
Saturated Fat
2.1g
2.1g
9%
Carbohydrate
14.6g
14.6g
5%
Sugars
12.6g
12.6g
14%
Calcium
132mg
132mg
16% RDI*
Sodium
60mg
60mg
3%
Energy (Cal)
102Cal
102Cal
* Percentage Daily Intakes are based on an average adult diet of 8700 kJ. Your daily intakes may be higher or lower depending on your energy needs.",,https://www.coles.com.au/product/dairy-farmers-thick-vanilla-custard-carton-1kg-7653374,,,2024-06-17T10:50:55.896679-04:00
"Ind54SColes_ADairy, Eggs & Fridge_SACream & Custard_IPauls Kids Custard Pouch Bluey Strawberry | 70g",Pauls Kids Custard Pouch Bluey Strawberry | 70g,Pauls,"Dairy, Eggs & Fridge",Cream & Custard,Custards,,$1.50,,$1.90,$2.14 per 100g,3961997,"Enjoy snack time with Bluey!
Pauls Kids Bluey Strawberry Custard is a delicious, perfectly portioned snack, ready to enjoy on the go.
With dairy goodness for growing kids, Pauls Kids custard contains no preservatives and no artificial colours. It's a great source of calcium, is low in fat and is gluten-free.
Perfect for lunch boxes, snack time, or a quick pick-me-up, our custard pouches are a convenient and tasty addition to any day.
- Source of calcium
- Low in Fat
- No artificial colours
- No preservatives
- Squeezable
- No Spoon Required

BLUEY TM and BLUEY character logos TM &  Ludo Studio Pty Ltd 2023
Source of Calcium

Low in Fat

No Artificial Colours

No Preservatives",,,"Per 100g/ml
Per Serving
%DI
Energy
383kJ
268kJ
Protein
3.4g
2.4g
Total Fat
1.7g
1.2g
Saturated Fat
1.1g
0.8g
Carbohydrate
15.4g
10.8g
Sugars
13.0g
9.1g
Calcium
116mg
81mg
10% RDI*
Sodium
59mg
41mg
Monounsaturated
0g
0g
Energy (Cal)
92
64
Dietary Fibre (total)
0g
0g
Polyunsaturated
0g
0g
Gluten
Nil
Nil
Trans
0g
0g
* Percentage Daily Intakes are based on an average adult diet of 8700 kJ. Your daily intakes may be higher or lower depending on your energy needs.",,https://www.coles.com.au/product/pauls-kids-custard-pouch-bluey-strawberry-70g-3961997,,,2024-06-17T10:51:07.342394-04:00
"Ind54SColes_ADairy, Eggs & Fridge_SACream & Custard_IPauls Custard Vanilla | 600g",Pauls Custard Vanilla | 600g,Pauls,"Dairy, Eggs & Fridge",Cream & Custard,Custards,,$4.30,,,$0.72 per 100g,221087,"Pauls makes the moment better. It's the dairy that's been turning everyday occasions into delicious ones since 1933.

Pauls Vanilla Custard is Australia's Favourite Custard! Enjoy it on it's own, with your favourite dessert, or try it in our Brioche Pudding.


Brioche Bread Pudding with Caramel Sauce

What you need
2 cups (540g) Pauls Vanilla Custard, plus extra to serve
2 eggs, beaten
1/2 loaf of brioche, roughly chopped
1/4 cup (40g) sultanas
1/4 cup (60ml) caramel sauce
1 tsp salt flakes

How to make it

1.      Preheat oven to 180C.

2.      Place brioche into a 22cm baking dish.

3.      Combine custard and eggs into a medium bowl and gently pour over brioche. Sprinkle with sultanas, allow to sit for 10 minutes. Cover with foil and bake in oven for 45 minutes or until custard in the center of the dish doesn't wobble.

4.      Drizzle over caramel and sprinkle with salt. Serve with extra custard.

Serves 4-6

Notes: you could swap out sultanas for berries or make more indulgent with chocolate chips
No artificials colours

No preservatives

Gluten free",,,"Per 100g/ml
Per Serving
%DI
Energy
412
412
Protein
3.2
3.2g
Total Fat
2.5
2.5g
Saturated Fat
1.7
1.7g
Carbohydrate
15.3
15.3
Sugars
13.3
13.3
Calcium
113mg
Sodium
61
61mg
Monounsaturated
0
0
Energy (Cal)
98
98
Dietary Fibre (total)
0
0
Polyunsaturated
0
0
Gluten
Nil
Nil
Trans
0
0
* Percentage Daily Intakes are based on an average adult diet of 8700 kJ. Your daily intakes may be higher or lower depending on your energy needs.",,https://www.coles.com.au/product/pauls-custard-vanilla-600g-221087,,,2024-06-17T10:51:18.588677-04:00
"Ind54SColes_ADairy, Eggs & Fridge_SACream & Custard_IPauls Farmhouse Gold Vanilla Custard | 800g",Pauls Farmhouse Gold Vanilla Custard | 800g,Pauls,"Dairy, Eggs & Fridge",Cream & Custard,Custards,,$6.90,,,$0.86 per 100g,2847282,"Farmhouse Gold Vanilla Custard is a wholesome custard with a deliciously creamy taste. Made with fresh premium Farmhouse Gold Milk and natural ingredients, it's perfect for those who love the traditional taste of custard.
Custard, the way it was meant to be.
Traditional taste

Extra Creamy",,,"Per 100g/ml
Per Serving
%DI
Energy
535kJ
1070kJ
Protein
3.2g
6.4g
Total Fat
5.0g
10.0g
Saturated Fat
3.2g
6.4g
Carbohydrate
17.4g
34.8g
Sugars
14.3g
28.6g
Calcium
111mg
Sodium
40mg
80mg
Energy (Cal)
128Cal
256Cal
Gluten
Nil
Nil
* Percentage Daily Intakes are based on an average adult diet of 8700 kJ. Your daily intakes may be higher or lower depending on your energy needs.",,https://www.coles.com.au/product/pauls-farmhouse-gold-vanilla-custard-800g-2847282,,,2024-06-17T10:51:29.900786-04:00
"Ind54SColes_ADairy, Eggs & Fridge_SACream & Custard_IColes Thickened Cream | 300mL",Coles Thickened Cream | 300mL,Coles,"Dairy, Eggs & Fridge",Cream & Custard,Cream,,$2.80,,,$0.93 per 100mL,246973,"Coles Dairy thickened cream, 300mL. Made with Australian milk, ready for cooking, whipping or simply pouring. Ideal for soups, desserts and pasta sauces.",,,"Per 100g/ml
Per Serving
%DI
Energy
1382.38
276.48
Protein
2.14
0.43
Carbohydrate
3.00
0.60
Sugars
3.00
0.60
Sodium
23.00
4.60
Saturated
24.30
4.86
Energy (Cal)
330.71
66.14
Fat
35.00
7.00
Dietary Fibre (total)
0.00
0.00
* Percentage Daily Intakes are based on an average adult diet of 8700 kJ. Your daily intakes may be higher or lower depending on your energy needs.",,https://www.coles.com.au/product/coles-thickened-cream-300ml-246973,,,2024-06-17T10:51:42.171341-04:00
"Ind54SColes_ADairy, Eggs & Fridge_SACream & Custard_IBulla Light Thickened Cooking Cream | 300mL",Bulla Light Thickened Cooking Cream | 300mL,Bulla,"Dairy, Eggs & Fridge",Cream & Custard,Cream,,$2.95,,$3.70,$0.98 per 100mL,5823407,"Pasteurised reduced fat thickened cooking cream. Bulla Cooking Cream 300ml has been specifically developed for cooking, it heats without curdling, resists splitting and rapidly thickens, making it a perfect addition to curries, casseroles and pasta sauces.
Australian family owned and made.",,,"Per 100g/ml
Per Serving
%DI
Energy
798kJ
160kJ
2%
Protein
2.9g
0.6g
1%
Total Fat
18.1g
3.6g
5%
Saturated Fat
12.1g
2.4g
10%
Carbohydrate
4.6g
0.9g
<1%
Sugars
3.9g
0.8g
<1%
Sodium
34mg
7mg
<1%
* Percentage Daily Intakes are based on an average adult diet of 8700 kJ. Your daily intakes may be higher or lower depending on your energy needs.",,https://www.coles.com.au/product/bulla-light-thickened-cooking-cream-300ml-5823407,,,2024-06-17T10:51:53.357500-04:00
"Ind54SColes_ADairy, Eggs & Fridge_SACream & Custard_IDream Whip Whipped Dairy Topping Cream | 250g",Dream Whip Whipped Dairy Topping Cream | 250g,Dream Whip,"Dairy, Eggs & Fridge",Cream & Custard,Cream,,$5.60,,,$2.24 per 100g,5362360,Whipped Dairy Topping ready to serve! Dream Whip Whipped Topping is made from farm fresh real dairy cream & delivers a perfect swirl straight from the pack - without whipping. A swirl of Dream Whip Whipped Topping turns any dessert into a fuss-free delicious experience. Ultra pasteurised to maintain freshness for longer. Flavoured and sweetened reduced fat cream   25% less fat as compared to regular 35% fat cream.,,,"Per 100g/ml
Per Serving
%DI
Energy
1220kJ
224kJ
3%
Protein
2.5g
0.5g
1%
Total Fat
26g
5.2g
7%
Saturated Fat
19g
3.8g
16%
Carbohydrate
11g
2.2g
0.70%
Sugars
11g
2.2g
2%
Sodium
30mg
6mg
0.30%
* Percentage Daily Intakes are based on an average adult diet of 8700 kJ. Your daily intakes may be higher or lower depending on your energy needs.",,https://www.coles.com.au/product/dream-whip-whipped-dairy-topping-cream-250g-5362360,,,2024-06-17T10:52:05.968803-04:00
"Ind54SColes_ADairy, Eggs & Fridge_SACream & Custard_IBulla Light Sour Cream | 200mL",Bulla Light Sour Cream | 200mL,Bulla,"Dairy, Eggs & Fridge",Cream & Custard,Sour Cream,,$3.30,,,$1.65 per 100mL,416701,"Bulla Light Sour Cream 200ml has a light, creamy tang that goes well with both sweet and savoury dishes. Serve with wedges, nachos, tacos or baked potatoes when a lighter sour cream option is ideal.Australian family owned and made.",,,"Per 100g/ml
Per Serving
%DI
Energy
797kJ
398kJ
5%
Protein
3.3g
1.6g
3%
Total Fat
18.3g
9.1g
13%
Saturated Fat
12.1g
6.1g
25%
Carbohydrate
3.9g
1.9g
<1%
Sugars
3.9g
1.9g
2%
Sodium
31mg
16mg
<1%
* Percentage Daily Intakes are based on an average adult diet of 8700 kJ. Your daily intakes may be higher or lower depending on your energy needs.",,https://www.coles.com.au/product/bulla-light-sour-cream-200ml-416701,,,2024-06-17T10:52:17.993350-04:00
"Ind54SColes_ADairy, Eggs & Fridge_SA_IColes Thickened Cream | 600mL",Coles Thickened Cream | 600mL,Coles,"Dairy, Eggs & Fridge",,,,$4.50,,,$0.75 per 100mL,246962,"Coles Dairy thickened cream, 600mL. Made with Australian milk, ready for cooking, whipping or simply pouring. Ideal for soups, desserts and pasta sauces.",,,"Per 100g/ml
Per Serving
%DI
Energy
1384.59
276.92
Protein
2.17
0.43
Carbohydrate
3.10
0.62
Sugars
3.10
0.62
Sodium
24.00
4.80
Saturated
24.30
4.86
Energy (Cal)
331.24
66.25
Fat
35.00
7.00
Dietary Fibre (total)
0.00
0.00
* Percentage Daily Intakes are based on an average adult diet of 8700 kJ. Your daily intakes may be higher or lower depending on your energy needs.",,https://www.coles.com.au/product/coles-thickened-cream-600ml-246962,,,2024-06-17T10:52:29.258619-04:00
"Ind54SColes_ADairy, Eggs & Fridge_SACream & Custard_IPauls Custard Snack Pack Vanilla 6 Pack | 150g",Pauls Custard Snack Pack Vanilla 6 Pack | 150g,Pauls,"Dairy, Eggs & Fridge",Cream & Custard,Custards,,$6.90,,$7.90,$0.77 per 100g,6152158,"Pauls makes the moment better. It's the dairy that's been turning everyday occasions into delicious ones since 1933.

Pauls Custard Snack Packs are just right for snacking at any time of day. Pack it with the kids' lunch, have it ready for after school snacks, or keep some in the fridge at work. The tubs are just the right size to keep everyone happy between meals. Made with Australian milk, Pauls Vanilla Custard Snack Packs are full of dairy goodness and they taste great!
97% fat free

No artificial colours

No preservatives

Source of calcium

Gluten free",,,"Per 100g/ml
Per Serving
%DI
Energy
439kJ
658kJ
Protein
4.0g
6.0g
Total Fat
2.5g
3.8g
Saturated Fat
1.6g
2.4g
Carbohydrate
16.4g
24.6g
Sugars
13.8g
20.7g
Calcium
148mg
Sodium
80mg
120mg
* Percentage Daily Intakes are based on an average adult diet of 8700 kJ. Your daily intakes may be higher or lower depending on your energy needs.",,https://www.coles.com.au/product/pauls-custard-snack-pack-vanilla-6-pack-150g-6152158,,,2024-06-17T10:52:40.480842-04:00
"Ind54SColes_ADairy, Eggs & Fridge_SACream & Custard_IPauls Custard Pouch Marvel Avengers Chocolate | 140g",Pauls Custard Pouch Marvel Avengers Chocolate | 140g,Pauls,"Dairy, Eggs & Fridge",Cream & Custard,Custards,,$1.90,,$2.40,$1.36 per 100g,3251528,"At Pauls, we love dairy and put that passion into every Pauls milk, cream, custard and yoghurt we make. You can now enjoy the delicious taste of Pauls custard wherever you are, thanks to the convenience of this handy pouch! With the wholesome goodness of dairy, Pauls Kids Avengers Hulk Chocolate Custard is a perfect everyday snack for the whole family.

- Squeezable.

- No spoon needed.

- No artificial colours or preservatives.

- Gluten free.
Squeezable

Source of calcium

No artificial colours

No preservatives

Low in fat

Gluten free.",,,"Per 100g/ml
Per Serving
%DI
Energy
395
277kJ
Protein
3.6
2.5g
Total Fat
1.7
1.2g
Saturated Fat
1.1
0.8g
Carbohydrate
15.7
11.0g
Sugars
12.3
8.6g
Calcium
115mg
81mg
Sodium
71
50mg
Monounsaturated
0.0
0.0
Energy (Cal)
94
66Cal
Dietary Fibre (total)
0.0
0.0
Polyunsaturated
0.0
0.0
Trans
0.0
0.0
* Percentage Daily Intakes are based on an average adult diet of 8700 kJ. Your daily intakes may be higher or lower depending on your energy needs.",,https://www.coles.com.au/product/pauls-custard-pouch-marvel-avengers-chocolate-140g-3251528,,,2024-06-17T10:52:51.981632-04:00
"Ind54SColes_ADairy, Eggs & Fridge_SACream & Custard_IPauls Zymil Custard Vanilla | 1kg",Pauls Zymil Custard Vanilla | 1kg,Pauls,"Dairy, Eggs & Fridge",Cream & Custard,Custards,,$4.80,,$6.40,$0.48 per 100g,3025030,"Australia's Favourite Custard!

Pauls makes the moment better. It's the dairy that's been turning everyday occasions into delicious ones since 1933.

Pauls Zymil Vanilla Custard is easy to digest and lactose free, making it a delicious snack for the whole family to enjoy. Enjoy it on it's own, with your favourite dessert, or try it in our Brioche French Toast with Berry Compote recipe.

Brioche French Toast with Berry Compote

What you need
1 cup (270g) Pauls Zymil Vanilla Custard, plus extra to serve
2 eggs, beaten
1 tsp ground cinnamon
1 1/2 cup (225g) frozen, mixed berries
1/4 cup caster sugar
4 thick slices brioche
Maple syrup, to serve
Icing sugar, to serve

How to make it
1. Combine Pauls Zymil Vanilla Custard, eggs and cinnamon in a medium sized bowl.
2. Place frozen mixed berries and caster sugar into a small saucepan over a high heat. Bring to the boil and reduce heat to medium. Simmer for 10 minutes, remove from heat and set aside to cool.
3. Place a large non-stick pan over a high heat. Working one by one, soak the brioche slices in the custard mixture and place in pan. Cook for 2 minutes each side or until puffy and golden.
4. Plate with berries, maple syrup and extra custard. Dust with icing sugar and serve.

Serves 2.

Easy to digest* (*As part of a varied and healthy diet, including calcium from Pauls Zymil supports digestion).
Easy to digest

Source of calcium

Lactose Free

Gluten free

No preservatives",,,"Per 100g/ml
Per Serving
%DI
Energy
434kJ
434kJ
Protein
3.2g
3.2g
Total Fat
2.5g
2.5g
Saturated Fat
1.6g
1.6g
Carbohydrate
16.8g
16.8g
Sugars
14.5g
14.5g
Calcium
117mg
Lactose
Nil
Nil
Sodium
64mg
64mg
Monounsaturated
0
0
Energy (Cal)
104
104
Dietary Fibre (total)
0.2g
0.2g
Polyunsaturated
0
0
Galactose
3.3g
3.3g
Gluten
Nil
Nil
Trans
0
0
* Percentage Daily Intakes are based on an average adult diet of 8700 kJ. Your daily intakes may be higher or lower depending on your energy needs.","Milk, Skim Milk, Sugar, Thickener (1442) (From Maize), Milk Solids, Stabilisers (412, 415, 407, 410, 452), Enzyme (Lactase), Flavours, Colour (160a).",https://www.coles.com.au/product/pauls-zymil-custard-vanilla-1kg-3025030,,,2024-06-17T10:53:02.930923-04:00
"Ind54SColes_ADairy, Eggs & Fridge_SACream & Custard_IPauls Low Fat Less Sugar Vanilla Custard | 600g",Pauls Low Fat Less Sugar Vanilla Custard | 600g,Pauls,"Dairy, Eggs & Fridge",Cream & Custard,Custards,,$4.30,,,$0.72 per 100g,5590987,"Australia's Favourite Custard

Pauls makes the moment better. It's the dairy that's been turning everyday occasions into delicious ones since 1933.

Pauls Low Fat Vanilla Custard also has 30% less sugar than Pauls Regular Vanilla Custard. Enjoy it on its own, with your favourite dessert, or try it in our Rice Pudding recipe.

Rice Pudding

What you need
600g Pauls Low Fat Vanilla Custard
1/3 cup arborio rice
Stewed rhubarb and blackberries to serve

How to make it
1. Pour custard into a medium saucepan and heat gently over medium low heat.
2. Add rice, reduce heat to low and cook for 20 minutes, stirring.
3. Remove from heat and ladle into serving bowls. 
4. Serve with stewed rhubarb and extra custard.

Note: you can substitute rhubarb and blackberries with any stewed or fresh fruit.

Serves 4

99% fat free

30% less sugar

No artificial colours

No preservatives

Source of calcium",,,"Per 100g/ml
Per Serving
%DI
Energy
312
312
Protein
4.3
4.3g
Total Fat
1.0
1.0g
Saturated Fat
0.6
0.6g
Carbohydrate
11.9
11.9
Sugars
9.3
9.3
Calcium
149mg
149mg
18%
Sodium
79
79mg
Monounsaturated
0
0
Energy (Cal)
75
75
Dietary Fibre (total)
0.1
0.1
Polyunsaturated
0
0
Gluten
Nil
Nil
Trans
0
0
* Percentage Daily Intakes are based on an average adult diet of 8700 kJ. Your daily intakes may be higher or lower depending on your energy needs.",,https://www.coles.com.au/product/pauls-low-fat-less-sugar-vanilla-custard-600g-5590987,,,2024-06-17T10:53:13.723160-04:00
"Ind54SColes_ADairy, Eggs & Fridge_SADairy, chilled & frozen_IPauls Golden Gaytime Custard Toffee | 600g",Pauls Golden Gaytime Custard Toffee | 600g,Pauls,"Dairy, Eggs & Fridge","Dairy, chilled & frozen",Frozen Desserts,,$5.00,,,"$0.83 per 100g
Was $6.50 on Jun 2024",7169418,"At Pauls we love dairy and put that passion into every Pauls milk, cream, custard and yoghurt we make. Pauls Golden gaytime inspired custard is a delicious, creamy custard with a classic toffee golden gaytime taste",,,"Per 100g/ml
Per Serving
%DI
Energy
477 kJ (114 Cal)
477 kJ (114 Cal)
Protein
3.2g
3.2g
Total Fat
4.0g
4.0g
Saturated Fat
2.6g
2.6g
Carbohydrate
16.1g
16.1g
Sugars
12.9g
12.9g
Calcium
112 mg (14% RDI*)
112 mg (14% RDI*)
Sodium
67mg
67mg
Gluten
NIL
NIL
* Percentage Daily Intakes are based on an average adult diet of 8700 kJ. Your daily intakes may be higher or lower depending on your energy needs.",,https://www.coles.com.au/product/pauls-golden-gaytime-custard-toffee-600g-7169418,,,2024-06-17T10:53:25.093177-04:00
"Ind54SColes_ADairy, Eggs & Fridge_SACream & Custard_IColes Dollop Cream | 300mL",Coles Dollop Cream | 300mL,Coles,"Dairy, Eggs & Fridge",Cream & Custard,Cream,,$4.40,,,$1.47 per 100mL,4448288,"Coles dollop cream, 300mL. Made with Australian Milk. Perfect for desserts, no need to whip.",,,"Per 100g/ml
Per Serving
%DI
Energy
1420
427
Protein
2.1
LESS THAN 1g
1
Total Fat
36.0
10.8
Carbohydrate
3.2
LESS THAN 1g
Sugars
2.80
0.84
Saturated
24.40
7.32
Energy (Cal)
340
102
Fat
36.00
10.80
Dietary Fibre (total)
0.01
0.00
* Percentage Daily Intakes are based on an average adult diet of 8700 kJ. Your daily intakes may be higher or lower depending on your energy needs.",,https://www.coles.com.au/product/coles-dollop-cream-300ml-4448288,,,2024-06-17T10:53:36.610737-04:00
"Ind54SColes_ADairy, Eggs & Fridge_SACream & Custard_IBulla Sour Cream | 200mL",Bulla Sour Cream | 200mL,Bulla,"Dairy, Eggs & Fridge",Cream & Custard,Sour Cream,,$3.30,,,$1.65 per 100mL,8242670,"Rich and decadent, this award-winning Bulla Sour cream 200ml is ideal for use in both savoury and sweet dishes. The light tangy flavour of this sour cream makes it suitable to be used in everything from cakes to nachos and beyond.Australian family owned and made.",,,"Per 100g/ml
Per Serving
%DI
Energy
1420kJ
708kJ
8%
Protein
2.4g
1.2g
2%
Total Fat
35.8g
17.9g
26%
Saturated Fat
23.8g
11.9g
50%
Carbohydrate
2.9g
1.4g
<1%
Sugars
2.9g
1.4g
2%
Sodium
24mg
12mg
<1%
* Percentage Daily Intakes are based on an average adult diet of 8700 kJ. Your daily intakes may be higher or lower depending on your energy needs.","FRESH CREAM (MILK), FRESH SKIM MILK, HALAL GELATINE, CULTURES (MILK).",https://www.coles.com.au/product/bulla-sour-cream-200ml-8242670,,,2024-06-17T10:53:50.650480-04:00
"Ind54SColes_ADairy, Eggs & Fridge_SACream & Custard_IColes Light Sour Cream | 500g",Coles Light Sour Cream | 500g,Coles,"Dairy, Eggs & Fridge",Cream & Custard,Sour Cream,,$4.20,,,$0.84 per 100g,3676990,Made with Australian Milk47% less fat+LidLIGHT SOUR CREAMMade with Australian Milk47% less fat+500g,,,"Per 100g/ml
Per Serving
%DI
Energy
783
392
Protein
3.1
1.6
Total Fat
17.8
8.9
Saturated Fat
12.7
6.4
Carbohydrate
4.2
2.1
Sugars
3.50
1.75
Sodium
36
18
Saturated
12.70
6.35
Energy (Cal)
187.42
93.71
Fat
17.80
8.90
Dietary Fibre (total)
0.09
0.05
Trans
0.60
0.30
* Percentage Daily Intakes are based on an average adult diet of 8700 kJ. Your daily intakes may be higher or lower depending on your energy needs.",,https://www.coles.com.au/product/coles-light-sour-cream-500g-3676990,,,2024-06-17T10:54:02.254677-04:00
"Ind54SColes_ADairy, Eggs & Fridge_SACream & Custard_IColes Light Thickened Cream | 300mL",Coles Light Thickened Cream | 300mL,Coles,"Dairy, Eggs & Fridge",Cream & Custard,Cream,,$2.80,,,$0.93 per 100mL,5033765,"Coles Dairy light thickened cream, 300mL. Made with Australian milk. Ideal for cooking and pouring with 48% less fat than regular Coles thickened cream. Not ideal for whipping.",,,"Per 100g/ml
Per Serving
%DI
Energy
801.8
160.36
Protein
3
0.6
Saturated Fat
12.9
2.6
11
Carbohydrate
3.9
0.78
Sugars
3.7
0.74
Sodium
32
6.4
Saturated
13.4
2.68
Energy (Cal)
191.82
38.36
Fat
18.5
3.7
Dietary Fibre (total)
0
0
* Percentage Daily Intakes are based on an average adult diet of 8700 kJ. Your daily intakes may be higher or lower depending on your energy needs.",,https://www.coles.com.au/product/coles-light-thickened-cream-300ml-5033765,,,2024-06-17T10:54:13.644098-04:00
"Ind54SColes_ADairy, Eggs & Fridge_SACream & Custard_IBulla Thickened Cream | 300mL",Bulla Thickened Cream | 300mL,Bulla,"Dairy, Eggs & Fridge",Cream & Custard,Cream,,$3.50,,,$1.17 per 100mL,381323,Bulla Thickened Cream 300ml is a great all-purpose cream easy to whip and keeps a stable foam. This versatile cream is also perfect for pouring over your favourite desserts.Australian family owned and made.,,,"Per 100g/ml
Per Serving
%DI
Energy
1410kJ
281kJ
3%
Protein
2.3g
0.5g
<1%
Total Fat
35.6g
7.1g
10%
Saturated Fat
23.7g
4.7g
20%
Carbohydrate
2.9g
0.6g
<1%
Sugars
2.9g
0.6g
<1%
Sodium
24mg
5mg
<1%
* Percentage Daily Intakes are based on an average adult diet of 8700 kJ. Your daily intakes may be higher or lower depending on your energy needs.",,https://www.coles.com.au/product/bulla-thickened-cream-300ml-381323,,,2024-06-17T10:54:24.844410-04:00
"Ind54SColes_ADairy, Eggs & Fridge_SA_IPauls Custard Pouch Vanilla | 140g",Pauls Custard Pouch Vanilla | 140g,Pauls,"Dairy, Eggs & Fridge",,,,$1.90,,$2.40,$1.36 per 100g,3251539,"At Pauls, we love dairy and put that passion into every Pauls milk, cream, custard and yoghurt we make. Pauls Vanilla Custard pouches allow you to enjoy custard wherever you are, whether it be at home, work or on the go.
You can now enjoy the delicious taste of Pauls custard wherever you are, thanks to the convenience of this handy pouch! With the wholesome goodness of dairy, Pauls Kids Star Wars Mandalorian Vanilla Custard is a perfect everyday snack for the whole family.
- Squeezable.
- No spoon needed.
- No artificial colours or preservatives.
- Gluten free.
Squeezable

Source of Calcium

No Artificial Colours

No Preservatives

Low in fat

Gluten Free.",,,"Per 100g/ml
Per Serving
%DI
Energy
384kJ
269kJ
Protein
3.4g
2.4g
Total Fat
1.7g
1.2g
Saturated Fat
1.1g
0.8g
Carbohydrate
15.4g
10.8g
Sugars
12.9g
9.0g
Calcium
115mg
81mg (10% RDI)
10%
Sodium
66mg
46mg
Monounsaturated
0.0g
0.0g
Energy (Cal)
92
64
Dietary Fibre (total)
0.0
0.0
Polyunsaturated
0.0g
0.0g
Gluten
Nil
Nil
Trans
0.0g
0.0g
* Percentage Daily Intakes are based on an average adult diet of 8700 kJ. Your daily intakes may be higher or lower depending on your energy needs.",,https://www.coles.com.au/product/pauls-custard-pouch-vanilla-140g-3251539,,,2024-06-17T10:54:37.191259-04:00
"Ind54SColes_ADairy, Eggs & Fridge_SA_IColes Light Sour Cream | 300g",Coles Light Sour Cream | 300g,Coles,"Dairy, Eggs & Fridge",,,,$3.25,,,$1.08 per 100g,3676979,Made with Australian Milk47% less fat+LidLIGHTSOURCREAMMade with Australian Milk47% less fat+300g,,,"Per 100g/ml
Per Serving
%DI
Energy
783.42
391.71
Protein
3.10
1.55
Saturated Fat
12.7
6.4
27
Carbohydrate
4.20
2.10
Sugars
3.50
1.75
Sodium
36.00
18.00
Saturated
12.70
6.35
Energy (Cal)
187.42
93.71
Fat
17.80
8.90
Dietary Fibre (total)
0.09
0.05
trans
LESS THAN 1g
LESS THAN 1g
* Percentage Daily Intakes are based on an average adult diet of 8700 kJ. Your daily intakes may be higher or lower depending on your energy needs.",,https://www.coles.com.au/product/coles-light-sour-cream-300g-3676979,,,2024-06-17T10:54:48.760893-04:00
"Ind54SColes_ADairy, Eggs & Fridge_SA_IColes Sour Cream | 500g",Coles Sour Cream | 500g,Coles,"Dairy, Eggs & Fridge",,,,$4.20,,,$0.84 per 100g,3676980,Made with Australian milklidSOURCREAMMade with Australian milk500g,,,"Per 100g/ml
Per Serving
%DI
Energy
1400
701
Protein
2.1
1.1
Total Fat
35.6
17.8
Saturated Fat
23.9
12.0
51
Carbohydrate
2.6
1.3
Sugars
2.40
1.20
Sodium
24
12
Saturated
23.90
11.95
Energy (Cal)
335.19
167.60
Fat
35.60
17.80
Dietary Fibre (total)
0.50
0.25
Trans
2.00
1.00
* Percentage Daily Intakes are based on an average adult diet of 8700 kJ. Your daily intakes may be higher or lower depending on your energy needs.",,https://www.coles.com.au/product/coles-sour-cream-500g-3676980,,,2024-06-17T10:55:01.171412-04:00
"Ind54SColes_ADairy, Eggs & Fridge_SA_IPura Double Thick Cream | 300mL",Pura Double Thick Cream | 300mL,Pura,"Dairy, Eggs & Fridge",,,,$6.70,,,$2.23 per 100mL,5434992,"Pura Double Thick Cream is rich and luxurious. Dollop on dessert favourites like lemon tart, chocolate mud cake and baked cheesecake. Delicious served with fresh summer berries.
Rich luxurious texture

Perfect for desserts",,,"Per 100g/ml
Per Serving
%DI
Energy
1785kJ
357kJ
4%
Protein
2.0g
0.4g
<1%
Total Fat
46.0g
9.2g
13%
Saturated Fat
33.1g
6.6g
28%
Carbohydrate
2.6g
0.5g
<1%
Sugars
2.6g
0.5g
<1%
Sodium
25mg
5mg
<1%
Monounsaturated
0
0
0
Energy (Cal)
425Cal
85Cal
0
Dietary Fibre (total)
0
0
0
Polyunsaturated
0
0
0
Trans
0
0
0
* Percentage Daily Intakes are based on an average adult diet of 8700 kJ. Your daily intakes may be higher or lower depending on your energy needs.",,https://www.coles.com.au/product/pura-double-thick-cream-300ml-5434992,,,2024-06-17T10:55:13.843509-04:00
"Ind54SColes_ADairy, Eggs & Fridge_SA_IColes Vanilla Flavour Custard | 600g",Coles Vanilla Flavour Custard | 600g,Coles,"Dairy, Eggs & Fridge",,,,$1.70,,,$0.28 per 100g,7152346,Made with Australian Milk,,,"Per 100g/ml
Per Serving
%DI
Energy
433.40
433.40
Protein
3.20
3.20
Total Fat
2.60
2.60
Saturated Fat
1.6
1.6
7
Carbohydrate
16.40
16.40
Sugars
14.00
14.00
Calcium
115.00
115.00
Sodium
63.00
63.00
Energy (Cal)
103.68
103.68
Dietary Fibre (total)
0.50
0.50
* Percentage Daily Intakes are based on an average adult diet of 8700 kJ. Your daily intakes may be higher or lower depending on your energy needs.",,https://www.coles.com.au/product/coles-vanilla-flavour-custard-600g-7152346,,,2024-06-17T10:55:25.966300-04:00
"Ind54SColes_ADairy, Eggs & Fridge_SA_IPauls Custard Vanilla | 1kg",Pauls Custard Vanilla | 1kg,Pauls,"Dairy, Eggs & Fridge",,,,$4.40,,$5.40,$0.44 per 100g,279939,"Pauls makes the moment better. It's the dairy that's been turning everyday occasions into delicious ones since 1933.

Pauls Vanilla Custard is Australia's Favourite Custard! Enjoy it on it's own, with your favourite dessert, or try it in our Brioche Pudding.


Brioche Bread Pudding with Caramel Sauce

What you need
2 cups (540g) Pauls Vanilla Custard, plus extra to serve
2 eggs, beaten
1/2 loaf of brioche, roughly chopped
1/4 cup (40g) sultanas
1/4 cup (60ml) caramel sauce
1 tsp salt flakes

How to make it

1.      Preheat oven to 180C.

2.      Place brioche into a 22cm baking dish.

3.      Combine custard and eggs into a medium bowl and gently pour over brioche. Sprinkle with sultanas, allow to sit for 10 minutes. Cover with foil and bake in oven for 45 minutes or until custard in the center of the dish doesn't wobble.

4.      Drizzle over caramel and sprinkle with salt. Serve with extra custard.

Serves 4-6

Notes: you could swap out sultanas for berries or make more indulgent with chocolate chips
 No artificials colours

No preservatives

Source of calcium

Gluten free",,,"Per 100g/ml
Per Serving
%DI
Energy
434
434kJ
Protein
3.2
3.2g
Total Fat
2.5
2.5g
Saturated Fat
1.7
1.7g
Carbohydrate
16.7
16.7g
Sugars
14.9
14.9g
Calcium
112mg
112mg
14
Sodium
64
64mg
Monounsaturated
0
0
Energy (Cal)
98
98
Dietary Fibre (total)
0
0
Polyunsaturated
0
0
Gluten
Nil
Nil
Trans
0
0
* Percentage Daily Intakes are based on an average adult diet of 8700 kJ. Your daily intakes may be higher or lower depending on your energy needs.",,https://www.coles.com.au/product/pauls-custard-vanilla-1kg-279939,,,2024-06-17T10:55:38.357237-04:00
"Ind54SColes_ADairy, Eggs & Fridge_SA_IPauls Whipping Cream | 250mL",Pauls Whipping Cream | 250mL,Pauls,"Dairy, Eggs & Fridge",,,,,,,,8078599,"Pauls Whipping Cream whips up to velvety perfection, the perfect partner for cakes adn desserts, or a versatile base to infuse with your favourite flavours. 
Simply snip, pour, whip, enjoy!
Whips up to velvety perfection

Perfect partner for cakes and desserts

Made in Australia

Australian Cream",,,"Per 100g/ml
Per Serving
%DI
Energy
1408kJ
1408kJ
Protein
2.3g
2.3g
Total Fat
34.5g
35.4g
Saturated Fat
23.2g
23.2g
Carbohydrate
3.4g
3.4g
Sugars
3.4g
3.4g
Calcium
0.0
0.0
Iron
0.0
0.0
Vitamin A
0.0
0.0
Coenzyme Q10
0.0
0.0
Vitamin E
0.0
0.0
Vitamin B
0.0
0.0
Vitamin C
0.0
0.0
Dietary Fibre (total)
0.0
0.0
Omega - 6
0.0
0.0
Magnesium
0.0
0.0
Selenium
0.0
0.0
Copper
0.0
0.0
Trans
1.7g
1.7g
Iodine
0.0
0.0
Bioflavoids
0.0
Folic Acid
0.0
0.0
Biotin
0.0
0.0
Molybdenum
0.0
0.0
Zinc
0.0
0.0
Sodium
35mg
35mg
Choline
0.0
0.0
Monounsaturated
0.0
0.0
Chromium
0.0
0.0
Polyunsaturated
0.0
0.0
Potassium
0.0
0.0
Manganese
0.0
0.0
* Percentage Daily Intakes are based on an average adult diet of 8700 kJ. Your daily intakes may be higher or lower depending on your energy needs.",,https://www.coles.com.au/product/pauls-whipping-cream-250ml-8078599,,,2024-06-17T10:55:50.170657-04:00
"Ind54SColes_ADairy, Eggs & Fridge_SA_IFlora Plant Based Thickened Cream 31% | 500mL",Flora Plant Based Thickened Cream 31% | 500mL,Flora,"Dairy, Eggs & Fridge",,,,$6.50,,,$1.30 per 100mL,6413590,"Flora thickened plant cream is 100% plant and can be used as a 1:1 replacement for dairy cream in all pouring, cooking, and whipping applications.
Neutral in taste, it is vegan, dairy free, lactose free and palm oil free. It's so smooth, velvety and thick and suits any dish you cook, bake or whip up. Use just like dairy cream in pasta dish, delicious soups and rich chocolate tarts, and be reassured as it's dairy free.
With Flora cream It is easy to switch and elevate your favourites from good to great without the dairy.
Dairy free

Palm oil free

Lactose free

Soy free

Vegan",,,"Per 100g/ml
Per Serving
%DI
Energy
1205kJ
362kJ
Protein
0.6g
0.2g
Total Fat
31g
9.3g
Saturated Fat
22g
6.6g
Carbohydrate
2.3g
0.7g
Sugars
1.3g
0.4g
Lactose
0.0g
0.0g
Sodium
45mg
14mg
Galactose
0.0g
0.0g
* Percentage Daily Intakes are based on an average adult diet of 8700 kJ. Your daily intakes may be higher or lower depending on your energy needs.","Lentil milk (water, lentil Protein (1%)), vegetable oils (coconut, canola),sugar, modified corn starch, emulsifiers (sunflower lecithin, sugar esters of fatty acids, mono and diglycerides of fatty acids), stabilisers (guar gum, locust bean gum), natural flavourings, salt, colour (beta-carotene).",https://www.coles.com.au/product/flora-plant-based-thickened-cream-31percent-500ml-6413590,,,2024-06-17T10:56:02.798796-04:00
"Ind54SColes_ADairy, Eggs & Fridge_SADairy Desserts_IThe Sweetporium Co. Raspberry Cheesecake 2 Pack | 180g",The Sweetporium Co. Raspberry Cheesecake 2 Pack | 180g,The Sweetporium Co,"Dairy, Eggs & Fridge",Dairy Desserts,Chilled Dairy Desserts,,$4.90,,,$2.72 per 100g,4471461,"Coles Dairy Raspberry cheesecake, 2pk. Made in Italy with a biscuit crumb layered with a creamy cheesecake filling and raspberry sauce. Packed into individual tubs for a convenient and delicious dessert.",,,"Per 100g/ml
Per Serving
%DI
Energy
1108.80
997.92
Protein
5.60
5.04
Carbohydrate
31.10
27.99
Sugars
21.40
19.26
Sodium
101.00
90.90
Saturated
8.50
7.65
Energy (Cal)
265.26
238.74
Fat
12.50
11.25
Dietary Fibre (total)
2.80
2.52
Trans
0.01
0.01
* Percentage Daily Intakes are based on an average adult diet of 8700 kJ. Your daily intakes may be higher or lower depending on your energy needs.",,https://www.coles.com.au/product/the-sweetporium-co.-raspberry-cheesecake-2-pack-180g-4471461,,,2024-06-17T10:57:26.954581-04:00
"Ind54SColes_ADairy, Eggs & Fridge_SADairy Desserts_IIsland Berries Tasmania Panna Cotta Salted Caramel Sauce | 145g",Island Berries Tasmania Panna Cotta Salted Caramel Sauce | 145g,Island Berries Tasmania,"Dairy, Eggs & Fridge",Dairy Desserts,Chilled Dairy Desserts,,$4.50,,,$3.10 per 100g,5060735,"Panna Cotta is a traditional dessert prepared in farmhouse kitchens in the Piedmont region of north-west Italy. The silky smoothness of rich fresh dairy cream, with a subtle fragrance of vanilla, is accompanied by a smooth salted caramel sauce.",,,"Per 100g/ml
Per Serving
%DI
Energy
1500kJ
2400kJ
Protein
1.9g
3.1g
Total Fat
32.3g
51.7g
Saturated Fat
20.8g
33.2g
Carbohydrate
15.6g
24.9g
Sugars
15.5g
24.8g
Sodium
61mg
97mg
* Percentage Daily Intakes are based on an average adult diet of 8700 kJ. Your daily intakes may be higher or lower depending on your energy needs.",,https://www.coles.com.au/product/island-berries-tasmania-panna-cotta-salted-caramel-sauce-145g-5060735,,,2024-06-17T10:57:38.307403-04:00
"Ind54SColes_ADairy, Eggs & Fridge_SADairy Desserts_IColes Creamy Vanilla Dessert 2 Pack | 300g",Coles Creamy Vanilla Dessert 2 Pack | 300g,Coles,"Dairy, Eggs & Fridge",Dairy Desserts,Chilled Dairy Desserts,,$2.20,,,$0.73 per 100g,4471304,Coles Dairy 2pk creamy vanilla dessert. Australian made smooth and creamy vanilla flavoured sweet treat packed into individual pots for convenience.,,,"Per 100g/ml
Per Serving
%DI
Energy
587.60
881.40
Protein
1.90
2.85
Total Fat
6.1
9.2
Saturated Fat
4.4
6.6
Carbohydrate
19.20
28.80
Sugars
11.80
17.70
Sodium
29.00
43.50
Saturated
4.40
6.60
Energy (Cal)
140.57
210.86
Fat
6.10
9.15
Dietary Fibre (total)
0.40
0.60
Trans
0.20
0.30
* Percentage Daily Intakes are based on an average adult diet of 8700 kJ. Your daily intakes may be higher or lower depending on your energy needs.","INGREDIENTS: Water, Sugar, Cream (Milk), Full Cream Milk Powder, Thickeners (1422, 1442), Dextrose (2.0%), Stabilisers (410, 466), Emulsifier (471 From Palm), Natural Vanilla Flavouring, Colour (160b).",https://www.coles.com.au/product/coles-creamy-vanilla-dessert-2-pack-300g-4471304,,,2024-06-17T10:57:49.327538-04:00
"Ind54SColes_ADairy, Eggs & Fridge_SADairy Desserts_IFancy Plants Chocolate Silky Pot 2x95g | 190g",Fancy Plants Chocolate Silky Pot 2x95g | 190g,Fancy Plants,"Dairy, Eggs & Fridge",Dairy Desserts,Chilled Dairy Desserts,,$3.95,,$4.40,$2.08 per 100g,3857667,"Fancy turning over a new leaf?
Fancy Plants Silky Pot is an indulgent plant-based pudding named after its smooth as silk texture. Silky Pot makes eating plant-based fabulously delicious and every pot contains prebiotic fibre which helps support digestive health.
Fancy Plants partners with global organisation 1% for the Planet, that sees 1% of sales going back to people and the planet through the work of high-impact, not-for-profit social and environmental groups.
Plant-based
Vegan
Source of fibre
Source of calcium
Contains prebiotic fibre
Dairy free
Gluten free
Fully recyclable packaging
Australian made
1% for the Planet
www.fancyplants.com
Instagram: @fancyplants_au
Facebook: Fancy Plants AU",,,"Per 100g/ml
Per Serving
%DI
Energy
619kJ
588kJ
Protein
1.1g
1g
Total Fat
8.5g
8.1g
Saturated Fat
6.6g
6.3g
Carbohydrate
15.4g
14.6g
Sugars
11.4g
10.8g
Calcium
100mg
95mg
11%
Sodium
9mg
8mg
* Percentage Daily Intakes are based on an average adult diet of 8700 kJ. Your daily intakes may be higher or lower depending on your energy needs.",,https://www.coles.com.au/product/fancy-plants-chocolate-silky-pot-2x95g-190g-3857667,,,2024-06-17T10:58:00.474358-04:00
"Ind54SColes_ADairy, Eggs & Fridge_SADairy Desserts_IDivine Classic Crme Caramel Dessert 2 pack | 150g",Divine Classic Crme Caramel Dessert 2 pack | 150g,Divine Classic,"Dairy, Eggs & Fridge",Dairy Desserts,Chilled Dairy Desserts,,$3.75,Buy 2 for $6.50,,$1.25 per 100g,242917,"There's no better dessert than a dairy dessert and we've made quality Crme Caramel convenient for time poor Australians with Divine Classic.
Divine Classic Crme Caramel is the ultimate indulgence. This exquisitely smooth restaurant style dessert sets the benchmark for taste and texture. Enjoy this French style custard topped with luxurious caramel for a truly timeless dessert.
French style custard topped with luxurious caramel
Ultimately indulgent taste and texture
Restaurant style dessert",,,"Per 100g/ml
Per Serving
%DI
Energy
527kJ
791kJ
9.00%
Protein
4.1g
6.2g
12.00%
Total Fat
3.9g
5.9g
8.00%
Saturated Fat
2.5g
3.8g
16.00%
Carbohydrate
18.4g
27.6g
9.00%
Sugars
17.7g
26.6g
30.00%
Calcium
126mg
189mg
24% RDI*
Sodium
53mg
80mg
4.00%
Energy (Cal)
126Cal
189Cal
* Percentage Daily Intakes are based on an average adult diet of 8700 kJ. Your daily intakes may be higher or lower depending on your energy needs.",,https://www.coles.com.au/product/divine-classic-creme-caramel-dessert-2-pack-150g-242917,,,2024-06-17T10:58:11.354697-04:00
"Ind54SColes_ADairy, Eggs & Fridge_SADairy Desserts_IKenilworth Dairies Rich Chocolate Mousse | 170g",Kenilworth Dairies Rich Chocolate Mousse | 170g,Kenilworth Dairies,"Dairy, Eggs & Fridge",Dairy Desserts,Chilled Dairy Desserts,,$3.40,,$3.80,$2.00 per 100g,6913232,"This Oh-my-goodness-mousse is rich, light and fluffy, with a chocolat-i-ness' that Charlie would be proud of. Make someone happy - or grab one for yourself - Premium Australian Dairy",,,"Per 100g/ml
Per Serving
%DI
Energy
855
855
Protein
5.7
5.7
Total Fat
11
11
Saturated Fat
7.2
7.2
Carbohydrate
20.2
20.2
Sugars
19.6
19.6
Sodium
74
74
* Percentage Daily Intakes are based on an average adult diet of 8700 kJ. Your daily intakes may be higher or lower depending on your energy needs.",,https://www.coles.com.au/product/kenilworth-dairies-rich-chocolate-mousse-170g-6913232,,,2024-06-17T10:58:22.307338-04:00
"Ind54SColes_ADairy, Eggs & Fridge_SADairy Desserts_INestle Chocolate Mousse Dessert | 124g",Nestle Chocolate Mousse Dessert | 124g,Nestle,"Dairy, Eggs & Fridge",Dairy Desserts,Chilled Dairy Desserts,,$2.80,,,$2.26 per 100g,8477109,"Nestle believes that proper nutrition and physical activity are important in maintaining good health.
Nestle Chocolate Mousse is a Smooth and creamy milk chocolate mousse, made with Australian milk.
Made with Australian Milk
Source of Calcium",,,"Per 100g/ml
Per Serving
%DI
Energy
875
543
6%
Protein
4.9g
3.0g
6%
Total Fat
11.8g
7.3g
10%
Saturated Fat
8.3g
5.1g
21%
Carbohydrate
20.8g
12.9g
4%
Sugars
19.4g
12.0g
13%
Sodium
46mg
28mg
1%
Energy (Cal)
209
130
6%
* Percentage Daily Intakes are based on an average adult diet of 8700 kJ. Your daily intakes may be higher or lower depending on your energy needs.","Milk (78%) (Skim Milk, Cream, Milk Solids), Sugar, Water, Milk Chocolate (8%), (Full Cream Milk Powder, Cocoa Butter, Cocoa Liquor, Soy Lecithin), Cocoa, Gelatin, Thickener (1442), Emulsifier (472b), Vegetable Gum (407), Flavour.",https://www.coles.com.au/product/nestle-chocolate-mousse-dessert-124g-8477109,,,2024-06-17T10:58:33.488167-04:00
"Ind54SColes_ADairy, Eggs & Fridge_SADairy Desserts_IPauls Low Fat Chocolate Mousse 2X62g | 124g",Pauls Low Fat Chocolate Mousse 2X62g | 124g,Pauls,"Dairy, Eggs & Fridge",Dairy Desserts,Chilled Dairy Desserts,,$2.80,,,$2.26 per 100g,8469971,"<p>At Pauls, we love dairy and put that passion into every Pauls milk, cream, custard and yoghurt we make.</p>

Pauls Low Fat Chocolate Mousse is gluten-free, rich and creamy with no artificial colours, flavours or preservatives. Low fat and has less than 75 calories per serve.

Gluten Free
No artificial Colours
No preservatives
Less tha 75 calories per serve
Gluten Free

No artificial colours or preservatives

Less than 75 calories per serve",,,"Per 100g/ml
Per Serving
%DI
Energy
468kJ
290kJ
Protein
4.7g
2.9g
Total Fat
2.5g
1.6g
Saturated Fat
1.9g
1.2g
Carbohydrate
15.8g
9.8g
Sugars
14.6g
9.1g
Calcium
115mg
Sodium
57mg
35mg
Energy (Cal)
112Cal
69Cal
Gluten
NIL
NIL
* Percentage Daily Intakes are based on an average adult diet of 8700 kJ. Your daily intakes may be higher or lower depending on your energy needs.",,https://www.coles.com.au/product/pauls-low-fat-chocolate-mousse-2x62g-124g-8469971,,,2024-06-17T10:58:44.393835-04:00
"Ind54SColes_ADairy, Eggs & Fridge_SADairy Desserts_ICadbury Dairy Milk Caramello Chocolate Mousse 2x80g | 160g",Cadbury Dairy Milk Caramello Chocolate Mousse 2x80g | 160g,Cadbury,"Dairy, Eggs & Fridge",Dairy Desserts,Chilled Dairy Desserts,,$6.00,,,$3.75 per 100g,6841288,,,,,,https://www.coles.com.au/product/cadbury-dairy-milk-caramello-chocolate-mousse-2x80g-160g-6841288,,,2024-06-17T10:58:53.115938-04:00
"Ind54SColes_ADairy, Eggs & Fridge_SADairy Desserts_IWicked Sister Vanilla Bean Creme Caramel 2X150Gram | 300g",Wicked Sister Vanilla Bean Creme Caramel 2X150Gram | 300g,Wicked Sister,"Dairy, Eggs & Fridge",Dairy Desserts,Chilled Dairy Desserts,,$4.80,,,$1.60 per 100g,3835595,Your tastebuds will be swooning and saying ooh la la when you taste Wicked Sister's Creme Caramel. Decadently creamy custard overflowing with sweet caramel sauce. A delicious taste sensation you'll be all gooey for.,,,"Per 100g/ml
Per Serving
%DI
Energy
599kJ
898kJ
Protein
2.9g
4.4g
Total Fat
3.4g
5.1g
Saturated Fat
2.4g
3.6g
Carbohydrate
24g
36g
Sugars
21.7g
32.6g
Sodium
71mg
106mg
* Percentage Daily Intakes are based on an average adult diet of 8700 kJ. Your daily intakes may be higher or lower depending on your energy needs.","Cream Custard (80%): Water, Dairy Ingredients (Full Cream Milk Powder, Cream), Dextrose, Sugar, Stabilisers (1422, 466), Gelatine (Halal), Natural Flavour, Emulsifier (471), Salt, Natural Colours (160b, 100), Vanilla Bean Seeds (0.01%)., Caramel Sauce (20%): Water, Sugar, Stabilisers (1422, 466), Natural Flavours, Caramelised Sugar, Salt, Acidity Regulators (270, 331), Natural Colour (120)",https://www.coles.com.au/product/wicked-sister-vanilla-bean-creme-caramel-2x150gram-300g-3835595,,,2024-06-17T10:59:03.888826-04:00
"Ind54SColes_ADairy, Eggs & Fridge_SADairy Desserts_IWicked Sister High Protein Chocolate Pudding | 170g",Wicked Sister High Protein Chocolate Pudding | 170g,Wicked Sister,"Dairy, Eggs & Fridge",Dairy Desserts,Chilled Dairy Desserts,,$3.00,,,$1.76 per 100g,4494048,"Your chocolate fix just got more delectable with Wicked Sister's High Protein Chocolate Pudding. It's smooth, it's rich, it's creamy and with a 15g hit of protein and no added sugar, you can get the protein and chocolate hit you need in this deliciously good tub of goodness.",,,"Per 100g/ml
Per Serving
%DI
Energy
444kJ
755kJ
Protein
9.5g
16.2g
Total Fat
4.3g
7.4g
Saturated Fat
3g
5.1g
Carbohydrate
6.8g
11.5g
Sugars
5.3g
9g
Sodium
91mg
154mg
* Percentage Daily Intakes are based on an average adult diet of 8700 kJ. Your daily intakes may be higher or lower depending on your energy needs.",,https://www.coles.com.au/product/wicked-sister-high-protein-chocolate-pudding-170g-4494048,,,2024-06-17T10:59:14.783243-04:00
"Ind54SColes_ADairy, Eggs & Fridge_SADairy Desserts_IPauls Chocolate Mousse Despicable Me Minions 12X50g | 600g",Pauls Chocolate Mousse Despicable Me Minions 12X50g | 600g,Pauls,"Dairy, Eggs & Fridge",Dairy Desserts,Chilled Dairy Desserts,,$8.00,,,$1.33 per 100g,1870507,"Pauls Kids Despicable Me Minions Chocolate Mousse is a delicious dairy snack packed with dairy goodness and is free from artificial colours and preservatives.

Featuring the lovable minions from Despicable Me!

At Pauls, we love dairy. We're pretty passionate about making great tasting products packed with real dairy goodness. We put that devotion into every Pauls milk, cream, custard and yoghurt we make. 
No artificial Colours

No artificial flavours",,,"Per 100g/ml
Per Serving
%DI
Energy
865kJ
433kJ
Protein
4.5g
2.3g
Total Fat
12.0g
6.0g
Saturated Fat
7.8g
3.9g
Carbohydrate
20.0g
10.0g
Sugars
18.8g
9.4g
Sodium
66mg
33mg
Monounsaturated
0g
0g
Energy (Cal)
207Cal
104Cal
Dietary Fibre (total)
0g
0g
Polyunsaturated
0g
0g
Trans
0g
0g
* Percentage Daily Intakes are based on an average adult diet of 8700 kJ. Your daily intakes may be higher or lower depending on your energy needs.",,https://www.coles.com.au/product/pauls-chocolate-mousse-despicable-me-minions-12x50g-600g-1870507,,,2024-06-17T10:59:25.543433-04:00
"Ind54SColes_ADairy, Eggs & Fridge_SADairy Desserts_IFancy Plants High Protein Pud Chocolate | 160g",Fancy Plants High Protein Pud Chocolate | 160g,Fancy Plants,"Dairy, Eggs & Fridge",Dairy Desserts,Chilled Dairy Desserts,,$3.50,,,$2.19 per 100g,6098256,"Fancy feeling better?
Fancy Plants Protein Pud is a delicious plant-based pudding packed with plant protein. Made with Australian grown and processed faba bean protein, Protein Pud contains 10g of protein to help build and repair muscles and provides a source of iron for healthy blood and a source of calcium for strong bones and teeth. Protein Pud is a delicious and nutritious pre or post work out snackthe proof is in the pudding!
Fancy Plants partners with global organisation 1% for the Planet, that sees 1% of sales going back to people and the planet through the work of high-impact, not-for-profit social and environmental groups.
Plant-based
Vegan
High Protein 10g
4 HSR
Source of iron
Source of calcium
Source of potassium
Dairy free
Gluten free
Fully recyclable packaging
Australian made
1% for the Planet
www.fancyplants.com
Instagram: @fancyplants_au
Facebook: Fancy Plants AU",,,"Per 100g/ml
Per Serving
%DI
Energy
530kJ
848kJ
Protein
6.9g
10.9g
Total Fat
6.3g
10.1g
Saturated Fat
0.7g
1g
Carbohydrate
10.1g
16.2g
Sugars
8.4g
13.4g
Calcium
70mg
111mg
13%
Sodium
28mg
44mg
Iron
1.6mg
2.4mg
20%
Magnesium
13mg
21mg
Potassium
134mg
214mg
* Percentage Daily Intakes are based on an average adult diet of 8700 kJ. Your daily intakes may be higher or lower depending on your energy needs.",,https://www.coles.com.au/product/fancy-plants-high-protein-pud-chocolate-160g-6098256,,,2024-06-17T10:59:36.620318-04:00
"Ind54SColes_ADairy, Eggs & Fridge_SA_IIsland Berries Tasmania Panna Cotta With Raspberry Coulis | 145g",Island Berries Tasmania Panna Cotta With Raspberry Coulis | 145g,Island Berries Tasmania,"Dairy, Eggs & Fridge",,,,$4.50,,,$3.10 per 100g,5060586,"Panna Cotta is a traditional dessert prepared in farmhouse kitchens in the Piedmont region of north-west Italy. The silky smoothness of rich fresh dairy cream, with a subtle fragrance of vanilla, is accompanied by the freshness of Raspberry Coulis.",,,"Per 100g/ml
Per Serving
%DI
Energy
1370kJ
1990kJ
Protein
2g
3g
Total Fat
29.9g
48.3g
Saturated Fat
19.1g
27.8g
Carbohydrate
12.5g
18.2g
Sugars
12.5g
18.2g
Sodium
32mg
47mg
* Percentage Daily Intakes are based on an average adult diet of 8700 kJ. Your daily intakes may be higher or lower depending on your energy needs.",,https://www.coles.com.au/product/island-berries-tasmania-panna-cotta-with-raspberry-coulis-145g-5060586,,,2024-06-17T10:59:49.999784-04:00
"Ind54SColes_ADairy, Eggs & Fridge_SA_IColes Creamy Choc Dessert 2 Pack | 300g",Coles Creamy Choc Dessert 2 Pack | 300g,Coles,"Dairy, Eggs & Fridge",,,,$2.20,,,$0.73 per 100g,4471315,Coles Dairy 2pk creamy choc dessert. Australian made smooth and creamy sweet treat packed into individual pots for convenience.,,,"Per 100g/ml
Per Serving
%DI
Energy
564.50
846.75
Protein
2.50
3.75
Total Fat
6.5
9.8
14
Saturated Fat
4.6
6.9
29
Carbohydrate
15.90
23.85
Sugars
11.70
17.55
Sodium
32.00
48.00
Saturated
4.60
6.90
Energy (Cal)
135.05
202.57
Fat
6.50
9.75
Dietary Fibre (total)
1.40
2.10
Trans
0.20
0.30
* Percentage Daily Intakes are based on an average adult diet of 8700 kJ. Your daily intakes may be higher or lower depending on your energy needs.","INGREDIENTS: Water, Sugar, Cream (Milk), Full Cream Milk Powder, Thickeners (1422, 1442), Cocoa Powder (2.5%), Stabilisers (410, 466), Emulsifier (471 From Palm).",https://www.coles.com.au/product/coles-creamy-choc-dessert-2-pack-300g-4471315,,,2024-06-17T11:00:03.183881-04:00
"Ind54SColes_ADairy, Eggs & Fridge_SA_IWicked Sister Tiramisu | 90g",Wicked Sister Tiramisu | 90g,Wicked Sister,"Dairy, Eggs & Fridge",,,,$3.50,,$4.00,$3.89 per 100g,4493996,"Tiramisu means 'pick me up' and one mouthful of the perfection of Wicked Sister's Tiramisu and you'll know why. Deliciously layered flavours of biscuit, coffee and cream combine to give you the dessert you've been craving.",,,"Per 100g/ml
Per Serving
%DI
Energy
1095kJ
986kJ
Protein
4.6g
4.1g
Total Fat
11.4g
10.3g
Saturated Fat
9.2g
8.3g
Carbohydrate
31.1g
28g
Sugars
18.7g
16.8g
Sodium
84mg
76mg
* Percentage Daily Intakes are based on an average adult diet of 8700 kJ. Your daily intakes may be higher or lower depending on your energy needs.",,https://www.coles.com.au/product/wicked-sister-tiramisu-90g-4493996,,,2024-06-17T11:00:15.176858-04:00
"Ind54SColes_ADairy, Eggs & Fridge_SADairy Desserts_IColes Finest Italian Limoncello Dessert | 100g",Coles Finest Italian Limoncello Dessert | 100g,Coles,"Dairy, Eggs & Fridge",Dairy Desserts,Chilled Dairy Desserts,,$4.40,Pick any 2 for $7.50,,$4.40 per 100g,7500613,"A layered dessert made in Italy with lemon zest, sponge biscuit and mascarpone.",,,"Per 100g/ml
Per Serving
%DI
Energy
943.70
943.70
Protein
3.70
3.70
Total Fat
8.40
8.40
Carbohydrate
33.20
33.20
Sugars
21.60
21.60
Sodium
47.00
47.00
Saturated
6.10
6.10
Energy (Cal)
225.77
225.77
Dietary Fibre (total)
0.70
0.70
Trans
0.10
0.10
* Percentage Daily Intakes are based on an average adult diet of 8700 kJ. Your daily intakes may be higher or lower depending on your energy needs.","INGREDIENTS: Mascarpone Mousse (56%) [Water, Glucose Syrup (Wheat), Skimmed Milk Powder, Mascarpone (10%) (Cream (Milk), Milk, Acidity Regulator (270)), Cream (Milk), Coconut Oil, Sugar, Free Range Egg, Concentrated Lemon Juice, Alcohol, Citrus Fibre, Thickener (407), Emulsifier (471), Natural Flavouring], Lemon Coulis (22%) [Lemon Juice (36%), Water, Sugar, Candied Lemon Zest (10%) (Lemon Zest, Glucose-Fructose Syrup, Sugar, Lemon Juice), Corn Starch, Stabiliser (440), Preservative (Potassium Sorbate), Natural Lemon Flavouring (0.01%)], Limoncello Flavoured Sauce (14%) [Water, Glucose Syrup (Wheat), Alcohol, Natural Flavouring], Sponge Biscuit (7%) [Wheat Flour, Free Range Egg, Sugar, Emulsifier (471), Raising Agents (450, 500)], Crumbled Apricot Kernel Biscuit (1.5%) [Sugar, Wheat Flour, Free Range Egg, Apricot Kernel, Lactose (Milk) & Milk Protein, Butter (Milk), Natural Flavouring, Raising Agent (500)].",https://www.coles.com.au/product/coles-finest-italian-limoncello-dessert-100g-7500613,,,2024-06-17T11:00:28.850619-04:00
"Ind54SColes_ADairy, Eggs & Fridge_SADairy Desserts_IThe Sweetporium Co. Passionfruit & Mango Cheesecake | 180g",The Sweetporium Co. Passionfruit & Mango Cheesecake | 180g,The Sweetporium Co,"Dairy, Eggs & Fridge",Dairy Desserts,Chilled Dairy Desserts,,$4.90,,,$2.72 per 100g,7500792,Biscuit crumb layered with a creamy cheesecake filling and passionfruit & mango sauce,,,"Per 100g/ml
Per Serving
%DI
Energy
1078.50
970.65
Protein
5.40
4.86
Total Fat
12.50
11.25
Carbohydrate
30.60
27.54
Sugars
21.10
18.99
Sodium
100.00
90.00
Saturated
8.50
7.65
Energy (Cal)
258.01
232.21
Dietary Fibre (total)
0.50
0.45
Trans
0.10
0.09
* Percentage Daily Intakes are based on an average adult diet of 8700 kJ. Your daily intakes may be higher or lower depending on your energy needs.",,https://www.coles.com.au/product/the-sweetporium-co.-passionfruit-and-mango-cheesecake-180g-7500792,,,2024-06-17T11:00:41.112992-04:00
"Ind54SColes_ADairy, Eggs & Fridge_SADairy Desserts_IWicked Sister Vanilla Bean Rice Pudding 2x170g | 340g",Wicked Sister Vanilla Bean Rice Pudding 2x170g | 340g,Wicked Sister,"Dairy, Eggs & Fridge",Dairy Desserts,Chilled Dairy Desserts,,$4.80,,,$1.41 per 100g,2367389,"Without a doubt, Wicked Sister's Rice Pudding is pure, sweet perfection. The creamy, vanilla delight of this rice pudding will comfort your soul while awakening the tastebuds. An absolute crowd pleaser, be sure to keep some for yourself.",,,"Per 100g/ml
Per Serving
%DI
Energy
630kJ
1070kJ
Protein
2.8g
4.8g
Total Fat
5.5g
9.3g
Saturated Fat
3.8g
6.4g
Carbohydrate
21.9g
37.2g
Sugars
14g
23.8g
Sodium
22mg
38mg
* Percentage Daily Intakes are based on an average adult diet of 8700 kJ. Your daily intakes may be higher or lower depending on your energy needs.",,https://www.coles.com.au/product/wicked-sister-vanilla-bean-rice-pudding-2x170g-340g-2367389,,,2024-06-17T11:00:52.876510-04:00
"Ind54SColes_ADairy, Eggs & Fridge_SADairy Desserts_IWicked Sister Double Choc Panna Cotta 2x150g | 300g",Wicked Sister Double Choc Panna Cotta 2x150g | 300g,Wicked Sister,"Dairy, Eggs & Fridge",Dairy Desserts,Chilled Dairy Desserts,,$4.80,,,$1.60 per 100g,5405724,"Panna Cotta is given a wonderfully rich chocolately twist thanks to Wicked Sister's Double Choc Panna Cotta. One spoonful of this silky, creamy delight and you'll be transported into a deliciously smooth chocolate world.",,,"Per 100g/ml
Per Serving
%DI
Energy
703kJ
1050kJ
Protein
2.8g
4.2g
Total Fat
7.7g
11.6g
Saturated Fat
5.4g
8.1g
Carbohydrate
22.4g
33.6g
Sugars
19.6g
29.4g
Sodium
51mg
76mg
* Percentage Daily Intakes are based on an average adult diet of 8700 kJ. Your daily intakes may be higher or lower depending on your energy needs.",,https://www.coles.com.au/product/wicked-sister-double-choc-panna-cotta-2x150g-300g-5405724,,,2024-06-17T11:01:04.723878-04:00
"Ind54SColes_ADairy, Eggs & Fridge_SADairy Desserts_ISweetporium Caramel Cheesecake Dessert | 90g",Sweetporium Caramel Cheesecake Dessert | 90g,Sweetporium,"Dairy, Eggs & Fridge",Dairy Desserts,Chilled Dairy Desserts,,$3.20,Pick any 2 for $5.50,,$3.56 per 100g,7537500,Biscuit crumb layered with sweet caramel sauce and a creamy cheesecake filling,,,"Per 100g/ml
Per Serving
%DI
Energy
1322.70
1190.43
Protein
4.00
3.60
Total Fat
16.90
15.21
Carbohydrate
36.60
32.94
Sugars
25.40
22.86
Sodium
171.00
153.90
Saturated
12.00
10.80
Energy (Cal)
316.44
284.79
Dietary Fibre (total)
0.90
0.81
Trans
0.50
0.45
* Percentage Daily Intakes are based on an average adult diet of 8700 kJ. Your daily intakes may be higher or lower depending on your energy needs.",,https://www.coles.com.au/product/sweetporium-caramel-cheesecake-dessert-90g-7537500,,,2024-06-17T11:01:16.340453-04:00
"Ind54SColes_ADairy, Eggs & Fridge_SADairy Desserts_IKenilworth Dairies Coffee Mousse | 170g",Kenilworth Dairies Coffee Mousse | 170g,Kenilworth Dairies,"Dairy, Eggs & Fridge",Dairy Desserts,Chilled Dairy Desserts,,$3.40,,$3.80,$2.00 per 100g,6913673,"Introducing the enchanting Coffee Mousse 170g, a delightful treat that will whisk you away to a realm of pure coffee bliss! Imagine a cloud of creamy goodness infused with the captivating aroma of freshly brewed coffee, dancing on your taste buds with every spoonful.",,,"Per 100g/ml
Per Serving
%DI
Energy
844
844
Protein
5.2
5.2
Total Fat
10.4
10.4
Saturated Fat
6.8
6.8
Carbohydrate
21.6
21.6
Sugars
20.3
20.3
Sodium
76
76
* Percentage Daily Intakes are based on an average adult diet of 8700 kJ. Your daily intakes may be higher or lower depending on your energy needs.",,https://www.coles.com.au/product/kenilworth-dairies-coffee-mousse-170g-6913673,,,2024-06-17T11:01:28.278985-04:00
"Ind54SColes_ADairy, Eggs & Fridge_SADairy Desserts_IYoplait Fruche Vanilla Beans 2 x 150g | 2 Pack",Yoplait Fruche Vanilla Beans 2 x 150g | 2 Pack,Yoplait,"Dairy, Eggs & Fridge",Dairy Desserts,Chilled Dairy Desserts,,$2.75,,,$0.92 per 100g,3723649,"Low fat fromage frais with vanilla bean. Free from artificial colours or sweeteners.
97% fat free - Low fat european style fromage frais dairy dessert.

Available in made to share twin packs of 2*150 gms

Guilt free dairy dessert that can be enjoyed as morning snack, aftertoon treat or dessert

Free from artificals, colors or sweeteners

3.5 Heath Star Rating

Made in Victoria, Australia from 97% Australian ingredients.",,,"Per 100g/ml
Per Serving
%DI
Energy
474kJ
711kJ
8%
Protein
5.4g
8.1g
16%
Total Fat
2.9g
4.4g
6%
Saturated Fat
1.9g
2.9g
12%
Carbohydrate
14.1g
21.2g
7%
Sugars
12.1g
18.2g
20%
Calcium
159mg
239mg
30% RDI*
Sodium
36mg
54mg
2%
Energy (Cal)
113Cal
170Cal
Gluten
0.0g
0.0g
* Percentage Daily Intakes are based on an average adult diet of 8700 kJ. Your daily intakes may be higher or lower depending on your energy needs.",,https://www.coles.com.au/product/yoplait-fruche-vanilla-beans-2-x-150g-2-pack-3723649,,,2024-06-17T11:01:39.661971-04:00
"Ind54SColes_ADairy, Eggs & Fridge_SADairy Desserts_IColes Finest Black Forest Dessert | 100g",Coles Finest Black Forest Dessert | 100g,Coles,"Dairy, Eggs & Fridge",Dairy Desserts,Chilled Dairy Desserts,,$4.40,Pick any 2 for $7.50,,$4.40 per 100g,7499718,"A layered dessert made in Italy with sweet cherries, sponge biscuit and mascarpone.",,,"Per 100g/ml
Per Serving
%DI
Energy
916.70
916.70
Protein
3.90
3.90
Total Fat
8.00
8.00
Carbohydrate
32.00
32.00
Sugars
22.00
22.00
Sodium
40.00
40.00
Saturated
5.50
5.50
Energy (Cal)
219.31
219.31
Dietary Fibre (total)
1.30
1.30
Trans
0.10
0.10
* Percentage Daily Intakes are based on an average adult diet of 8700 kJ. Your daily intakes may be higher or lower depending on your energy needs.",,https://www.coles.com.au/product/coles-finest-black-forest-dessert-100g-7499718,,,2024-06-17T11:01:50.508070-04:00
"Ind54SColes_ADairy, Eggs & Fridge_SADairy Desserts_IIsland Berries Tasmania Panna Cotta Coconut Mango Passionfruit Coulis | 145g",Island Berries Tasmania Panna Cotta Coconut Mango Passionfruit Coulis | 145g,Island Berries Tasmania,"Dairy, Eggs & Fridge",Dairy Desserts,Chilled Dairy Desserts,,$4.50,,,$3.10 per 100g,6798531,"Panna Cotta is a traditional dessert prepared in farmhouse kitchens in the Piedmont region of north-west Italy.
This Coconut Panna Cotta is made from the silky smoothness of delicious coconut cream with a hint of vanilla, and served with a fresh tropical mango and passionfruit coulis.
A refreshing, dairy free version of the much beloved Island Berries Tasmania Panna Cotta, this indulgent dessert will delight with the subtle flavours of coconut and vanilla.",,,"Per 100g/ml
Per Serving
%DI
Energy
918kJ
1330kJ
Protein
0.9g
1.4g
Total Fat
10.1g
14.6g
Saturated Fat
9g
13.1g
Carbohydrate
30.3g
43.9g
Sugars
29g
42g
Sodium
196mg
284mg
* Percentage Daily Intakes are based on an average adult diet of 8700 kJ. Your daily intakes may be higher or lower depending on your energy needs.",,https://www.coles.com.au/product/island-berries-tasmania-panna-cotta-coconut-mango-passionfruit-coulis-145g-6798531,,,2024-06-17T11:02:02.566830-04:00
"Ind54SColes_ADairy, Eggs & Fridge_SADairy Desserts_ISweetporium Cookies & Cream Dessert | 90g",Sweetporium Cookies & Cream Dessert | 90g,Sweetporium,"Dairy, Eggs & Fridge",Dairy Desserts,Chilled Dairy Desserts,,$3.20,Pick any 2 for $5.50,,$3.56 per 100g,7537544,Cookie crumb layered with a creamy cheesecake filling,,,"Per 100g/ml
Per Serving
%DI
Energy
1206.40
1085.76
Protein
5.00
4.50
Total Fat
11.00
9.90
Carbohydrate
41.60
37.44
Sugars
15.70
14.13
Sodium
165.00
148.50
Saturated
7.40
6.66
Energy (Cal)
288.61
259.75
Dietary Fibre (total)
0.90
0.81
Trans
0.50
0.45
* Percentage Daily Intakes are based on an average adult diet of 8700 kJ. Your daily intakes may be higher or lower depending on your energy needs.",,https://www.coles.com.au/product/sweetporium-cookies-and-cream-dessert-90g-7537544,,,2024-06-17T11:02:13.853540-04:00
"Ind54SColes_ADairy, Eggs & Fridge_SADairy Desserts_ISweetporium Lamington Dessert | 90g",Sweetporium Lamington Dessert | 90g,Sweetporium,"Dairy, Eggs & Fridge",Dairy Desserts,Chilled Dairy Desserts,,$3.20,Pick any 2 for $5.50,,$3.56 per 100g,7537566,"Sponge cake crumb layered with strawberry sauce, chocolate mousse and desiccated coconut",,,"Per 100g/ml
Per Serving
%DI
Energy
1507.10
1356.39
Protein
3.00
2.70
Total Fat
26.80
24.12
Carbohydrate
26.90
24.21
Sugars
19.40
17.46
Sodium
131.00
117.90
Saturated
18.20
16.38
Energy (Cal)
360.55
324.50
Dietary Fibre (total)
0.90
0.81
Trans
0.70
0.63
* Percentage Daily Intakes are based on an average adult diet of 8700 kJ. Your daily intakes may be higher or lower depending on your energy needs.",,https://www.coles.com.au/product/sweetporium-lamington-dessert-90g-7537566,,,2024-06-17T11:02:26.258381-04:00
"Ind54SColes_ADairy, Eggs & Fridge_SA_IWicked Sister Cookies & Cream Mousse | 90g",Wicked Sister Cookies & Cream Mousse | 90g,Wicked Sister,"Dairy, Eggs & Fridge",,,,$3.50,,$4.00,$3.89 per 100g,7033165,,,,,,https://www.coles.com.au/product/wicked-sister-cookies-and-cream-mousse-90g-7033165,,,2024-06-17T11:02:37.945423-04:00
"Ind54SColes_ADairy, Eggs & Fridge_SADairy Desserts_IWicked Sister High Protein Strawberry Pudding | 170g",Wicked Sister High Protein Strawberry Pudding | 170g,Wicked Sister,"Dairy, Eggs & Fridge",Dairy Desserts,Chilled Dairy Desserts,,$3.00,,,$1.76 per 100g,5418770,"Taste the most scrumptious strawberry delight with Wicked Sister's High Protein Strawberry Pudding. Its smooth, creamy and fresh flavour will satisfy any sweet craving and keep you coming back for more. With no added sugar and a 15g hit of protein this is a taste of a summer strawberry paradise.",,,"Per 100g/ml
Per Serving
%DI
Energy
409kJ
695kJ
Protein
9.2g
15.6g
Total Fat
3.5g
5.9g
Saturated Fat
2.4g
4.2g
Carbohydrate
6.5g
11.1g
Sugars
5.2g
8.8g
Sodium
52mg
88mg
* Percentage Daily Intakes are based on an average adult diet of 8700 kJ. Your daily intakes may be higher or lower depending on your energy needs.",,https://www.coles.com.au/product/wicked-sister-high-protein-strawberry-pudding-170g-5418770,,,2024-06-17T11:02:49.274433-04:00
"Ind54SColes_ADairy, Eggs & Fridge_SADairy Desserts_IWicked Sister Raspberry Tiramisu | 100g",Wicked Sister Raspberry Tiramisu | 100g,Wicked Sister,"Dairy, Eggs & Fridge",Dairy Desserts,Chilled Dairy Desserts,,$3.50,,$4.00,$3.50 per 100g,6934822,,,,,,https://www.coles.com.au/product/wicked-sister-raspberry-tiramisu-100g-6934822,,,2024-06-17T11:02:58.353204-04:00
"Ind54SColes_ADairy, Eggs & Fridge_SADairy Desserts_IWicked Sister Chocolate Mousse | 90g",Wicked Sister Chocolate Mousse | 90g,Wicked Sister,"Dairy, Eggs & Fridge",Dairy Desserts,Chilled Dairy Desserts,,$3.50,,$4.00,$3.89 per 100g,4493974,"Perfectly airy, wonderfully chocolatey and oh so desirable. Wicked Sister's Chocolate Mousse is the ultimate chocolate fix that you've been searching for. Too good for only special occasions, this taste sensation will become a regular favourite.",,,"Per 100g/ml
Per Serving
%DI
Energy
1092kJ
986kJ
Protein
5.6g
5g
Total Fat
13.5g
12.2g
Saturated Fat
11.2g
10.1g
Carbohydrate
26.4g
23.8g
Sugars
20g
18g
Sodium
76mg
69mg
* Percentage Daily Intakes are based on an average adult diet of 8700 kJ. Your daily intakes may be higher or lower depending on your energy needs.",,https://www.coles.com.au/product/wicked-sister-chocolate-mousse-90g-4493974,,,2024-06-17T11:03:09.320514-04:00
"Ind54SColes_ADairy, Eggs & Fridge_SADairy Desserts_IColes Finest Italian Limoncello Dessert | 100g",Coles Finest Italian Limoncello Dessert | 100g,Coles,"Dairy, Eggs & Fridge",Dairy Desserts,Chilled Dairy Desserts,,$4.40,Pick any 2 for $7.50,,$4.40 per 100g,7500613,"A layered dessert made in Italy with lemon zest, sponge biscuit and mascarpone.",,,"Per 100g/ml
Per Serving
%DI
Energy
943.70
943.70
Protein
3.70
3.70
Total Fat
8.40
8.40
Carbohydrate
33.20
33.20
Sugars
21.60
21.60
Sodium
47.00
47.00
Saturated
6.10
6.10
Energy (Cal)
225.77
225.77
Dietary Fibre (total)
0.70
0.70
Trans
0.10
0.10
* Percentage Daily Intakes are based on an average adult diet of 8700 kJ. Your daily intakes may be higher or lower depending on your energy needs.",,https://www.coles.com.au/product/coles-finest-italian-limoncello-dessert-100g-7500613,,,2024-06-17T16:04:01.576219-04:00
"Ind54SColes_ADairy, Eggs & Fridge_SADairy World Foods_IYenson's Silken Tofu | 300g",Yenson's Silken Tofu | 300g,Yensons,"Dairy, Eggs & Fridge",Dairy World Foods,Asian Foods,,,,,,8091983,,,,"Per 100g/ml
Per Serving
%DI
Energy
227kJ
340.5kJ
Protein
4.7g
7.05g
Total Fat
2.6g
3.9g
Saturated Fat
0.4g
0.6g
Carbohydrate
3g
4.5g
Sugars
0.8g
1.2g
Sodium
<1mg
<1.5mg
* Percentage Daily Intakes are based on an average adult diet of 8700 kJ. Your daily intakes may be higher or lower depending on your energy needs.",,https://www.coles.com.au/product/yenson's-silken-tofu-300g-8091983,,,2024-06-17T11:05:23.708739-04:00
"Ind54SColes_ADairy, Eggs & Fridge_SA_IPaldo Premium Kimchi | 400g",Paldo Premium Kimchi | 400g,Paldo,"Dairy, Eggs & Fridge",,,,,,,,6272852,,,,,,https://www.coles.com.au/product/paldo-premium-kimchi-400g-6272852,,,2024-06-17T16:06:08.419638-04:00
"Ind54SColes_ADairy, Eggs & Fridge_SADips & Pate_IRed Rock Deli Dip Roasted Capsicum Pecorino Cashew & Basil | 135g",Red Rock Deli Dip Roasted Capsicum Pecorino Cashew & Basil | 135g,Red Rock Deli,"Dairy, Eggs & Fridge",Dips & Pate,Dips,,$3.50,,$5.00,$2.59 per 100g,7083120,,,,,,https://www.coles.com.au/product/red-rock-deli-dip-roasted-capsicum-pecorino-cashew-and-basil-135g-7083120,,,2024-06-17T11:07:44.051610-04:00
"Ind54SColes_ADairy, Eggs & Fridge_SADips & Pate_IBlack Swan Spring Onion Dip | 200g",Black Swan Spring Onion Dip | 200g,Black Swan,"Dairy, Eggs & Fridge",Dips & Pate,Dips,,$4.00,Pick any 2 for $7,,$2.00 per 100g,6824290,"Sweet and mild spring onions, paired with cream cheese, sea salt and a drizzle of oil. A beautifully simple dip with a real hit.

From Black Swan's vibrant market roots comes its trusted, delicious Favourites range; a celebration of fresh produce, an abundance of sensational flavours and a passion for creating and togetherness. Be it a morning spread, a platter for entertaining, a tasty dinner hack or more, Black Swan has got you covered.

It was November 1985 that Black Swan began sharing delicious dips at the South Melbourne Market. Over 30 years on, our mission remains the same: Use the best possible produce to create bold flavours, tasty experiences, and best of all, bring people together.
Black Swan. The Start of Something Better.
Australian Made

Gluten Free",,,"Per 100g/ml
Per Serving
%DI
Energy
986kJ
99kJ
Protein
3.9g
0.4g
Total Fat
23.4g
2.3g
Saturated Fat
8.9g
0.9g
Carbohydrate
2.8g
0.3g
Sugars
2.3g
0.2g
Sodium
490mg
49mg
Gluten
ND (No detectable gluten)
ND (No detectable gluten)
* Percentage Daily Intakes are based on an average adult diet of 8700 kJ. Your daily intakes may be higher or lower depending on your energy needs.",,https://www.coles.com.au/product/black-swan-spring-onion-dip-200g-6824290,,,2024-06-17T11:07:55.121599-04:00
"Ind54SColes_ADairy, Eggs & Fridge_SADips & Pate_IPilpel Hummous Dip | 200g",Pilpel Hummous Dip | 200g,Pilpel,"Dairy, Eggs & Fridge",Dips & Pate,Dips,,$5.00,,,$2.50 per 100g,2207848,"If this heavenly dollop had gone to school, its report card would have read, Makes friends easily. Because no food can resist the awesomeness of Australia's finest chickpeas paired with smooth & creamy tahini. Hummous might have been around for 10,000 years, but Pilpel's creation brings it firmly into the present. With as many ways to use it as there are to spell it, this classic receives a solid A+ and excellent attendance on your plate.
Australia's finest chickpeas paired with smooth and creamy tahini
Pair with crackers, vegetables, salads, fruits and whatever you can think of!
Team up with your next BBQ
Dairy-free, gluten-free
Kosher.",,,"Per 100g/ml
Per Serving
%DI
Energy
1080kJ
216kJ
Protein
9.7g
1.9g
Total Fat
19.7g
3.9g
Saturated Fat
3.0g
0.6g
Carbohydrate
8.6g
1.7g
Sugars
0.8g
0.2g
Sodium
504mg
101mg
Saturated
3.2g
0.6g
Energy (Cal)
258Cal
52Cal
Dietary Fibre (total)
4.9g
1.0g
Trans
0.0g
0.0g
Dietary Fibre
4.9g
1.0g
* Percentage Daily Intakes are based on an average adult diet of 8700 kJ. Your daily intakes may be higher or lower depending on your energy needs.",,https://www.coles.com.au/product/pilpel-hummous-dip-200g-2207848,,,2024-06-17T11:08:06.336964-04:00
"Ind54SColes_ADairy, Eggs & Fridge_SADips & Pate_IColes Spicy Capsicum Dip | 200g",Coles Spicy Capsicum Dip | 200g,Coles,"Dairy, Eggs & Fridge",Dips & Pate,Dips,,$2.40,,,$1.20 per 100g,8587253,A delicious cream cheese based dip with chargrilled red capsicum & chilli Perfect with breadsticks,,,"Per 100g/ml
Per Serving
%DI
Energy
675.50
270.20
Protein
3.50
1.40
Carbohydrate
6.80
2.72
Sugars
3.10
1.24
Sodium
330.00
132.00
Saturated
6.30
2.52
Energy (Cal)
161.60
64.64
Fat
13.20
5.28
Dietary Fibre (total)
1.50
0.60
Gluten
0.00
0.00
Trans
0.40
0.16
* Percentage Daily Intakes are based on an average adult diet of 8700 kJ. Your daily intakes may be higher or lower depending on your energy needs.",,https://www.coles.com.au/product/coles-spicy-capsicum-dip-200g-8587253,,,2024-06-17T11:08:17.302002-04:00
"Ind54SColes_ADairy, Eggs & Fridge_SADips & Pate_IYumi's Middle Eastern Hommus Dip | 200g",Yumi's Middle Eastern Hommus Dip | 200g,Yumis,"Dairy, Eggs & Fridge",Dips & Pate,Dips,,$4.50,,,$2.25 per 100g,8670914,"Our traditional family recipe is the key to creating our Classic Traditional Hommus. It has a delicious authentic flavour and beautifully creamy texture.
It is incredibly versatile and can be used as a classic crowd-pleasing dip, healthy & filling snack, topping on a meal, wrap or sandwich spread or paired with our delicious falafels.",,,"Per 100g/ml
Per Serving
%DI
Energy
1320kJ
264kJ
Protein
7.1g
1.4g
Total Fat
24.7g
5g
Saturated Fat
2.6g
0.5g
Carbohydrate
16.6g
3.3g
Sugars
0.6g
0.1g
Sodium
410mg
82mg
* Percentage Daily Intakes are based on an average adult diet of 8700 kJ. Your daily intakes may be higher or lower depending on your energy needs.","Cooked Chickpeas (66%), Canola Oil, Tahini Paste (Sesame), Acidity Regulator (575), Salt, Food Acids (Citric Acid, Acetic Acid), Garlic (0.5%), Mineral Salt (Sodium Bicarbonate), Preservative (202).",https://www.coles.com.au/product/yumi's-middle-eastern-hommus-dip-200g-8670914,,,2024-06-17T11:08:29.830104-04:00
"Ind54SColes_ADairy, Eggs & Fridge_SADips & Pate_IYumi's Mini Middle Eastern Hommus 3x65g | 195g",Yumi's Mini Middle Eastern Hommus 3x65g | 195g,Yumis,"Dairy, Eggs & Fridge",Dips & Pate,Dips,,$3.00,,,"$1.54 per 100g
Was $3.50 on Jun 2024",3039410,"The signature member of the Yumi's classic dips range, Yumi's Traditional Middle Eastern Hommus. Gluten free, dairy free, delicious flavour, great colour and perfect texture  every feature you could want in your ideal Hommus and conveniently packaged in 3 x 65g tubs, perfect for snacking.",,,"Per 100g/ml
Per Serving
%DI
Energy
1320kJ
857kJ
Protein
7.1g
4.6g
Total Fat
24.7g
16.1g
Saturated Fat
2.6g
1.7g
Carbohydrate
16.6g
10.8g
Sugars
0.6g
0.4g
Sodium
410mg
266mg
* Percentage Daily Intakes are based on an average adult diet of 8700 kJ. Your daily intakes may be higher or lower depending on your energy needs.",,https://www.coles.com.au/product/yumi's-mini-middle-eastern-hommus-3x65g-195g-3039410,,,2024-06-17T11:10:07.740806-04:00
"Ind54SColes_ADairy, Eggs & Fridge_SADips & Pate_IObela Singles Tzatziki Classic 3X60G | 180g",Obela Singles Tzatziki Classic 3X60G | 180g,Obela,"Dairy, Eggs & Fridge",Dips & Pate,Dips,,$4.50,Pick any 2 for $6.50,,$2.50 per 100g,4938425,"We've taken our fresh, vibrant and creamy Classic Tzatziki dip and have put it in a super convenient snacking pack, great for lunch boxes, snacking or on the go.",,,"Per 100g/ml
Per Serving
%DI
Energy
706kJ
424kJ
Protein
5.1g
3g
Total Fat
14.1g
8.5g
Saturated Fat
2.9g
1.7g
Carbohydrate
5.5g
3.3g
Sugars
4.7g
2.8g
Sodium
486mg
292mg
Gluten
0mg
0mg
* Percentage Daily Intakes are based on an average adult diet of 8700 kJ. Your daily intakes may be higher or lower depending on your energy needs.",,https://www.coles.com.au/product/obela-singles-tzatziki-classic-3x60g-180g-4938425,,,2024-06-17T11:10:19.386360-04:00
"Ind54SColes_ADairy, Eggs & Fridge_SADips & Pate_IBlack Swan Dip Reduced Fat Hommus | 200g",Black Swan Dip Reduced Fat Hommus | 200g,Black Swan,"Dairy, Eggs & Fridge",Dips & Pate,Dips,,$4.00,Pick any 2 for $7,,$2.00 per 100g,6618607,"Australian chickpeas, crushed garlic, and a squeeze of lemon juice make this Hommus deliciously smooth and creamy with an added zesty kick. The perfect choice for versatility - spread, dip, mix or use as a dressing. Reduced Fat, high in flavour!

From Black Swan's vibrant market roots comes its trusted, delicious Favourites range; a celebration of fresh produce, an abundance of sensational flavours and a passion for creating and togetherness. Be it a morning spread, a platter for entertaining, a tasty dinner hack or more, Black Swan has got you covered.


It was November 1985 that Black Swan began sharing delicious dips at the South Melbourne Market. Over 30 years on, our mission remains the same: Use the best possible produce to create bold flavours, tasty experiences, and best of all, bring people together.
Black Swan. The Start of Something Better.
Gluten Free

Australian Made",,,"Per 100g/ml
Per Serving
%DI
Energy
791kJ
79kJ
Protein
5.7g
0.6g
Total Fat
11.8g
1.2g
Saturated Fat
1.1g
0.1g
Carbohydrate
12.4g
1.2g
Sugars
2.8g
0.3g
Sodium
378mg
38mg
Gluten
ND (No detectable gluten)
ND (No detectable gluten)
* Percentage Daily Intakes are based on an average adult diet of 8700 kJ. Your daily intakes may be higher or lower depending on your energy needs.",,https://www.coles.com.au/product/black-swan-dip-reduced-fat-hommus-200g-6618607,,,2024-06-17T11:10:30.488482-04:00
"Ind54SColes_ADairy, Eggs & Fridge_SA_IBlack Swan French Onion Dip | 200g",Black Swan French Onion Dip | 200g,Black Swan,"Dairy, Eggs & Fridge",,,,$4.00,Pick any 2 for $7,,$2.00 per 100g,9580704,"A fragrant infusion of diced and sauteed onions is sure to make this dip a family favourite! Blended with a dollop of cream cheese and a pinch of sea salt, it's the perfect accompaniment to crackers and crudites.


From Black Swan's market roots comes its trusted and delicious Favourites range; a celebration of fresh produce, an abundance of sensational flavours and a passion for creating and togetherness. Be it a morning spread, a platter for entertaining, a tasty dinner hack or more, Black Swan has got you covered.

It was November 1985 that Black Swan began sharing delicious dips at the South Melbourne Market. Over 30 years on, our mission remains the same: Use the best possible produce to create bold flavours, tasty experiences, and best of all, bring people together.
Black Swan. The Start of Something Better.
Gluten Free

Australian Made",,,"Per 100g/ml
Per Serving
%DI
Energy
969kJ
97kJ
Protein
4.8g
0.5g
Total Fat
21.3g
2.1g
Saturated Fat
9.6g
1.0g
Carbohydrate
5.3g
0.5g
Sugars
3.9g
0.4g
Sodium
755mg
76mg
Gluten
ND (No detectable gluten)
ND (No detectable gluten)
* Percentage Daily Intakes are based on an average adult diet of 8700 kJ. Your daily intakes may be higher or lower depending on your energy needs.",,https://www.coles.com.au/product/black-swan-french-onion-dip-200g-9580704,,,2024-06-17T11:10:41.569075-04:00
"Ind54SColes_ADairy, Eggs & Fridge_SADips & Pate_IBlack Swan Dip Batched Caramelised Onion Relish | 150g",Black Swan Dip Batched Caramelised Onion Relish | 150g,Black Swan,"Dairy, Eggs & Fridge",Dips & Pate,Dips,,$4.50,,$6.50,$3.00 per 100g,6736910,"Savour the decadence of our Black Swan Batched Caramelised Onion Parmesan & Balsamic Dip, elevated with a dollop of South Island NZ onion relish. A symphony of flavours awaitsrich caramelised onions, aged parmesan, and tangy balsamic vinegar combine for a taste sensation that's simply irresistible. Paired with the sweet and savoury notes of the onion relish, each bite is a culinary journey to be savoured. Indulge in this gourmet delight, perfect for any occasion.
Australian Made

Gluten Free

Topped with South Island NZ onion relish",,,"Per 100g/ml
Per Serving
%DI
Energy
1190kJ
119kJ
Protein
6.2g
0.6g
Total Fat
25.9g
2.6g
Saturated Fat
10.9g
1.1g
Carbohydrate
6.7g
0.7g
Sugars
5.4g
0.5g
Sodium
501mg
50mg
Gluten
No detectable gluten
No detectable gluten
* Percentage Daily Intakes are based on an average adult diet of 8700 kJ. Your daily intakes may be higher or lower depending on your energy needs.",,https://www.coles.com.au/product/black-swan-dip-batched-caramelised-onion-relish-150g-6736910,,,2024-06-17T11:10:52.809437-04:00
"Ind54SColes_ADairy, Eggs & Fridge_SADips & Pate_IBlack Swan Crafted Spinach And Feta Dip | 170g",Black Swan Crafted Spinach And Feta Dip | 170g,Black Swan,"Dairy, Eggs & Fridge",Dips & Pate,Dips,,$4.60,,,$2.71 per 100g,5561082,The quintessential combination of spinach and fetta is flavour folklore. We delicately combine baby spinach with creamy fetta to give you a dip that would make any fairytale come true.,,,"Per 100g/ml
Per Serving
%DI
Energy
915kJ
92kJ
Protein
7.1g
0.7g
Total Fat
19.1g
1.9g
Saturated Fat
7g
0.7g
Carbohydrate
4.9g
0.5g
Sugars
4.0g
0.4g
Sodium
449mg
45mg
Gluten
ND (No detectable gluten)
ND (No detectable gluten)
* Percentage Daily Intakes are based on an average adult diet of 8700 kJ. Your daily intakes may be higher or lower depending on your energy needs.",,https://www.coles.com.au/product/black-swan-crafted-spinach-and-feta-dip-170g-5561082,,,2024-06-17T11:11:03.900311-04:00
"Ind54SColes_ADairy, Eggs & Fridge_SADips & Pate_IYumi's Avocado & Sea Salt Dip | 200g",Yumi's Avocado & Sea Salt Dip | 200g,Yumis,"Dairy, Eggs & Fridge",Dips & Pate,Dips,,$4.50,,,$2.25 per 100g,2007474,"We combine fresh Australian Avocados with lime, garlic and whole egg mayonnaise. This creamy and delicious combination offers a wholesome and fresh tasting dip that the entire family will enjoy.",,,"Per 100g/ml
Per Serving
%DI
Energy
2170kJ
434kJ
Protein
1.6g
0.3g
Total Fat
54.2g
10.8g
Saturated Fat
4.4g
0.9g
Carbohydrate
7.3g
1.5g
Sugars
1.7g
0.3g
Sodium
323mg
65mg
* Percentage Daily Intakes are based on an average adult diet of 8700 kJ. Your daily intakes may be higher or lower depending on your energy needs.",,https://www.coles.com.au/product/yumi's-avocado-and-sea-salt-dip-200g-2007474,,,2024-06-17T11:11:14.987577-04:00
"Ind54SColes_ADairy, Eggs & Fridge_SADips & Pate_IColes Tzatziki Dip | 200g",Coles Tzatziki Dip | 200g,Coles,"Dairy, Eggs & Fridge",Dips & Pate,Dips,,$2.40,,,$1.20 per 100g,6007487,"Coles Dairy Tzatziki dip, 200g. A vegetarian and gluten free dip perfect for entertaining, spread on wraps or served alongside your favourite cracker.",,,"Per 100g/ml
Per Serving
%DI
Energy
375.20
150.08
Protein
4.80
1.92
Carbohydrate
9.60
3.84
Sugars
7.30
2.92
Sodium
320.00
128.00
Saturated
0.90
0.36
Energy (Cal)
89.76
35.90
Fat
3.20
1.28
Dietary Fibre (total)
1.50
0.60
Gluten
0.00
0.00
Trans
0.40
0.16
* Percentage Daily Intakes are based on an average adult diet of 8700 kJ. Your daily intakes may be higher or lower depending on your energy needs.",,https://www.coles.com.au/product/coles-tzatziki-dip-200g-6007487,,,2024-06-17T11:11:26.455745-04:00
"Ind54SColes_ADairy, Eggs & Fridge_SADips & Pate_IYumi's Spinach Dip | 200g",Yumi's Spinach Dip | 200g,Yumis,"Dairy, Eggs & Fridge",Dips & Pate,Dips,,$4.50,,,$2.25 per 100g,8670925,"Spinach dip combines all the goodness of the anti-oxidant-rich fresh green spinach, blended together with whole egg mayonnaise to produce a smooth creamy delicious dip.",,,"Per 100g/ml
Per Serving
%DI
Energy
1700kJ
340kJ
Protein
2.7g
0.5g
Total Fat
41.8g
8.4g
Saturated Fat
3.2g
0.6g
Carbohydrate
5.2g
1.1g
Sugars
2.4g
0.5g
Sodium
396mg
79mg
* Percentage Daily Intakes are based on an average adult diet of 8700 kJ. Your daily intakes may be higher or lower depending on your energy needs.",,https://www.coles.com.au/product/yumi's-spinach-dip-200g-8670925,,,2024-06-17T11:11:38.511257-04:00
"Ind54SColes_ADairy, Eggs & Fridge_SADips & Pate_IColes Mini Hommus Pots 3x60g | 180g",Coles Mini Hommus Pots 3x60g | 180g,Coles,"Dairy, Eggs & Fridge",Dips & Pate,Dips,,$2.50,,,$1.39 per 100g,9933757,"Coles Dairy free mini hummus pots, 3x60g. Vegetarian and gluten free dip packed into individual 60g pots for convenience. Perfect for lunchboxes or snacking on the go. Pair with pita or fresh vegetables.",,,"Per 100g/ml
Per Serving
%DI
Energy
933.70
560.22
Protein
6.90
4.14
Carbohydrate
5.70
3.42
Sugars
0.70
0.42
Sodium
310.00
186.00
Saturated
1.60
0.96
Energy (Cal)
223.37
134.02
Fat
15.90
9.54
Dietary Fibre (total)
16.40
9.84
Gluten
0.00
0.00
Trans
0.40
0.24
* Percentage Daily Intakes are based on an average adult diet of 8700 kJ. Your daily intakes may be higher or lower depending on your energy needs.",,https://www.coles.com.au/product/coles-mini-hommus-pots-3x60g-180g-9933757,,,2024-06-17T11:11:50.800914-04:00
"Ind54SColes_ADairy, Eggs & Fridge_SADips & Pate_INormandie Pate Chicken Cointreau | 150g",Normandie Pate Chicken Cointreau | 150g,Normandie,"Dairy, Eggs & Fridge",Dips & Pate,Pate,,$5.10,,,$3.40 per 100g,5686394,,,,"Per 100g/ml
Per Serving
%DI
Energy
1480kJ
148kJ
Protein
9.1g
0.9g
Total Fat
35g
3.5g
Saturated Fat
21g
2.1g
Carbohydrate
2g
0.2g
Sugars
<1g
<1g
Sodium
520mg
52mg
* Percentage Daily Intakes are based on an average adult diet of 8700 kJ. Your daily intakes may be higher or lower depending on your energy needs.",,https://www.coles.com.au/product/normandie-pate-chicken-cointreau-150g-5686394,,,2024-06-17T11:12:03.017146-04:00
"Ind54SColes_ADairy, Eggs & Fridge_SADips & Pate_IRed Rock Deli Dip Classic Cheesy Spinach & Garlic Cob | 190g",Red Rock Deli Dip Classic Cheesy Spinach & Garlic Cob | 190g,Red Rock Deli,"Dairy, Eggs & Fridge",Dips & Pate,Dips,,$4.80,Pick any 2 for $8,,$2.53 per 100g,6011305,"The Red Rock Deli Classics Dips range takes flavours we all know and love to the next level, made with only the finest quality ingredients. Our Cheesy Spinach & Garlic Cob dip combines the iconic flavours of smooth and creamy cheese, spinach and aromatic garlic that's sure to become a crowd favourite! Enjoy chilled straight from the tub, or makes amazing grazing warmed up in a cob loaf! Gluten Free, No artificial colours or flavours",,,"Per 100g/ml
Per Serving
%DI
Energy
886kJ
177kJ
2%
Protein
6.6g
1.3g
3%
Total Fat
17.5g
3.5g
5%
Saturated Fat
9.2g
1.8g
8%
Carbohydrate
6.8g
1.4g
<1%
Sugars
5.1g
1g
1%
Sodium
521mg
104mg
5%
* Percentage Daily Intakes are based on an average adult diet of 8700 kJ. Your daily intakes may be higher or lower depending on your energy needs.",,https://www.coles.com.au/product/red-rock-deli-dip-classic-cheesy-spinach-and-garlic-cob-190g-6011305,,,2024-06-17T11:12:16.877768-04:00
"Ind54SColes_ADairy, Eggs & Fridge_SADips & Pate_INuffin Chive & Onion Dip | 200g",Nuffin Chive & Onion Dip | 200g,Nuffin,"Dairy, Eggs & Fridge",Dips & Pate,Dips,,$5.00,,,$2.50 per 100g,7757609,,,,,,https://www.coles.com.au/product/nuffin-chive-and-onion-dip-200g-7757609,,,2024-06-17T11:12:25.660855-04:00
"Ind54SColes_ADairy, Eggs & Fridge_SA_IYumi's Spicy Capsicum with Cashews Dip | 200g",Yumi's Spicy Capsicum with Cashews Dip | 200g,Yumis,"Dairy, Eggs & Fridge",,,,$4.50,,,$2.25 per 100g,8563390,"Yumi's is proud of this uniquely flavoured capsicum dip, which stands out from the crowd. It is the result of a blend of capsicum, finely chopped roasted cashews and spices ideally balanced for a taste you will thoroughly enjoy. Yumi's dips are carefully blended from the finest ingredients, and this is no exception.",,,"Per 100g/ml
Per Serving
%DI
Energy
932kJ
186kJ
Protein
4.1g
0.8g
Total Fat
13.6g
2.7g
Saturated Fat
1.1g
0.2g
Carbohydrate
21.1g
4.2g
Sugars
3g
0.6g
Sodium
580mg
116mg
* Percentage Daily Intakes are based on an average adult diet of 8700 kJ. Your daily intakes may be higher or lower depending on your energy needs.","Red Capsicum (39%), Potato, Canola Oil, Cashew (12%), Onion, Salt, Egg, Garlic, Food Acids (Acetic Acid, Citric Acid), Basil, Sugar, Chilli, Pepper, Preservative (202), Mustard.",https://www.coles.com.au/product/yumi's-spicy-capsicum-with-cashews-dip-200g-8563390,,,2024-06-17T11:12:39.327493-04:00
"Ind54SColes_ADairy, Eggs & Fridge_SADips & Pate_IRed Rock Deli Dip Roasted Tomato Feta Basil & Cashew | 135g",Red Rock Deli Dip Roasted Tomato Feta Basil & Cashew | 135g,Red Rock Deli,"Dairy, Eggs & Fridge",Dips & Pate,Dips,,$3.50,,$5.00,$2.59 per 100g,7083185,,,,,,https://www.coles.com.au/product/red-rock-deli-dip-roasted-tomato-feta-basil-and-cashew-135g-7083185,,,2024-06-17T11:12:48.653901-04:00
"Ind54SColes_ADairy, Eggs & Fridge_SADips & Pate_IObela Classic Guacamole Dip | 220g",Obela Classic Guacamole Dip | 220g,Obela,"Dairy, Eggs & Fridge",Dips & Pate,Dips,,$5.80,,,$2.64 per 100g,2580342,"Obela Guacamole is the real deal with 86% avocado (and no cream cheese) and gently mixed with tomatoes, onion, garlic and herbs. Forget smashing and crushing and squeezing to make your own. Just crack open a tub of our home-style, chunky recipe.
Gluten Free, dairy free, no artificial colours, no artificial flavours",,,,"Avocado (88%), Onion, Tomato (3%), Jalapeno, Salt (1%), Garlic (0.5%), Lime Juice (0.3%), Coriander (0.2%), Antioxidant (Ascorbic Acid), Vegetable Gum (Xanthan Gum, Sodium Alginate)",https://www.coles.com.au/product/obela-classic-guacamole-dip-220g-2580342,,,2024-06-17T11:12:58.871256-04:00
"Ind54SColes_ADairy, Eggs & Fridge_SACheese_IMaggie Beer Quince Paste | 100g",Maggie Beer Quince Paste | 100g,Maggie Beer,"Dairy, Eggs & Fridge",Cheese,Pates & platters,,$6.30,,,$6.30 per 100g,8133052,Maggie Beer's slow dried Cavatelli Pasta has an authentic flavour and texture that makes it the perfect starting point for any pasta dish. Simply combine with one of Maggie's rich and flavourful pasta sauces to create an instant family favourite!,,,"Per 100g/ml
Per Serving
%DI
Energy
1350kJ
1688kJ
Protein
10.7g
13.4g
Total Fat
1.2g
1.5g
Saturated Fat
<1g
<1g
Carbohydrate
66.2g
82.8g
Sugars
<1g
<1g
Sodium
<5mg
<5mg
* Percentage Daily Intakes are based on an average adult diet of 8700 kJ. Your daily intakes may be higher or lower depending on your energy needs.",,https://www.coles.com.au/product/maggie-beer-quince-paste-100g-8133052,,,2024-06-17T11:13:10.122257-04:00
"Ind54SColes_ADairy, Eggs & Fridge_SADips & Pate_IColes Hommus Dip | 1kg",Coles Hommus Dip | 1kg,Coles,"Dairy, Eggs & Fridge",Dips & Pate,Dips,,$5.50,,,$0.55 per 100g,3087253,"Coles Dairy free Classic Hummus dip, 1kg. A delicious vegetarian and gluten free dip made with a blend of chickpeas, tahini, garlic and lemon. Perfect with pita or spread onto a sandwich, wrap or serve with fresh vegetables.",,,"Per 100g/ml
Per Serving
%DI
Energy
933.70
373.48
Protein
6.90
2.76
Carbohydrate
5.70
2.28
Sugars
0.70
0.28
Sodium
310.00
124.00
Saturated
1.60
0.64
Energy (Cal)
223.37
89.35
Fat
15.90
6.36
Dietary Fibre (total)
16.40
6.56
Gluten
0.00
0.00
Trans
0.40
0.16
* Percentage Daily Intakes are based on an average adult diet of 8700 kJ. Your daily intakes may be higher or lower depending on your energy needs.",,https://www.coles.com.au/product/coles-hommus-dip-1kg-3087253,,,2024-06-17T11:13:21.753916-04:00
"Ind54SColes_ADairy, Eggs & Fridge_SADips & Pate_IBlack Swan Dip Chunky Sweet Potato & Cashews | 150g",Black Swan Dip Chunky Sweet Potato & Cashews | 150g,Black Swan,"Dairy, Eggs & Fridge",Dips & Pate,Dips,,$4.00,,$5.00,$2.67 per 100g,6736953,"A lovely balance of roasted sweet potato with a hint of rosemary combined with the texture of cashews making this the perfect edition to any platter or elevate your cous cous salad by simply dolloping in and combining with your favourite roasted vegetables.

The Black Swan Chunky range feaures a texture rich dips which you can dip, dollop or stir into any meal to add that perfect finishing touch.
Gluten Free

Australian Made

Dip, Dollop or Stir",,,"Per 100g/ml
Per Serving
%DI
Energy
1350kJ
135kJ
Protein
5.2g
0.5g
Total Fat
27.5g
2.8g
Saturated Fat
3.7g
0.4g
Carbohydrate
12.7g
1.3g
Sugars
4.1g
0.4g
Sodium
349mg
35mg
Gluten
No detectable gluten
No detectable gluten
* Percentage Daily Intakes are based on an average adult diet of 8700 kJ. Your daily intakes may be higher or lower depending on your energy needs.",,https://www.coles.com.au/product/black-swan-dip-chunky-sweet-potato-and-cashews-150g-6736953,,,2024-06-17T11:13:33.961894-04:00
"Ind54SColes_ADairy, Eggs & Fridge_SADips & Pate_IBlack Swan Dip Babaganoush | 200g",Black Swan Dip Babaganoush | 200g,Black Swan,"Dairy, Eggs & Fridge",Dips & Pate,Dips,,$4.00,Pick any 2 for $7,,$2.00 per 100g,6734914,"A Mediterranean favourite thanks to the smokey roasted eggplants, aromatic garlic finished off with a touch of tahini, making our Baba Ganoush a delightful edition to your next platter or meal.

From Black Swan's vibrant market roots comes its trusted, delicious Favourites range; a celebration of fresh produce, an abundance of sensational flavours and a passion for creating and togetherness. Be it a morning spread, a platter for entertaining, a tasty dinner hack or more, Black Swan has got you covered.

It was November 1985 that Black Swan began sharing delicious dips at the South Melbourne Market. Over 30 years on, our mission remains the same: Use the best possible produce to create bold flavours, tasty experiences, and best of all, bring people together.
Black Swan. The Start of Something Better.
Australian Made

Gluten Free",,,"Per 100g/ml
Per Serving
%DI
Energy
386kJ
39kJ
Protein
2.3g
0.2g
Total Fat
6.1g
0.6g
Saturated Fat
0.8g
0.1g
Carbohydrate
6.4g
0.6g
Sugars
3.2g
0.3g
Sodium
569mg
57g
Gluten
No detectable gluten
No detectable gluten
* Percentage Daily Intakes are based on an average adult diet of 8700 kJ. Your daily intakes may be higher or lower depending on your energy needs.",,https://www.coles.com.au/product/black-swan-dip-babaganoush-200g-6734914,,,2024-06-17T11:13:46.163942-04:00
"Ind54SColes_ADairy, Eggs & Fridge_SA_IChris' Deli Dip Sundried Tomato Cashew & Feta | 170g",Chris' Deli Dip Sundried Tomato Cashew & Feta | 170g,Chris,"Dairy, Eggs & Fridge",,,,$6.00,,,"$3.53 per 100g
Was $6.50 on Apr 2024",4954476,"Sweetness of Cashew and Sun-Dried Tomato, with Feta with subtle Parmesan notes.",,,"Per 100g/ml
Per Serving
%DI
Energy
2060kJ
412kJ
Protein
9.2g
1.9g
Total Fat
46.6g
9.3g
Saturated Fat
6.8g
1.4g
Carbohydrate
9.4g
1.9g
Sugars
4.1g
0.8g
Sodium
494mg
99mg
* Percentage Daily Intakes are based on an average adult diet of 8700 kJ. Your daily intakes may be higher or lower depending on your energy needs.",,https://www.coles.com.au/product/chris'-deli-dip-sundried-tomato-cashew-and-feta-170g-4954476,,,2024-06-17T11:13:58.178702-04:00
"Ind54SColes_ADairy, Eggs & Fridge_SADips & Pate_IBlack Swan Crafted Guacamole Dip | 170g",Black Swan Crafted Guacamole Dip | 170g,Black Swan,"Dairy, Eggs & Fridge",Dips & Pate,Dips,,$4.60,,,$2.71 per 100g,5559546,"Our Black Swan Crafted Guacamole combines the creamy, buttery goodness of avocado with a hint of jalapeno zing. Smooth, zesty, and delicious!",,,"Per 100g/ml
Per Serving
%DI
Energy
698kJ
70kJ
Protein
2.6g
0.3g
Total Fat
12.5g
1.3g
Saturated Fat
4.5g
0.5g
Carbohydrate
10.3g
1.0g
Sugars
3.7g
0.4g
Sodium
662mg
66mg
Gluten
ND (No detectable gluten)
ND (No detectable gluten)
* Percentage Daily Intakes are based on an average adult diet of 8700 kJ. Your daily intakes may be higher or lower depending on your energy needs.",,https://www.coles.com.au/product/black-swan-crafted-guacamole-dip-170g-5559546,,,2024-06-17T11:14:09.885664-04:00
"Ind54SColes_ADairy, Eggs & Fridge_SADips & Pate_IObela Classic Tzatziki To Go Dip | 125g",Obela Classic Tzatziki To Go Dip | 125g,Obela,"Dairy, Eggs & Fridge",Dips & Pate,Dips,,$4.00,Pick any 2 for $6.50,,$3.20 per 100g,3605482,Savour the smooth and creamy Greek-style yoghurt packed with real vegetables pieces of cucumber and dill. Served with a stack of savoury Wholegrain Rice Crackers.,,,"Per 100g/ml
Per Serving
%DI
Energy
883kJ
1100kJ
Protein
5.7g
7.2g
Total Fat
12.8g
16g
Saturated Fat
2.6g
3.3g
Carbohydrate
17.6g
22g
Sugars
4.2g
5.2g
Sodium
470mg
588mg
Dietary Fibre (total)
2.6g
3.3g
Gluten
0mg
0mg
* Percentage Daily Intakes are based on an average adult diet of 8700 kJ. Your daily intakes may be higher or lower depending on your energy needs.",,https://www.coles.com.au/product/obela-classic-tzatziki-to-go-dip-125g-3605482,,,2024-06-17T11:14:20.962124-04:00
"Ind54SColes_ADairy, Eggs & Fridge_SADips & Pate_IBlack Swan Hommus Dip | 500g",Black Swan Hommus Dip | 500g,Black Swan,"Dairy, Eggs & Fridge",Dips & Pate,Dips,,$5.00,,$6.00,$1.00 per 100g,6002734,"Gluten Free

Australian Made",,,"Per 100g/ml
Per Serving
%DI
Energy
986
99
Protein
6.2
0.6
Total Fat
16.6
1.7
Saturated Fat
1.4
0.1
Carbohydrate
13.2
1.3
Sugars
3.2
0.3
Sodium
405
41
* Percentage Daily Intakes are based on an average adult diet of 8700 kJ. Your daily intakes may be higher or lower depending on your energy needs.",,https://www.coles.com.au/product/black-swan-hommus-dip-500g-6002734,,,2024-06-17T11:14:32.567474-04:00
"Ind54SColes_ADairy, Eggs & Fridge_SADips & Pate_IYumi's Choice Smoked Salmon Lemon & Dill | 140g",Yumi's Choice Smoked Salmon Lemon & Dill | 140g,Yumis,"Dairy, Eggs & Fridge",Dips & Pate,Dips,,$5.00,,,$3.57 per 100g,4975240,"In a time when we all want to find ways to eat better, at Yumi's we believe that wholesome food can still be super delicious. And we're proving it with our new Premium dips range  Yumi's Choice.
We have carefully selected the best combinations of real ingredients, nuts and seeds to create tantalising and indulgent flavours. And, just like all Yumi's dips, they are plant based and proudly dairy and gluten free.",,,"Per 100g/ml
Per Serving
%DI
Energy
2350kJ
470kJ
Protein
4.3g
0.9g
Total Fat
60.3g
12.1g
Saturated Fat
5.1g
1g
Carbohydrate
2.6g
0.5g
Sugars
2.2g
0.4g
Sodium
540mg
108mg
* Percentage Daily Intakes are based on an average adult diet of 8700 kJ. Your daily intakes may be higher or lower depending on your energy needs.",,https://www.coles.com.au/product/yumi's-choice-smoked-salmon-lemon-and-dill-140g-4975240,,,2024-06-17T11:14:43.771456-04:00
"Ind54SColes_ADairy, Eggs & Fridge_SADips & Pate_IChris' Heritage Smoked Gouda & Jalapeno | 170g",Chris' Heritage Smoked Gouda & Jalapeno | 170g,Chris,"Dairy, Eggs & Fridge",Dips & Pate,Dips,,$7.50,,$9.00,$4.41 per 100g,4973583,,,,"Per 100g/ml
Per Serving
%DI
Energy
1200kJ
240kJ
Protein
5.7g
1.1g
Total Fat
26.3g
5.3g
Saturated Fat
10.7g
2.1g
Carbohydrate
4.8g
1g
Sugars
1.8g
0.4g
Sodium
390mg
78mg
Gluten
Undetected
Undetected
* Percentage Daily Intakes are based on an average adult diet of 8700 kJ. Your daily intakes may be higher or lower depending on your energy needs.",,https://www.coles.com.au/product/chris'-heritage-smoked-gouda-and-jalapeno-170g-4973583,,,2024-06-17T11:15:02.354136-04:00
"Ind54SColes_ADairy, Eggs & Fridge_SADips & Pate_IRed Rock Deli Classics Caramelised French Onion | 190g",Red Rock Deli Classics Caramelised French Onion | 190g,Red Rock Deli,"Dairy, Eggs & Fridge",Dips & Pate,Dips,,$4.80,Pick any 2 for $8,,$2.53 per 100g,4935620,"The NEW Red Rock Deli Classics range takes flavours we all know and love to the next level. This Caramelised French Onion dip takes a traditional french onion dip and tops it with a layer of Caramelised Onion to give you that extra punch of flavour. Gluten Free, no artificial colours or flavours.",,,"Per 100g/ml
Per Serving
%DI
Energy
1070kJ
215kJ
2%
Protein
5.5g
1.1g
2%
Total Fat
18.7g
3.7g
5%
Saturated Fat
9.1g
1.8g
8%
Carbohydrate
16.7g
3.3g
1%
Sugars
8.1g
1.6g
2%
Sodium
361mg
72mg
3%
* Percentage Daily Intakes are based on an average adult diet of 8700 kJ. Your daily intakes may be higher or lower depending on your energy needs.",,https://www.coles.com.au/product/red-rock-deli-classics-caramelised-french-onion-190g-4935620,,,2024-06-17T11:15:13.507571-04:00
"Ind54SColes_ADairy, Eggs & Fridge_SADips & Pate_IObela Classic To Go Smooth Hommus | 125g",Obela Classic To Go Smooth Hommus | 125g,Obela,"Dairy, Eggs & Fridge",Dips & Pate,Dips,,$4.00,Pick any 2 for $6.50,,$3.20 per 100g,2882895,,,,"Per 100g/ml
Per Serving
%DI
Energy
1160kJ
1450kJ
Protein
8.1g
10.1g
Total Fat
16.1g
20.2g
Saturated Fat
1.9g
2.4g
Carbohydrate
20.7g
25.8g
Sugars
<1g
<1g
Sodium
510mg
637mg
Dietary Fibre (total)
6.4g
8g
Gluten
0mg
0mg
* Percentage Daily Intakes are based on an average adult diet of 8700 kJ. Your daily intakes may be higher or lower depending on your energy needs.",,https://www.coles.com.au/product/obela-classic-to-go-smooth-hommus-125g-2882895,,,2024-06-17T11:15:25.072972-04:00
"Ind54SColes_ADairy, Eggs & Fridge_SADips & Pate_IBlack Swan Dip Batched Hommus Chilli & Macadamia | 150g",Black Swan Dip Batched Hommus Chilli & Macadamia | 150g,Black Swan,"Dairy, Eggs & Fridge",Dips & Pate,Dips,,$4.50,,$6.50,$3.00 per 100g,6738904,"Elevate your snacking experience with our exquisitely crafted Topped Hommus with Macadamia & Chilli. Each batch is meticulously prepared to ensure a harmonious fusion of flavors and textures. Creamy hommus serves as the luxurious canvas, while the crunchy macadamia nuts add a delightful contrast. Infused with a subtle hint of chili, this culinary masterpiece offers a symphony of tastes that dance on your palate. Finished with a drizzle of premium olive oil, every bite is a moment of pure indulgence, a celebration of artisanal craftsmanship and culinary finesse. Treat yourself to a gourmet delight that transcends ordinary snacking.
Australian Made

Gluten Free

Chickpeas Locally Roasted in Victoria",,,"Per 100g/ml
Per Serving
%DI
Energy
1620kJ
162kJ
Protein
6.3g
0.6g
Total Fat
35.0g
3.5g
Saturated Fat
3.5g
0.4g
Carbohydrate
10.4g
1.0g
Sugars
2.5g
0.3g
Sodium
395mg
40mg
Gluten
No detectable gluten
No detectable gluten
* Percentage Daily Intakes are based on an average adult diet of 8700 kJ. Your daily intakes may be higher or lower depending on your energy needs.",,https://www.coles.com.au/product/black-swan-dip-batched-hommus-chilli-and-macadamia-150g-6738904,,,2024-06-17T11:15:37.367809-04:00
"Ind54SColes_ADairy, Eggs & Fridge_SADips & Pate_IObela Caramelised Onion Hommus | 220g",Obela Caramelised Onion Hommus | 220g,Obela,"Dairy, Eggs & Fridge",Dips & Pate,Dips,,$3.85,,$5.50,$1.75 per 100g,2599260,"A twist on a dip favourite. Creamy and smooth hommus with sweet and flavourful caramelised onions.
Gluten Free, dairy free, no artificial colours, no artificial flavours",,,"Per 100g/ml
Per Serving
%DI
Energy
875kJ
175kJ
Protein
6.6g
1.3g
Total Fat
13.1g
2.6g
Saturated Fat
1.5g
<1g
Carbohydrate
12.4g
2.5g
Sugars
2.3g
<1g
Sodium
447mg
89mg
Gluten
0mg
0mg
* Percentage Daily Intakes are based on an average adult diet of 8700 kJ. Your daily intakes may be higher or lower depending on your energy needs.","COOKED CHICKPEA (65%), CARAMELISED ONION (13%) (ONION, SUGAR, CANOLA OIL), TAHINI (10%) (SESAME), CANOLA OIL, FOOD ACID (CITRIC ACID), SALT, GARLIC, ONION, NATURAL FLAVOUR, VINEGAR, CAPSICUM, HERBS AND SPICES, PRESERVATIVE (202).",https://www.coles.com.au/product/obela-caramelised-onion-hommus-220g-2599260,,,2024-06-17T11:15:49.747004-04:00
"Ind54SColes_ADairy, Eggs & Fridge_SADips & Pate_IYumis Traditional Hommus | 500g",Yumis Traditional Hommus | 500g,Yumis,"Dairy, Eggs & Fridge",Dips & Pate,Dips,,$5.50,,$6.50,$1.10 per 100g,6733423,"Hommus is the signature member of Yumi's classic dips range  Everybody loves it! With its smooth taste, delicious flavour, great colour and perfect texture  every feature you could want in your ideal hommus you will find in Yumi's Traditional Hommus Dip.",,,"Per 100g/ml
Per Serving
%DI
Energy
1320kJ
264kJ
Protein
7.1g
1.4g
Total Fat
24.7g
5g
Saturated Fat
2.6g
0.5g
Carbohydrate
16.6g
3.3g
Sugars
0.6g
0.1g
Sodium
410mg
82mg
* Percentage Daily Intakes are based on an average adult diet of 8700 kJ. Your daily intakes may be higher or lower depending on your energy needs.",,https://www.coles.com.au/product/yumis-traditional-hommus-500g-6733423,,,2024-06-17T11:16:00.939809-04:00
"Ind54SColes_ADairy, Eggs & Fridge_SADips & Pate_IPhiladelphia Sweet Chilli Pourover Dip | 250g",Philadelphia Sweet Chilli Pourover Dip | 250g,Philadelphia,"Dairy, Eggs & Fridge",Dips & Pate,Dips,,$4.50,,,$1.80 per 100g,9834926,"It is Original Philadelphia cream cheese with the delicious taste of sweet chilli sauce that acts as pourover. It is  ideal for entertaining as a dip with crackers or crisp bread.  Philadelphia Sweet Chilli is fantastically versatile and can be the perfect twist you are looking for a delicious inner with pasta or even wraps
Delicious Sweet Chilli sauce

Perfect for entertaining

Deliciously Creamy

Philadelphia is made in Australia since 1956

No artificial colours or flavours

Made with at least 90% Australian ingredients.",,,"Per 100g/ml
Per Serving
%DI
Energy
895kJ
224kJ
3%
Protein
3.8g
<1.0g
2%
Total Fat
16.4g
4.1g
6%
Saturated Fat
11.4g
2.9g
12%
Carbohydrate
13.1g
3.3g
1%
Sugars
12.5g
3.1g
3%
Sodium
344mg
86mg
4%
Monounsaturated
0
0
0
Energy (Cal)
0
0
0
Dietary Fibre (total)
0
0
0
Polyunsaturated
0
0
0
Trans
0
0
0
* Percentage Daily Intakes are based on an average adult diet of 8700 kJ. Your daily intakes may be higher or lower depending on your energy needs.",,https://www.coles.com.au/product/philadelphia-sweet-chilli-pourover-dip-250g-9834926,,,2024-06-17T11:16:13.698050-04:00
"Ind54SColes_ADairy, Eggs & Fridge_SADips & Pate_IYumi's Roasted Beetroot Dip | 200g",Yumi's Roasted Beetroot Dip | 200g,Yumis,"Dairy, Eggs & Fridge",Dips & Pate,Dips,,$4.50,,,$2.25 per 100g,8670947,"Roasted beetroot dip for a surprise taste sensation! Yumi's showcases how the great taste of beetroot can be enjoyed as a tasty, mildly sweet, and flavoursome dip. Packed with beetroot we have lovingly roasted in our ovens. Celebrate the rich and slightly sweet flavour of beetroot, while enjoying the incredible colour that using real beetroots can deliver.",,,"Per 100g/ml
Per Serving
%DI
Energy
875kJ
175kJ
Protein
5.2g
1g
Total Fat
15.8g
3.2g
Saturated Fat
1.7g
0.3g
Carbohydrate
9.9g
2g
Sugars
8.2g
1.6g
Sodium
605mg
121mg
* Percentage Daily Intakes are based on an average adult diet of 8700 kJ. Your daily intakes may be higher or lower depending on your energy needs.",,https://www.coles.com.au/product/yumi's-roasted-beetroot-dip-200g-8670947,,,2024-06-17T11:16:24.673949-04:00
"Ind54SColes_ADairy, Eggs & Fridge_SADips & Pate_IBlack Swan Crafted Hommus And Garlic Dip | 170g",Black Swan Crafted Hommus And Garlic Dip | 170g,Black Swan,"Dairy, Eggs & Fridge",Dips & Pate,Dips,,$4.60,,,$2.71 per 100g,5559557,"Our Roasted Garlic Hommus adds a rich roasted garlic to a fresh time-honoured,  classic hommus. The result is a dip so addictive, we may or may not eat it with a spoon...",,,"Per 100g/ml
Per Serving
%DI
Energy
1260kJ
126kJ
Protein
6.6g
0.7g
Total Fat
23.6g
2.4g
Saturated Fat
2.1g
0.2g
Carbohydrate
13.4g
1.3g
Sugars
4.3g
0.4g
Sodium
408mg
41mg
Gluten
ND (No detectable gluten)
ND (No detectable gluten)
* Percentage Daily Intakes are based on an average adult diet of 8700 kJ. Your daily intakes may be higher or lower depending on your energy needs.",,https://www.coles.com.au/product/black-swan-crafted-hommus-and-garlic-dip-170g-5559557,,,2024-06-17T11:16:35.802185-04:00
"Ind54SColes_ADairy, Eggs & Fridge_SADips & Pate_IColes Corn Relish Dip | 200g",Coles Corn Relish Dip | 200g,Coles,"Dairy, Eggs & Fridge",Dips & Pate,Dips,,$2.40,,,$1.20 per 100g,3579928,A delicious cream cheese based dip blended with sweetcorn & red capsicum Perfect with crackers,,,"Per 100g/ml
Per Serving
%DI
Energy
733.80
293.52
Protein
4.00
1.60
Carbohydrate
11.30
4.52
Sugars
5.80
2.32
Sodium
280.00
112.00
Saturated
6.10
2.44
Energy (Cal)
175.55
70.22
Fat
12.50
5.00
Dietary Fibre (total)
1.40
0.56
Gluten
0.00
0.00
Trans
0.30
0.12
* Percentage Daily Intakes are based on an average adult diet of 8700 kJ. Your daily intakes may be higher or lower depending on your energy needs.",,https://www.coles.com.au/product/coles-corn-relish-dip-200g-3579928,,,2024-06-17T11:16:48.864054-04:00
"Ind54SColes_ADairy, Eggs & Fridge_SADips & Pate_IBlack Swan Crafted Beetroot Tzatziki Dip | 170g",Black Swan Crafted Beetroot Tzatziki Dip | 170g,Black Swan,"Dairy, Eggs & Fridge",Dips & Pate,Dips,,$4.60,,,$2.71 per 100g,5559524,The earthy tang of beetroot and the creaminess of tzatziki mixing as one in delectable harmony. Our Black Swan Crafted Beetroot Tzatziki is a flavour match made in dip heaven.,,,"Per 100g/ml
Per Serving
%DI
Energy
637kJ
64kJ
Protein
3.9g
0.4g
Total Fat
10.1g
1.0g
Saturated Fat
3.3g
0.3g
Carbohydrate
11.2g
1.1g
Sugars
11.1g
1.1g
Sodium
424mg
42mg
Gluten
ND (No detectable gluten)
ND (No detectable gluten)
* Percentage Daily Intakes are based on an average adult diet of 8700 kJ. Your daily intakes may be higher or lower depending on your energy needs.",,https://www.coles.com.au/product/black-swan-crafted-beetroot-tzatziki-dip-170g-5559524,,,2024-06-17T11:17:01.453803-04:00
"Ind54SColes_ADairy, Eggs & Fridge_SADips & Pate_IYumi's Choice Guacamole With Jalapeno And Spring Onion Dip | 150g",Yumi's Choice Guacamole With Jalapeno And Spring Onion Dip | 150g,Yumis,"Dairy, Eggs & Fridge",Dips & Pate,Dips,,$5.00,,,$3.33 per 100g,4376573,"In a time when we all want to find ways to eat better, at Yumi's we believe that wholesome food can still be super delicious. And we're proving it with our new Premium dips range  Yumi's Choice.
We have carefully selected the best combinations of real ingredients, nuts and seeds to create tantalising and indulgent flavours. And, just like all Yumi's dips, they are plant based and proudly dairy and gluten free.",,,"Per 100g/ml
Per Serving
%DI
Energy
863kJ
173kJ
Protein
1.2g
0.2g
Total Fat
16.3g
3.3g
Saturated Fat
2.3g
0.5g
Carbohydrate
14.1g
2.8g
Sugars
1.8g
0.4g
Sodium
460mg
92mg
* Percentage Daily Intakes are based on an average adult diet of 8700 kJ. Your daily intakes may be higher or lower depending on your energy needs.",,https://www.coles.com.au/product/yumi's-choice-guacamole-with-jalapeno-and-spring-onion-dip-150g-4376573,,,2024-06-17T11:17:13.943607-04:00
"Ind54SColes_ADairy, Eggs & Fridge_SADips & Pate_IYumi's Mediterranean Eggplant Dip | 200g",Yumi's Mediterranean Eggplant Dip | 200g,Yumis,"Dairy, Eggs & Fridge",Dips & Pate,Dips,,$4.50,,,$2.25 per 100g,8670878,This Baked Mediterranean Eggplant dip is the jewel in Yumi's crown! It is the richest tasting and least creamy of the eggplant dips. And is also the lowest in fat!,,,"Per 100g/ml
Per Serving
%DI
Energy
607kJ
121kJ
Protein
1.4g
0.3g
Total Fat
12g
2.4g
Saturated Fat
1.1g
0.2g
Carbohydrate
7.1g
1.4g
Sugars
2.8g
0.6g
Sodium
655mg
131mg
* Percentage Daily Intakes are based on an average adult diet of 8700 kJ. Your daily intakes may be higher or lower depending on your energy needs.",,https://www.coles.com.au/product/yumi's-mediterranean-eggplant-dip-200g-8670878,,,2024-06-17T11:17:26.396620-04:00
"Ind54SColes_ADairy, Eggs & Fridge_SADips & Pate_IYumi's Egg With Mayo Dip | 200g",Yumi's Egg With Mayo Dip | 200g,Yumis,"Dairy, Eggs & Fridge",Dips & Pate,Dips,,$4.50,,,$2.25 per 100g,8670889,Yum! This dip is a perfectly blended combination of roughly chopped egg in a rich whole egg mayonnaise. Try using our traditional egg salad dip as a dressing for your favorite potato salad!,,,"Per 100g/ml
Per Serving
%DI
Energy
1990kJ
399kJ
Protein
5.9g
1.2g
Total Fat
49.6g
9.9g
Saturated Fat
4.5g
0.9g
Carbohydrate
3.3g
0.7g
Sugars
1.3g
0.3g
Sodium
474mg
95mg
* Percentage Daily Intakes are based on an average adult diet of 8700 kJ. Your daily intakes may be higher or lower depending on your energy needs.",,https://www.coles.com.au/product/yumi's-egg-with-mayo-dip-200g-8670889,,,2024-06-17T11:17:38.424416-04:00
"Ind54SColes_ADairy, Eggs & Fridge_SADips & Pate_IObela Hommus Garnished Zesty Jalapeno | 220g",Obela Hommus Garnished Zesty Jalapeno | 220g,Obela,"Dairy, Eggs & Fridge",Dips & Pate,Dips,,$3.85,,$5.50,$1.75 per 100g,1652460,"Get the fiery hit of dip you crave with the hommus taste you love! A perfect match, our smooth, original hommus collides with spicy jalapeno peppers. Opposites attract and this combo hits the spot. It's wholesome goodness brings nothing but happiness. Try it at your next BBQ; your guests won't believe how great it tastes!
Gluten Free, dairy free, no artificial colours, no artificial flavours",,,"Per 100g/ml
Per Serving
%DI
Energy
924kJ
185kJ
Protein
6.4g
1.3g
Total Fat
16.7g
3.3g
Saturated Fat
1.8g
<1g
Carbohydrate
7.7g
1.5g
Sugars
<1g
<1g
Sodium
782mg
152mg
Gluten
0mg
0mg
* Percentage Daily Intakes are based on an average adult diet of 8700 kJ. Your daily intakes may be higher or lower depending on your energy needs.",,https://www.coles.com.au/product/obela-hommus-garnished-zesty-jalapeno-220g-1652460,,,2024-06-17T11:17:50.745614-04:00
"Ind54SColes_ADairy, Eggs & Fridge_SADips & Pate_IObela Dip Smashed Avocado | 200g",Obela Dip Smashed Avocado | 200g,Obela,"Dairy, Eggs & Fridge",Dips & Pate,Dips,,$5.80,,,$2.90 per 100g,3605493,,,,,,https://www.coles.com.au/product/obela-dip-smashed-avocado-200g-3605493,,,2024-06-17T11:17:59.987935-04:00
"Ind54SColes_ADairy, Eggs & Fridge_SADips & Pate_IPilpel Dip Garlic | 310g",Pilpel Dip Garlic | 310g,Pilpel,"Dairy, Eggs & Fridge",Dips & Pate,Dips,,$6.50,,,$2.10 per 100g,6132525,"Vampires are all in vogue right now, and we think even they would struggle to keep their fangs off this tasty number. Where others lack bite, our killer dip delivers a distinctive yet delicate flavour, driving a wooden stake of yumminess through any unsuspecting dish. What else can we say? - it's the simplicity and purity of it that eclipses the competition. Truly a taste to die for!",,,"Per 100g/ml
Per Serving
%DI
Energy
2790
558
Protein
1
0.2
Total Fat
73.3
14.7
Saturated Fat
7.4
1.5
Carbohydrate
3.4
0.7
Sugars
0.2
0.0
Sodium
240
48
Energy (Cal)
666
133
Dietary Fibre (total)
0.5
0.1
Trans
0.1
0.0
* Percentage Daily Intakes are based on an average adult diet of 8700 kJ. Your daily intakes may be higher or lower depending on your energy needs.","Sunflower oil [antioxidant (tocopherol concentrate)], garlic (15%), water, salt, acidity regulator (citric acid)",https://www.coles.com.au/product/pilpel-dip-garlic-310g-6132525,,,2024-06-17T11:18:12.419220-04:00
"Ind54SColes_ADairy, Eggs & Fridge_SADips & Pate_IBlack Swan Dip Reduced Fat Tzatziki | 200g",Black Swan Dip Reduced Fat Tzatziki | 200g,Black Swan,"Dairy, Eggs & Fridge",Dips & Pate,Dips,,$4.00,Pick any 2 for $7,,$2.00 per 100g,6824063,"Revel in this light and refreshing Reduced Fat Tzatziki. Velvety Greek yoghurt, fresh Lebanese cucumber and hints of garlic are combined to create a deliciously creamy and flavourful dip with 25% less fat. Serve with chips, pitta or dressing for a greek-inspired plate.

From Black Swan's vibrant market roots comes its trusted, delicious Favourites range; a celebration of fresh produce, an abundance of sensational flavours and a passion for creating and togetherness. Be it a morning spread, a platter for entertaining, a tasty dinner hack or more, Black Swan has got you covered.

It was November 1985 that Black Swan began sharing delicious dips at the South Melbourne Market. Over 30 years on, our mission remains the same: Use the best possible produce to create bold flavours, tasty experiences, and best of all, bring people together.
Black Swan. The Start of Something Better.
Gluten Free

25% Less Fat*

Australian Made",,,,,https://www.coles.com.au/product/black-swan-dip-reduced-fat-tzatziki-200g-6824063,,,2024-06-17T11:18:24.113719-04:00
"Ind54SColes_ADairy, Eggs & Fridge_SADips & Pate_IBlack Swan Dip Taramosalata | 200g",Black Swan Dip Taramosalata | 200g,Black Swan,"Dairy, Eggs & Fridge",Dips & Pate,Dips,,$4.00,Pick any 2 for $7,,$2.00 per 100g,9580715,"Made with traditional tarama-cured cod roe and a good sprinkling of sea salt, our Taramosolata dip is smooth, light, and delicate with zesty lemon notes. We enjoy it best with toasted pitas.


From Black Swan's vibrant market roots comes its trusted, delicious Favourites range; a celebration of fresh produce, an abundance of sensational flavours and a passion for creating and togetherness. Be it a morning spread, a platter for entertaining, a tasty dinner hack or more, Black Swan has got you covered.

It was November 1985 that Black Swan began sharing delicious dips at the South Melbourne Market. Over 30 years on, our mission remains the same: Use the best possible produce to create bold flavours, tasty experiences, and best of all, bring people together.
Black Swan. The Start of Something Better.
Australian Made",,,,,https://www.coles.com.au/product/black-swan-dip-taramosalata-200g-9580715,,,2024-06-17T11:18:36.885381-04:00
"Ind54SColes_ADairy, Eggs & Fridge_SADips & Pate_IBlack Swan Corn Relish Dip | 200g",Black Swan Corn Relish Dip | 200g,Black Swan,"Dairy, Eggs & Fridge",Dips & Pate,Dips,,$4.00,Pick any 2 for $7,,$2.00 per 100g,3423452,"This classic Corn Relish dip is sweet and creamy, destined to be a new family favourite. Created with cream cheese and juicy corn kernals, it's the topping your hot-dog, burger or tortilla chip has been waiting for!

From Black Swan's vibrant market roots comes its trusted, delicious Favourites range; a celebration of fresh produce, an abundance of sensational flavours and a passion for creating and togetherness. Be it a morning spread, a platter for entertaining, a tasty dinner hack or more, Black Swan has got you covered.

It was November 1985 that Black Swan began sharing delicious dips at the South Melbourne Market. Over 30 years on, our mission remains the same: Use the best possible produce to create bold flavours, tasty experiences, and best of all, bring people together.
Black Swan. The Start of Something Better.
Gluten Free

Australian Made",,,,,https://www.coles.com.au/product/black-swan-corn-relish-dip-200g-3423452,,,2024-06-17T11:18:48.283476-04:00
"Ind54SColes_ADairy, Eggs & Fridge_SADips & Pate_IYumi's Roasted Beetroot Hommus Dip | 200g",Yumi's Roasted Beetroot Hommus Dip | 200g,Yumis,"Dairy, Eggs & Fridge",Dips & Pate,Dips,,$4.50,,,$2.25 per 100g,6008640,"If you enjoy hommus, you will be delighted with this delicious flavour variation. Yumi's ever-popular hommus dips have been blended with beetroot to make this delicious taste sensation.",,,,,https://www.coles.com.au/product/yumi's-roasted-beetroot-hommus-dip-200g-6008640,,,2024-06-17T11:18:59.878312-04:00
"Ind54SColes_ADairy, Eggs & Fridge_SADips & Pate_IRed Rock Deli Classics Sweet Chilli & Sour Cream | 190g",Red Rock Deli Classics Sweet Chilli & Sour Cream | 190g,Red Rock Deli,"Dairy, Eggs & Fridge",Dips & Pate,Dips,,$4.80,Pick any 2 for $8,,$2.53 per 100g,4935631,"The NEW Red Rock Deli Classics range takes flavours we all know and love to the next level. This Sweet Chilli & Sour Cream dip takes smooth and creamy sour cream and tops it with a rich, decadent sweet chilli relish that is sure to delight.
Gluten free, no artificial colours or flavours.",,,,,https://www.coles.com.au/product/red-rock-deli-classics-sweet-chilli-and-sour-cream-190g-4935631,,,2024-06-17T11:19:12.462890-04:00
"Ind54SColes_ADairy, Eggs & Fridge_SADips & Pate_IColes French Onion Dip | 200g",Coles French Onion Dip | 200g,Coles,"Dairy, Eggs & Fridge",Dips & Pate,Dips,,$2.40,,,$1.20 per 100g,6530743,"Coles Dairy French onion dip, 200g. A ready to eat, vegetarian friendly, gluten free dip perfect for entertaining or snacking alongside your favourite cracker.",,,,,https://www.coles.com.au/product/coles-french-onion-dip-200g-6530743,,,2024-06-17T11:19:23.947245-04:00
"Ind54SColes_ADairy, Eggs & Fridge_SADips & Pate_IYumi's Mediterranean Vegetable Dip | 200g",Yumi's Mediterranean Vegetable Dip | 200g,Yumis,"Dairy, Eggs & Fridge",Dips & Pate,Dips,,$4.50,,,$2.25 per 100g,4376686,"All of the flavours of vegetables of the Mediterranean come together in this delicious dip. Red capsicum, eggplant and zucchini are balanced with a blend of Mediterranean herbs for an authentic taste.",,,,,https://www.coles.com.au/product/yumi's-mediterranean-vegetable-dip-200g-4376686,,,2024-06-17T11:19:35.433372-04:00
"Ind54SColes_ADairy, Eggs & Fridge_SADips & Pate_IBlack Swan Dip Chunky Spicy Chargrilled Capsicum & Cashew | 150g",Black Swan Dip Chunky Spicy Chargrilled Capsicum & Cashew | 150g,Black Swan,"Dairy, Eggs & Fridge",Dips & Pate,Dips,,$4.00,,$5.00,$2.67 per 100g,6736942,"A classic blend of chargrilled capsicum & sundried tomatoes elevated with the texture of crushed cashews making this the perfect edition to any platter or elevate your pizza by simply dolloping for a spicy bite.

The Black Swan Chunky range feaures a texture rich dips which you can dip, dollop or stir into any meal to add that perfect finishing touch.
Gluten Free

Australian Made

Dip, Dollop or Stir",,,,,https://www.coles.com.au/product/black-swan-dip-chunky-spicy-chargrilled-capsicum-and-cashew-150g-6736942,,,2024-06-17T11:19:46.966577-04:00
"Ind54SColes_ADairy, Eggs & Fridge_SADips & Pate_IObela Hommus Pistachio Lemon Dukkah | 220g",Obela Hommus Pistachio Lemon Dukkah | 220g,Obela,"Dairy, Eggs & Fridge",Dips & Pate,Dips,,$3.85,,$5.50,$1.75 per 100g,3986783,,,,,,https://www.coles.com.au/product/obela-hommus-pistachio-lemon-dukkah-220g-3986783,,,2024-06-17T11:19:59.083273-04:00
"Ind54SColes_ADairy, Eggs & Fridge_SAChips, crackers & snacks_IColes Assorted Crackers Selection | 250g",Coles Assorted Crackers Selection | 250g,Coles,"Dairy, Eggs & Fridge","Chips, crackers & snacks",Crackers & crispbreads,,$4.00,,,$1.60 per 100g,3468337,Six cracker varietiesPerfect for cheese boards & entertaining,,,,,https://www.coles.com.au/product/coles-assorted-crackers-selection-250g-3468337,,,2024-06-17T11:20:10.699047-04:00
"Ind54SColes_ADairy, Eggs & Fridge_SADips & Pate_IColes Avocado Dip | 200g",Coles Avocado Dip | 200g,Coles,"Dairy, Eggs & Fridge",Dips & Pate,Dips,,$2.40,,,$1.20 per 100g,6530710,"A delicious cream cheese based dip blended with avocado, lemon and garlic Perfect with corn chips",,,,,https://www.coles.com.au/product/coles-avocado-dip-200g-6530710,,,2024-06-17T11:20:26.119988-04:00
"Ind54SColes_ADairy, Eggs & Fridge_SADips & Pate_IYumi's Mini Avocado Dip 3x65g | 195g",Yumi's Mini Avocado Dip 3x65g | 195g,Yumis,"Dairy, Eggs & Fridge",Dips & Pate,Dips,,$4.50,,,$2.31 per 100g,3776678,"The popular Yumi's Avocado & Sea Salt. Gluten free, dairy free, delicious flavour, great colour and perfect texture  every feature you could want in your ideal dip and conveniently packaged in 3 x 65g tubs, perfect for snacking.",,,,,https://www.coles.com.au/product/yumi's-mini-avocado-dip-3x65g-195g-3776678,,,2024-06-17T11:20:38.320510-04:00
"Ind54SColes_ADairy, Eggs & Fridge_SADips & Pate_IObela Hommus Roasted Pine Nut Dip | 220g",Obela Hommus Roasted Pine Nut Dip | 220g,Obela,"Dairy, Eggs & Fridge",Dips & Pate,Dips,,$3.85,,$5.50,$1.75 per 100g,1389615,"We've taken our original hommus dip and added perfectly roasted pine nuts to give it extra crunch and taste. Ideal for entertaining or a snack, use crackers or carrots to dip anytime. Pretty soon, you'll be looking for any excuse to dive in! v Gluten Free v Plant Based v Smooth & Creamy v No Artificial Flavours or Colours",,,,,https://www.coles.com.au/product/obela-hommus-roasted-pine-nut-dip-220g-1389615,,,2024-06-17T11:20:50.092515-04:00
"Ind54SColes_ADairy, Eggs & Fridge_SADips & Pate_IBlack Swan Crafted Dip Olive Fetta & Chilli | 170g",Black Swan Crafted Dip Olive Fetta & Chilli | 170g,Black Swan,"Dairy, Eggs & Fridge",Dips & Pate,Dips,,$4.60,,,$2.71 per 100g,7082954,A perfectly balanced blend of Kalamata and Green Olives combined with the silky texture of fetta with a hint of chilli. ,,,,,https://www.coles.com.au/product/black-swan-crafted-dip-olive-fetta-and-chilli-170g-7082954,,,2024-06-17T11:21:03.047452-04:00
"Ind54SColes_ADairy, Eggs & Fridge_SADips & Pate_IYumi's Smokey Chipotle Hommus Dip | 200g",Yumi's Smokey Chipotle Hommus Dip | 200g,Yumis,"Dairy, Eggs & Fridge",Dips & Pate,Dips,,$4.50,,,$2.25 per 100g,3039400,"Hommus is the signature member of Yumi's classic dips range  Everybody loves it! With it's smooth taste, delicious flavour, great colour and perfect texture, we've added a kick of chipotle to our classic hommus. It's the hommus you love with a spicy twist!",,,,,https://www.coles.com.au/product/yumi's-smokey-chipotle-hommus-dip-200g-3039400,,,2024-06-17T11:21:14.596739-04:00
"Ind54SColes_ADairy, Eggs & Fridge_SADips & Pate_IBlack Swan Warming Cheesy Garlic & Herb Dip | 180g",Black Swan Warming Cheesy Garlic & Herb Dip | 180g,Black Swan,"Dairy, Eggs & Fridge",Dips & Pate,Dips,,$4.60,,,$2.56 per 100g,4934173,Life was meant to be cheesy! Especially when combined with the flavour of aromatic garlic and herbs.,,,,,https://www.coles.com.au/product/black-swan-warming-cheesy-garlic-and-herb-dip-180g-4934173,,,2024-06-17T11:21:26.141827-04:00
"Ind54SColes_ADairy, Eggs & Fridge_SADips & Pate_IChris' Heritage Vintage Cheddar & Caramelised Onion Savoury Dip | 170g",Chris' Heritage Vintage Cheddar & Caramelised Onion Savoury Dip | 170g,Chris,"Dairy, Eggs & Fridge",Dips & Pate,Dips,,$7.50,,$9.00,$4.41 per 100g,2582100,,,,,,https://www.coles.com.au/product/chris'-heritage-vintage-cheddar-and-caramelised-onion-savoury-dip-170g-2582100,,,2024-06-17T11:21:37.653521-04:00
"Ind54SColes_ADairy, Eggs & Fridge_SADips & Pate_IYumi's Dip Mini French Onion Hommus 3 Pack | 195g",Yumi's Dip Mini French Onion Hommus 3 Pack | 195g,Yumis,"Dairy, Eggs & Fridge",Dips & Pate,Dips,,$3.00,,,"$1.54 per 100g
Was $3.50 on Jun 2024",5936833,"Every feature you could want in your ideal dip and conveniently packaged in 3 x 65g tubs, perfect for snacking.",,,,,https://www.coles.com.au/product/yumi's-dip-mini-french-onion-hommus-3-pack-195g-5936833,,,2024-06-17T11:21:49.201971-04:00
"Ind54SColes_ADairy, Eggs & Fridge_SADips & Pate_IYumi's Mini Sweet Potato & Cashew Dip 3x65g | 195g",Yumi's Mini Sweet Potato & Cashew Dip 3x65g | 195g,Yumis,"Dairy, Eggs & Fridge",Dips & Pate,Dips,,$4.50,,,$2.31 per 100g,3605507,"The popular Yumi's Sweet Potato and Roasted Cashews. Gluten free, dairy free, delicious flavour, great colour and perfect texture  every feature you could want in your ideal dip and conveniently packaged in 3 x 65g tubs, perfect for snacking.",,,,,https://www.coles.com.au/product/yumi's-mini-sweet-potato-and-cashew-dip-3x65g-195g-3605507,,,2024-06-17T11:22:01.721290-04:00
"Ind54SColes_ADairy, Eggs & Fridge_SADairy, chilled & frozen_IChris' Deli Dip Avocado Feta & Jalapeno | 170g",Chris' Deli Dip Avocado Feta & Jalapeno | 170g,Chris,"Dairy, Eggs & Fridge","Dairy, chilled & frozen",Spreads & dips,,$6.00,,,"$3.53 per 100g
Was $6.50 on Apr 2024",4954454,"A blend of spicy and salty avocado, feta, jalapeno and lemon.",,,,,https://www.coles.com.au/product/chris'-deli-dip-avocado-feta-and-jalapeno-170g-4954454,,,2024-06-17T11:22:13.763390-04:00
"Ind54SColes_ADairy, Eggs & Fridge_SADairy, chilled & frozen_ICastello Spanish Quince Paste | 125g",Castello Spanish Quince Paste | 125g,Castello,"Dairy, Eggs & Fridge","Dairy, chilled & frozen",Cheese & yoghurt,,$5.00,,,"$40.00 per 1kg
Was $6.00 on Mar 2024",5445616,Castello Quince Paste is the perfect table cheese accompaniment & can be used in cooking use,,,,,https://www.coles.com.au/product/castello-spanish-quince-paste-125g-5445616,,,2024-06-17T11:22:25.488728-04:00
"Ind54SColes_ADairy, Eggs & Fridge_SADips & Pate_IObela Classic Smooth Hommus | 220g",Obela Classic Smooth Hommus | 220g,Obela,"Dairy, Eggs & Fridge",Dips & Pate,Dips,,$3.85,,$5.00,$1.75 per 100g,2008750,Obela's Smooth Classic Hommus combines tasty chickpeas with the perfect hit of garlic and tahini to create the super-smooth and creamy dip.v Gluten Free v Source of Dietary Fibre v Plant Based v Smooth & Creamy v No Artificial Flavours or Colours,,,,,https://www.coles.com.au/product/obela-classic-smooth-hommus-220g-2008750,,,2024-06-17T11:22:37.920753-04:00
"Ind54SColes_ADairy, Eggs & Fridge_SADips & Pate_IYumi's Mini Roasted Capsicum & Cashew Dip 3 Pack | 195g",Yumi's Mini Roasted Capsicum & Cashew Dip 3 Pack | 195g,Yumis,"Dairy, Eggs & Fridge",Dips & Pate,Dips,,$4.50,,,$2.31 per 100g,3776703,"Convenient 3 pack of 65g tubs of the popular Yumi's red capsicum & roasted cashews. Gluten free, dairy free, delicious flavour, great colour and perfect texture  every feature you could want in your ideal dip and conveniently packaged in 3 x 65g tubs, perfect for snacking.",,,,,https://www.coles.com.au/product/yumi's-mini-roasted-capsicum-and-cashew-dip-3-pack-195g-3776703,,,2024-06-17T11:22:49.623236-04:00
"Ind54SColes_ADairy, Eggs & Fridge_SADips & Pate_IBlack Swan Taste Of The World Mexico | 170g",Black Swan Taste Of The World Mexico | 170g,Black Swan,"Dairy, Eggs & Fridge",Dips & Pate,Dips,,$4.60,,,$2.71 per 100g,5561209,"Travel to new destinations without leaving home! Inspired by authentic Mexican street food take your taste buds on a journey around the world.
Made in Australia

Gluten Free",,,,,https://www.coles.com.au/product/black-swan-taste-of-the-world-mexico-170g-5561209,,,2024-06-17T11:23:01.439833-04:00
"Ind54SColes_ADairy, Eggs & Fridge_SADips & Pate_IRed Rock Deli Classics Mexican Style Salsa Guacamole | 190g",Red Rock Deli Classics Mexican Style Salsa Guacamole | 190g,Red Rock Deli,"Dairy, Eggs & Fridge",Dips & Pate,Dips,,$4.80,Pick any 2 for $8,,$2.53 per 100g,4759255,"The Red Rock Deli Classics range takes flavours we all know and love to the next level. This dip starts with a smooth and creamy guacamole and is topped with a layer of fresh tasting, zesty tomato salsa giving you the flavours of Mexico all in one bite. Gluten free, no artificial colours or flavours.",,,,,https://www.coles.com.au/product/red-rock-deli-classics-mexican-style-salsa-guacamole-190g-4759255,,,2024-06-17T11:23:13.140732-04:00
"Ind54SColes_ADairy, Eggs & Fridge_SADips & Pate_IChris' Heritage Blue Cheese Fig & Pistachio Savoury Dip | 170g",Chris' Heritage Blue Cheese Fig & Pistachio Savoury Dip | 170g,Chris,"Dairy, Eggs & Fridge",Dips & Pate,Dips,,$7.50,,$9.00,$4.41 per 100g,2582097,,,,,,https://www.coles.com.au/product/chris'-heritage-blue-cheese-fig-and-pistachio-savoury-dip-170g-2582097,,,2024-06-17T11:23:25.260928-04:00
"Ind54SColes_ADairy, Eggs & Fridge_SADips & Pate_IColes Cheese & Chive Dip | 200g",Coles Cheese & Chive Dip | 200g,Coles,"Dairy, Eggs & Fridge",Dips & Pate,Dips,,$2.40,,,$1.20 per 100g,2877498,"A delicious cream cheese based dip blended with chives, garlic & lemon Perfect with wedges",,,,,https://www.coles.com.au/product/coles-cheese-and-chive-dip-200g-2877498,,,2024-06-17T11:23:37.112024-04:00
"Ind54SColes_ADairy, Eggs & Fridge_SADips & Pate_IRed Rock Deli Dip Basil Pesto Pecorino & Cashew | 135g",Red Rock Deli Dip Basil Pesto Pecorino & Cashew | 135g,Red Rock Deli,"Dairy, Eggs & Fridge",Dips & Pate,Dips,,$3.50,,$5.00,$2.59 per 100g,7083119,,,,,,https://www.coles.com.au/product/red-rock-deli-dip-basil-pesto-pecorino-and-cashew-135g-7083119,,,2024-06-17T11:23:46.856657-04:00
"Ind54SColes_ADairy, Eggs & Fridge_SADips & Pate_IBlack Swan Crafted Caramelised French Onion Dip | 170g",Black Swan Crafted Caramelised French Onion Dip | 170g,Black Swan,"Dairy, Eggs & Fridge",Dips & Pate,Dips,,$4.60,,,$2.71 per 100g,5559535,"When it comes to dip, do as the French do... Sweet caramelisation and savoury French Onion. Voila!",,,,,https://www.coles.com.au/product/black-swan-crafted-caramelised-french-onion-dip-170g-5559535,,,2024-06-17T11:23:58.660106-04:00
"Ind54SColes_ADairy, Eggs & Fridge_SADips & Pate_IBlack Swan Crafted Dill & Mint Tzatziki Dip | 170g",Black Swan Crafted Dill & Mint Tzatziki Dip | 170g,Black Swan,"Dairy, Eggs & Fridge",Dips & Pate,Dips,,$4.60,,,$2.71 per 100g,5561231,"Elevate your dip game! We've put a new twist on our classic tzatziki, made with creamy pot set yoghurt with a burst of freshness from mint and dill.
Gluten Free

Australian Made",,,,,https://www.coles.com.au/product/black-swan-crafted-dill-and-mint-tzatziki-dip-170g-5561231,,,2024-06-17T11:24:10.955509-04:00
"Ind54SColes_ADairy, Eggs & Fridge_SADips & Pate_IRed Rock Deli Dip Singles Caramelised French Onion 3X50G | 150g",Red Rock Deli Dip Singles Caramelised French Onion 3X50G | 150g,Red Rock Deli,"Dairy, Eggs & Fridge",Dips & Pate,Dips,,$4.50,Pick any 2 for $6.50,,$3.00 per 100g,4954487,Red Rock Deli Dip Singles Caramelised French Onion 3x50g 150g. A loved flavour from Red Rock Dips now available in a convenient single serve snack pack. Try paired with your favourite cheeses and Red Rock Deli Gourmet Crackers for an elevated deli snack experience.,,,,,https://www.coles.com.au/product/red-rock-deli-dip-singles-caramelised-french-onion-3x50g-150g-4954487,,,2024-06-17T11:24:21.502195-04:00
"Ind54SColes_ADairy, Eggs & Fridge_SADips & Pate_IPilpel Gluten Free Hummous Dip | 350g",Pilpel Gluten Free Hummous Dip | 350g,Pilpel,"Dairy, Eggs & Fridge",Dips & Pate,Dips,,$6.50,,,$1.86 per 100g,7411819,"If this heavenly dollop had gone to school, its report card would have read, Makes friends easily. Because no food can resist the awesomeness of Australia's finest chickpeas paired with smooth and creamy tahini. Hummous might have been around for 10,000 years, but Pilpel's creation brings it firmly into the present. With as many ways to use it as there are to spell it, this classic receives a solid A+ and excellent attendance on your plate.
Australia's finest chickpeas paired with smooth & creamy tahini
Pair with crackers, vegetables, salads, fruits and whatever you can think of!
Team up with your next BBQ
Dairy-free, gluten-free
Kosher",,,,,https://www.coles.com.au/product/pilpel-gluten-free-hummous-dip-350g-7411819,,,2024-06-17T11:24:33.184784-04:00
"Ind54SColes_ADairy, Eggs & Fridge_SADips & Pate_IBlack Swan Dip Reduced Fat Roasted Capsicum | 200g",Black Swan Dip Reduced Fat Roasted Capsicum | 200g,Black Swan,"Dairy, Eggs & Fridge",Dips & Pate,Dips,,$4.00,Pick any 2 for $7,,$2.00 per 100g,8750208,"Delight in vibrant colour and flavour with this Reduced Fat Capsicum dip. We chargrilled succulent capsicums and combined them with a hint of garlic for a delicious flavour. Use this dip as a marinade, spice up your pizzas with a unique base, or why not toss it through pasta?

From Black Swan's vibrant market roots comes its trusted, delicious Favourites range; a celebration of fresh produce, an abundance of sensational flavours and a passion for creating and togetherness. Be it a morning spread, a platter for entertaining, a tasty dinner hack or more, Black Swan has got you covered.

It was November 1985 that Black Swan began sharing delicious dips at the South Melbourne Market. Over 30 years on, our mission remains the same: Use the best possible produce to create bold flavours, tasty experiences, and best of all, bring people together.
Black Swan. The Start of Something Better.
Gluten Free

Australian Made",,,"Per 100g/ml
Per Serving
%DI
Energy
710kJ
71kJ
Protein
5.1g
0.5g
Total Fat
13.7g
1.4g
Saturated Fat
7.7g
0.8g
Carbohydrate
6.6g
0.7g
Sugars
5.0g
0.5g
Sodium
568g
57g
Gluten
ND (No detectable gluten)
ND (No detectable gluten)
* Percentage Daily Intakes are based on an average adult diet of 8700 kJ. Your daily intakes may be higher or lower depending on your energy needs.",,https://www.coles.com.au/product/black-swan-dip-reduced-fat-roasted-capsicum-200g-8750208,,,2024-06-17T11:24:45.747767-04:00
"Ind54SColes_ADairy, Eggs & Fridge_SADips & Pate_IBlack Swan Tzatziki Dip | 200g",Black Swan Tzatziki Dip | 200g,Black Swan,"Dairy, Eggs & Fridge",Dips & Pate,Dips,,$4.00,Pick any 2 for $7,,$2.00 per 100g,9580657,"Velvety Greek yoghurt, freshly chopped Lebanese cucumber and hints of crushed garlic make this Tzatiki light, cool and refreshing; the ultimate partner to a chip, or salad. This dip is a trusty Favourite you can return to again and again.

From Black Swan's market roots comes its trusted and delicious Favourites range; a celebration of fresh produce, an abundance of sensational flavours and a passion for creating and togetherness. Be it a morning spread, a platter for entertaining, a tasty dinner hack or more, Black Swan has got you covered.


It was November 1985 that Black Swan began sharing delicious dips at the South Melbourne Market. Over 30 years on, our mission remains the same: Use the best possible produce to create bold flavours, tasty experiences, and best of all, bring people together.
Black Swan. The Start of Something Better.
Gluten Free",,,"Per 100g/ml
Per Serving
%DI
Energy
491kJ
49kJ
Protein
5.1g
0.5g
Total Fat
7.1g
0.7g
Saturated Fat
3.9g
0.4g
Carbohydrate
8.1g
0.8g
Sugars
7.9g
0.8g
Sodium
217mg
22mg
Gluten
ND (No detectable gluten)
ND (No detectable gluten)
* Percentage Daily Intakes are based on an average adult diet of 8700 kJ. Your daily intakes may be higher or lower depending on your energy needs.","Greek Style Yoghurt 80% (Reconstituted Milk, Cream Powder (Milk), Milk Solids, Emulsifier (452), Cultures), Lebanese Cucumber 13%, Vegetable Oil, Garlic Puree 1.5%, Salt, Thickeners (415, 1442), Preservatives (211, 202), White Pepper.",https://www.coles.com.au/product/black-swan-tzatziki-dip-200g-9580657,,,2024-06-17T11:24:57.354636-04:00
"Ind54SColes_ADairy, Eggs & Fridge_SADips & Pate_IObela Dip Hommus To Go Singles 3X60G | 180g",Obela Dip Hommus To Go Singles 3X60G | 180g,Obela,"Dairy, Eggs & Fridge",Dips & Pate,Dips,,$3.80,Pick any 2 for $6.50,,$2.11 per 100g,3049039,"Obela has taken their original smooth and creamy classic hommus and have put it in a super convenient snacking pack, great for lunch boxes or on the run. v Gluten Free v Source of Dietary Fibre v Plant Based v Smooth & Creamy v No Artificial Flavours or Colours",,,"Per 100g/ml
Per Serving
%DI
Energy
1050kJ
628kJ
Protein
7.9g
4.8g
Total Fat
18.1g
10.9g
Saturated Fat
2g
1.2g
Carbohydrate
9.3g
5.6g
Sugars
<1g
<1g
Sodium
535mg
321mg
Dietary Fibre (total)
5.6g
3.4g
Gluten
0mg
0mg
* Percentage Daily Intakes are based on an average adult diet of 8700 kJ. Your daily intakes may be higher or lower depending on your energy needs.",,https://www.coles.com.au/product/obela-dip-hommus-to-go-singles-3x60g-180g-3049039,,,2024-06-17T11:25:08.370576-04:00
"Ind54SColes_ADairy, Eggs & Fridge_SADips & Pate_IObela Dip Hommus Garnished Basil Pesto | 220g",Obela Dip Hommus Garnished Basil Pesto | 220g,Obela,"Dairy, Eggs & Fridge",Dips & Pate,Dips,,$3.85,,$5.50,$1.75 per 100g,6651034,,,,"Per 100g/ml
Per Serving
%DI
Energy
1010kJ
201kJ
Protein
7.9g
1.6g
Total Fat
16.7g
3.3g
Saturated Fat
1.9g
<1g
Carbohydrate
10.5g
2.1g
Sugars
1g
<1g
Sodium
511mg
102mg
Gluten
0mg
0mg
* Percentage Daily Intakes are based on an average adult diet of 8700 kJ. Your daily intakes may be higher or lower depending on your energy needs.",,https://www.coles.com.au/product/obela-dip-hommus-garnished-basil-pesto-220g-6651034,,,2024-06-17T11:25:19.513812-04:00
"Ind54SColes_ADairy, Eggs & Fridge_SA_IBlack Swan Dip Chunky Eggplant Fetta & Almond | 150g",Black Swan Dip Chunky Eggplant Fetta & Almond | 150g,Black Swan,"Dairy, Eggs & Fridge",,,,$4.00,,$5.00,$2.67 per 100g,6736964,"The perfect pairing of roasted eggplant, smooth fetta and crunchy almonds perfectly balanced with a pinch of herbs making this the perfect edition to any platter or spread onto a nice chunky slice of toasted rye - elevating your afternoon snack.

The Black Swan Chunky range feaures a texture rich dips which you can dip, dollop or stir into any meal to add that perfect finishing touch.
Gluten Free

Australian Made

Dip, Dollop or Stir",,,"Per 100g/ml
Per Serving
%DI
Energy
1130kJ
113kJ
Protein
6.7g
0.7g
Total Fat
23.8g
2.4g
Saturated Fat
2.8g
0.3g
Carbohydrate
6.4g
0.6g
Sugars
2.1g
0.2g
Sodium
440mg
44mg
Gluten
No detectable gluten
No detectable gluten
* Percentage Daily Intakes are based on an average adult diet of 8700 kJ. Your daily intakes may be higher or lower depending on your energy needs.",,https://www.coles.com.au/product/black-swan-dip-chunky-eggplant-fetta-and-almond-150g-6736964,,,2024-06-17T11:25:31.721629-04:00
"Ind54SColes_ADairy, Eggs & Fridge_SADips & Pate_INuffin Hommus Dip | 200g",Nuffin Hommus Dip | 200g,Nuffin,"Dairy, Eggs & Fridge",Dips & Pate,Dips,,$5.00,,,$2.50 per 100g,7757530,,,,,,https://www.coles.com.au/product/nuffin-hommus-dip-200g-7757530,,,2024-06-17T11:25:40.466898-04:00
"Ind54SColes_ADairy, Eggs & Fridge_SADips & Pate_IBlack Swan Dip Beetroot | 200g",Black Swan Dip Beetroot | 200g,Black Swan,"Dairy, Eggs & Fridge",Dips & Pate,Dips,,$4.00,Pick any 2 for $7,,$2.00 per 100g,6734903,"A vibrant blend of sweet beetroots and roasted chickpeas to create the most delicious dip that adds a burst of flavour and delight into every sweet sweet bite.

From Black Swan's vibrant market roots comes its trusted, delicious Favourites range; a celebration of fresh produce, an abundance of sensational flavours and a passion for creating and togetherness. Be it a morning spread, a platter for entertaining, a tasty dinner hack or more, Black Swan has got you covered.

It was November 1985 that Black Swan began sharing delicious dips at the South Melbourne Market. Over 30 years on, our mission remains the same: Use the best possible produce to create bold flavours, tasty experiences, and best of all, bring people together.
Black Swan. The Start of Something Better.
Australian Made

Gluten Free",,,"Per 100g/ml
Per Serving
%DI
Energy
907kJ
91kJ
Protein
5.2g
0.5g
Total Fat
13.9g
1.4g
Saturated Fat
1.2g
0.1g
Carbohydrate
17.7g
1.8g
Sugars
11.1g
1.1g
Sodium
424mg
42mg
Gluten
No detectable gluten
No detectable gluten
* Percentage Daily Intakes are based on an average adult diet of 8700 kJ. Your daily intakes may be higher or lower depending on your energy needs.","Sweet Beetroot 50% (Beetroot 65%, Water, Sugar, Acid (260), Salt, Flavours), Chickpeas 23%, Vegetable Oil, Beetroot Juice Concentrate 8.5%, Tahini (Sesame), Salt, Sugar, Acids (330, 260), Spices, Garlic Puree, Thickeners (415, 412), Preservatives (211, 202)",https://www.coles.com.au/product/black-swan-dip-beetroot-200g-6734903,,,2024-06-17T11:25:51.470917-04:00
"Ind54SColes_ADairy, Eggs & Fridge_SADips & Pate_IBlack Swan Dip Chunky Basil Pesto & Cashew | 150g",Black Swan Dip Chunky Basil Pesto & Cashew | 150g,Black Swan,"Dairy, Eggs & Fridge",Dips & Pate,Dips,,$4.00,,$5.00,$2.67 per 100g,6736931,"A beautiful blend of basil, creamy fetta and parmesan with the texture of crushed cashews making this the perfect edition to any platter or use as a pesto to stir through into pasta.

The Black Swan Chunky range feaures a texture rich dips which you can dip, dollop or stir into any meal to add that perfect finishing touch.
Gluten Free

Australian Made

Dip, Dollop or Stir",,,"Per 100g/ml
Per Serving
%DI
Energy
1140kJ
114kJ
Protein
5.7g
0.6g
Total Fat
23.8g
2.4g
Saturated Fat
3.9g
0.4g
Carbohydrate
8.6g
0.9g
Sugars
2.6g
0.3g
Sodium
474mg
47mg
Gluten
No detectable gluten
No detectable gluten
* Percentage Daily Intakes are based on an average adult diet of 8700 kJ. Your daily intakes may be higher or lower depending on your energy needs.",,https://www.coles.com.au/product/black-swan-dip-chunky-basil-pesto-and-cashew-150g-6736931,,,2024-06-17T11:26:02.451764-04:00
"Ind54SColes_ADairy, Eggs & Fridge_SADips & Pate_IBlack Swan Dip Batched Fetta Mint & Honey | 150g",Black Swan Dip Batched Fetta Mint & Honey | 150g,Black Swan,"Dairy, Eggs & Fridge",Dips & Pate,Dips,,$4.50,,$6.50,$3.00 per 100g,6738857,"Australian Made

Gluten Free",,,"Per 100g/ml
Per Serving
%DI
Energy
1310kJ
131kJ
Protein
9.3g
0.9g
Total Fat
27.7g
2.8g
Saturated Fat
10.8g
1.1g
Carbohydrate
7.5g
0.8g
Sugars
6.9g
0.7g
Sodium
679mg
68mg
Gluten
No detectable gluten
No detectable gluten
* Percentage Daily Intakes are based on an average adult diet of 8700 kJ. Your daily intakes may be higher or lower depending on your energy needs.","Fetta 39% (Milk, Vegetable Oil, Salt, Culture, Non-Animal Rennet), Cream Cheese (Milk, Cream (Milk), Salt, Thickeners (410, 412), Culture), Water, Vegetable Oil, Honey 6%, Sugar, Salt, Acid (330), Spice, Thickeners (412, 415), Preservatives (211, 202), Dried Mint 0.1%.",https://www.coles.com.au/product/black-swan-dip-batched-fetta-mint-and-honey-150g-6738857,,,2024-06-17T11:26:13.356321-04:00
"Ind54SColes_ADairy, Eggs & Fridge_SADips & Pate_IBlack Swan Avocado Dip | 200g",Black Swan Avocado Dip | 200g,Black Swan,"Dairy, Eggs & Fridge",Dips & Pate,Dips,,$4.00,Pick any 2 for $7,,$2.00 per 100g,5371939,"Fresh, zingy, and oh-so-flavourful! This dip has a smooth and creamy avocado base with a pinch of sea salt, crushed garlic, and a big squeeze of lemon juice. The perfect dressing for your tacos, or add a zing to your sandwhich.

From Black Swan's vibrant market roots comes its trusted, delicious Favourites range; a celebration of fresh produce, an abundance of sensational flavours and a passion for creating and togetherness. Be it a morning spread, a platter for entertaining, a tasty dinner hack or more, Black Swan has got you covered.

It was November 1985 that Black Swan began sharing delicious dips at the South Melbourne Market. Over 30 years on, our mission remains the same: Use the best possible produce to create bold flavours, tasty experiences, and best of all, bring people together.
Black Swan. The Start of Something Better.
Gluten Free

Australian Made

New Recipe",,,"Per 100g/ml
Per Serving
%DI
Energy
1140kJ
114kJ
Protein
5.2g
0.5g
Total Fat
25.3g
2.5g
Saturated Fat
9.0g
0.9g
Carbohydrate
5.9g
0.6g
Sugars
3.8g
0.4g
Sodium
327mg
33mg
Gluten
ND (No detectable gluten)
ND (No detectable gluten)
* Percentage Daily Intakes are based on an average adult diet of 8700 kJ. Your daily intakes may be higher or lower depending on your energy needs.",,https://www.coles.com.au/product/black-swan-avocado-dip-200g-5371939,,,2024-06-17T11:26:26.019083-04:00
"Ind54SColes_ADairy, Eggs & Fridge_SADips & Pate_IFresh Fodder Greek Style Tzatziki Dip | 200g",Fresh Fodder Greek Style Tzatziki Dip | 200g,Fresh,"Dairy, Eggs & Fridge",Dips & Pate,Dips,,$5.40,,,$2.70 per 100g,3349870,"Thick and creamy...

Made with thick creamy yoghurt and the freshest of herbs, it's the perfect snack, a delicious dressing or garnish and works just well with lamb as it does on a carrot stick! The options are endless!",,,,"Yoghurt (85%) [Whole Milk, Milk Solids, Live Probiotic Cultures), Cucumber, Lemon Juice Concentrate, Salt, Vegetable Gum (466), Herbs, Preservative (202), Garlic.",https://www.coles.com.au/product/fresh-fodder-greek-style-tzatziki-dip-200g-3349870,,,2024-06-17T11:26:35.724396-04:00
"Ind54SColes_ADairy, Eggs & Fridge_SADips & Pate_IObela Beetroot And Hommus | 220g",Obela Beetroot And Hommus | 220g,Obela,"Dairy, Eggs & Fridge",Dips & Pate,Dips,,$3.85,,$5.50,$1.75 per 100g,2599250,"The Obela Sweet Beetroot Hommus Dip is made with a delicious combination of sweet fresh beets and savoury chickpea, to create a smooth and creamy texture.
Gluten Free, dairy free, no artificial colours, no artificial flavours",,,"Per 100g/ml
Per Serving
%DI
Energy
980kJ
196kJ
Protein
6.4g
1.3g
Total Fat
16.6g
3.3g
Saturated Fat
1.8g
<1g
Carbohydrate
11.1g
2.2g
Sugars
3.6g
<1g
Sodium
328mg
66mg
Gluten
0mg
0mg
* Percentage Daily Intakes are based on an average adult diet of 8700 kJ. Your daily intakes may be higher or lower depending on your energy needs.",,https://www.coles.com.au/product/obela-beetroot-and-hommus-220g-2599250,,,2024-06-17T11:26:47.177659-04:00
"Ind54SColes_ADairy, Eggs & Fridge_SADips & Pate_IPilpel Dip Taramosalata | 310g",Pilpel Dip Taramosalata | 310g,Pilpel,"Dairy, Eggs & Fridge",Dips & Pate,Dips,,$6.50,,,$2.10 per 100g,6130520,"As authentic as the Mediterranean Sea is wet, our perfectly blended taramosalata gives you a few clues straight up. The first is its name - with that O (instead of A) harking back to a traditional way of doing things. The second is the wonderfully pink colour. Lastly, we use a unique blend of quality sunflower oil and extra virgin olive oil to create an incomparable light, smooth texture. Dairy free and gluten free, this spreadable standard has a saltier, zestier taste - but once you taste it, you won't go back!",,,"Per 100g/ml
Per Serving
%DI
Energy
2370
474
Protein
2.5
0.5
Total Fat
62.3
12.5
Saturated Fat
6.8
1.4
Carbohydrate
0.9
0.2
Sugars
0.9
0.2
Sodium
848
170
Energy (Cal)
564
112
Dietary Fibre (total)
1.5
0.3
Trans
0.1
0.0
* Percentage Daily Intakes are based on an average adult diet of 8700 kJ. Your daily intakes may be higher or lower depending on your energy needs.","Sunflower oil, tarama paste (13%) [cod roe (fish), salt, sugar, soy flour, salt, water, colour (124), stabilister (466), preservative (202)], water, lemon juice, extra virgin olive oil, onion, preservative (202).",https://www.coles.com.au/product/pilpel-dip-taramosalata-310g-6130520,,,2024-06-17T11:26:59.127775-04:00
"Ind54SColes_ADairy, Eggs & Fridge_SADips & Pate_IYumi's Sweet Potato & Roasted Cashews Dip | 200g",Yumi's Sweet Potato & Roasted Cashews Dip | 200g,Yumis,"Dairy, Eggs & Fridge",Dips & Pate,Dips,,$4.50,,,$2.25 per 100g,6008650,"A delightful taste sensation, and one of the lighter dips in the Yumi's range. Combines subtle fresh tasting coriander and finely chopped cashews in a base of sweet potato for a mild chunky delicious dip.",,,"Per 100g/ml
Per Serving
%DI
Energy
1160kJ
232kJ
Protein
3.7g
0.7g
Total Fat
21g
4.2g
Saturated Fat
2.4g
0.5g
Carbohydrate
18.1g
3.6g
Sugars
8.3g
1.7g
Sodium
394mg
79mg
* Percentage Daily Intakes are based on an average adult diet of 8700 kJ. Your daily intakes may be higher or lower depending on your energy needs.","Sweet Potato (46%), Water, Cashew (16%), Canola Oil, Egg, Brown Sugar, Salt, Turmeric, Food Acid (Acetic Acid), Garlic, Coriander, Sugar, Preservative (202), Pepper, Mustard.",https://www.coles.com.au/product/yumi's-sweet-potato-and-roasted-cashews-dip-200g-6008650,,,2024-06-17T11:27:10.430971-04:00
"Ind54SColes_ADairy, Eggs & Fridge_SADips & Pate_IYumi's Choice Dip Rocket & Basil Pesto With Roasted Almonds | 150g",Yumi's Choice Dip Rocket & Basil Pesto With Roasted Almonds | 150g,Yumis,"Dairy, Eggs & Fridge",Dips & Pate,Dips,,$5.00,,,$3.33 per 100g,5942279,A deliciously fresh blend of rocket and basil combined with roasted almond for a classic green pesto.,,,"Per 100g/ml
Per Serving
%DI
Energy
1470kJ
347kJ
Protein
5.9g
1.2g
Total Fat
40g
8g
Saturated Fat
3.5g
0.7g
Carbohydrate
7.7g
1.5g
Sugars
2.8g
0.6g
Sodium
440mg
88mg
* Percentage Daily Intakes are based on an average adult diet of 8700 kJ. Your daily intakes may be higher or lower depending on your energy needs.",,https://www.coles.com.au/product/yumi's-choice-dip-rocket-and-basil-pesto-with-roasted-almonds-150g-5942279,,,2024-06-17T11:27:21.926180-04:00
"Ind54SColes_ADairy, Eggs & Fridge_SADips & Pate_IYumi's Green Olive Dip | 200g",Yumi's Green Olive Dip | 200g,Yumis,"Dairy, Eggs & Fridge",Dips & Pate,Dips,,$4.50,,,$2.25 per 100g,8670903,Many consider this to be one of their favorite dips. Combining the goodness of green olives blended through a creamy whole egg mayonnaise resulting in a creamy yet zesty flavoursome dip.,,,"Per 100g/ml
Per Serving
%DI
Energy
1880kJ
376kJ
Protein
1.2g
0.2g
Total Fat
47.2g
9.4g
Saturated Fat
3.6g
0.7g
Carbohydrate
4.9g
1g
Sugars
0.8g
0.2g
Sodium
798mg
160mg
* Percentage Daily Intakes are based on an average adult diet of 8700 kJ. Your daily intakes may be higher or lower depending on your energy needs.","Green Olive (50%), Canola Oil, Egg, Sugar, Salt, Food Acid (Acetic Acid), Mustard.",https://www.coles.com.au/product/yumi's-green-olive-dip-200g-8670903,,,2024-06-17T11:27:34.158294-04:00
"Ind54SColes_ADairy, Eggs & Fridge_SADips & Pate_IBlack Swan Spicy Capsicum Dip | 200g",Black Swan Spicy Capsicum Dip | 200g,Black Swan,"Dairy, Eggs & Fridge",Dips & Pate,Dips,,$4.00,Pick any 2 for $7,,$2.00 per 100g,7604867,"Our Spicy Capsicum dip combines fresh red capsicums with a punchy hit of chilli to create creaminess and heat all at once. An exciting new addition to a picnic, or enjoy as a spread for a twist on brunch.

From Black Swan's market roots comes its trusted and delicious Favourites range; a celebration of fresh produce, an abundance of sensational flavours and a passion for creating and togetherness. Be it a morning spread, a platter for entertaining, a tasty dinner hack or more, Black Swan has got you covered.

It was November 1985 that Black Swan began sharing delicious dips at the South Melbourne Market. Over 30 years on, our mission remains the same: Use the best possible produce to create bold flavours, tasty experiences, and best of all, bring people together.
Black Swan. The Start of Something Better.
Gluten Free",,,"Per 100g/ml
Per Serving
%DI
Energy
897kJ
89kJ
Protein
4.8g
0.5g
Total Fat
19.3g
1.9g
Saturated Fat
8.7g
0.9g
Carbohydrate
5.3g
0.5g
Sugars
3.8g
0.4g
Sodium
515mg
52mg
Gluten
ND (No detectable gluten)
ND (No detectable gluten)
* Percentage Daily Intakes are based on an average adult diet of 8700 kJ. Your daily intakes may be higher or lower depending on your energy needs.","Cream Cheese 35% (Milk, Cream (Milk), Salt, Thickeners (410, 412), Culture), Yoghurt (Reconstituted Milk, Cream Powder (Milk), Milk Solids, Emulsifier (452), Cultures), Red Capsicum 20%, Water, Vegetable Oil, Onion, Salt, Natural Corn Starch, Garlic Puree, Spices (includes Chilli 0.2%), Acids (270, 260), Thickener (415), Preservatives (211, 202), Colour (160c).",https://www.coles.com.au/product/black-swan-spicy-capsicum-dip-200g-7604867,,,2024-06-17T11:27:45.433741-04:00
"Ind54SColes_ADairy, Eggs & Fridge_SADips & Pate_IYumi's Mexican Bean with a Hint of Chilli Dip | 200g",Yumi's Mexican Bean with a Hint of Chilli Dip | 200g,Yumis,"Dairy, Eggs & Fridge",Dips & Pate,Dips,,$4.50,,,$2.25 per 100g,5937417,"Red beans and tomato combined with jalapeno, chilli, coriander and cumin to deliver a Mexican inspired twist on the hommus you love.
Perfect with corn chips or tacos and try adding a dash of Yumi's Choice Guacamole to complete your experience!",,,,,https://www.coles.com.au/product/yumi's-mexican-bean-with-a-hint-of-chilli-dip-200g-5937417,,,2024-06-17T11:27:57.016737-04:00
"Ind54SColes_ADairy, Eggs & Fridge_SADips & Pate_IColes Hommus Dip | 200g",Coles Hommus Dip | 200g,Coles,"Dairy, Eggs & Fridge",Dips & Pate,Dips,,$2.40,,,$1.20 per 100g,6530721,"Coles Dairy free hummus dip, 200g. A vegetarian and gluten free dip. Perfect for spreading onto a sandwich or wrap. Serve with fresh vegetables and pita.",,,,,https://www.coles.com.au/product/coles-hommus-dip-200g-6530721,,,2024-06-17T11:28:09.607394-04:00
"Ind54SColes_ADairy, Eggs & Fridge_SADips & Pate_IBlack Swan Dip Roasted Garlic | 200g",Black Swan Dip Roasted Garlic | 200g,Black Swan,"Dairy, Eggs & Fridge",Dips & Pate,Dips,,$4.00,Pick any 2 for $7,,$2.00 per 100g,6734890,"A delightful blend of aromatic garlic and oil to create a creamy Roasted Garlic dip that can be enjoyed on its on or spread a generous dollop for a burst of flavour.

From Black Swan's vibrant market roots comes its trusted, delicious Favourites range; a celebration of fresh produce, an abundance of sensational flavours and a passion for creating and togetherness. Be it a morning spread, a platter for entertaining, a tasty dinner hack or more, Black Swan has got you covered.

It was November 1985 that Black Swan began sharing delicious dips at the South Melbourne Market. Over 30 years on, our mission remains the same: Use the best possible produce to create bold flavours, tasty experiences, and best of all, bring people together.
Black Swan. The Start of Something Better.
Australian Made

Gluten Free",,,,,https://www.coles.com.au/product/black-swan-dip-roasted-garlic-200g-6734890,,,2024-06-17T11:28:21.321531-04:00
"Ind54SColes_ADairy, Eggs & Fridge_SADairy, chilled & frozen_IChris' Plant Based Dip Guacamole | 200g",Chris' Plant Based Dip Guacamole | 200g,Chris,"Dairy, Eggs & Fridge","Dairy, chilled & frozen",Spreads & dips,,$3.00,,,"$1.50 per 100g
Was $3.50 on Apr 2024",3783378,,,,,,https://www.coles.com.au/product/chris'-plant-based-dip-guacamole-200g-3783378,,,2024-06-17T11:28:33.985577-04:00
"Ind54SColes_ADairy, Eggs & Fridge_SACheese_IMaggie Beer Quince & Champagne Paste | 100g",Maggie Beer Quince & Champagne Paste | 100g,Maggie Beer,"Dairy, Eggs & Fridge",Cheese,Pates & platters,,$6.30,,,$6.30 per 100g,4959389,"Create the most delicious platter by pairing your favourite cheeses with Maggie Beer's Quince & Champagne Paste.
This fruit paste combines the beautiful flavour of Australian quince, delicate notes of Champagne and crisp acidity from Australian Seville oranges.
It makes for the perfect accompaniment to a luscious Triple Cream Brie or Camembert.
Made with 100% Australian quinces, it has a distinctive flavour that's sure to impress a lover of gourmet food.",,,,,https://www.coles.com.au/product/maggie-beer-quince-and-champagne-paste-100g-4959389,,,2024-06-17T11:28:48.996457-04:00
"Ind54SColes_ADairy, Eggs & Fridge_SADips & Pate_IFresh Fodder Greek Style Tzatziki Dip | 200g",Fresh Fodder Greek Style Tzatziki Dip | 200g,Fresh,"Dairy, Eggs & Fridge",Dips & Pate,Dips,,$5.40,,,$2.70 per 100g,3349870,"Thick and creamy...

Made with thick creamy yoghurt and the freshest of herbs, it's the perfect snack, a delicious dressing or garnish and works just well with lamb as it does on a carrot stick! The options are endless!",,,,"Yoghurt (85%) [Whole Milk, Milk Solids, Live Probiotic Cultures), Cucumber, Lemon Juice Concentrate, Salt, Vegetable Gum (466), Herbs, Preservative (202), Garlic.",https://www.coles.com.au/product/fresh-fodder-greek-style-tzatziki-dip-200g-3349870,,,2024-06-17T16:08:17.819548-04:00
"Ind54SColes_ADairy, Eggs & Fridge_SA_IBlack Swan Dip Reduced Fat Hommus | 200g",Black Swan Dip Reduced Fat Hommus | 200g,Black Swan,"Dairy, Eggs & Fridge",,,,$4.00,Pick any 2 for $7,,$2.00 per 100g,6618607,"Australian chickpeas, crushed garlic, and a squeeze of lemon juice make this Hommus deliciously smooth and creamy with an added zesty kick. The perfect choice for versatility - spread, dip, mix or use as a dressing. Reduced Fat, high in flavour!

From Black Swan's vibrant market roots comes its trusted, delicious Favourites range; a celebration of fresh produce, an abundance of sensational flavours and a passion for creating and togetherness. Be it a morning spread, a platter for entertaining, a tasty dinner hack or more, Black Swan has got you covered.


It was November 1985 that Black Swan began sharing delicious dips at the South Melbourne Market. Over 30 years on, our mission remains the same: Use the best possible produce to create bold flavours, tasty experiences, and best of all, bring people together.
Black Swan. The Start of Something Better.
Gluten Free

Australian Made",,,"Per 100g/ml
Per Serving
%DI
Energy
791kJ
79kJ
Protein
5.7g
0.6g
Total Fat
11.8g
1.2g
Saturated Fat
1.1g
0.1g
Carbohydrate
12.4g
1.2g
Sugars
2.8g
0.3g
Sodium
378mg
38mg
Gluten
ND (No detectable gluten)
ND (No detectable gluten)
* Percentage Daily Intakes are based on an average adult diet of 8700 kJ. Your daily intakes may be higher or lower depending on your energy needs.",,https://www.coles.com.au/product/black-swan-dip-reduced-fat-hommus-200g-6618607,,,2024-06-17T16:08:28.856537-04:00
"Ind54SColes_ADairy, Eggs & Fridge_SADips & Pate_IColes French Onion Dip | 200g",Coles French Onion Dip | 200g,Coles,"Dairy, Eggs & Fridge",Dips & Pate,Dips,,$2.40,,,$1.20 per 100g,6530743,"Coles Dairy French onion dip, 200g. A ready to eat, vegetarian friendly, gluten free dip perfect for entertaining or snacking alongside your favourite cracker.",,,"Per 100g/ml
Per Serving
%DI
Energy
761.80
304.72
Protein
4.60
1.84
Carbohydrate
7.70
3.08
Sugars
2.80
1.12
Sodium
260.00
104.00
Saturated
7.40
2.96
Energy (Cal)
182.25
72.90
Fat
14.70
5.88
Dietary Fibre (total)
1.10
0.44
Gluten
0.00
0.00
Trans
0.50
0.20
* Percentage Daily Intakes are based on an average adult diet of 8700 kJ. Your daily intakes may be higher or lower depending on your energy needs.",,https://www.coles.com.au/product/coles-french-onion-dip-200g-6530743,,,2024-06-17T16:08:40.073274-04:00
"Ind54SColes_ADairy, Eggs & Fridge_SADips & Pate_IYumi's Rocket Pesto Hommus Dip | 200g",Yumi's Rocket Pesto Hommus Dip | 200g,Yumis,"Dairy, Eggs & Fridge",Dips & Pate,Dips,,$4.50,,,$2.25 per 100g,3776758,"If you enjoy hommus, you will be delighted with this delicious flavour variation. Yumi's ever-popular hommus dips have been blended with Rocket & Almond Pesto to make this delicious taste sensation.",,,"Per 100g/ml
Per Serving
%DI
Energy
1420kJ
285kJ
Protein
7.6g
1.5g
Total Fat
25.4g
5.1g
Saturated Fat
2.3g
0.5g
Carbohydrate
16.6g
3.3g
Sugars
0.6g
0.1g
Sodium
421mg
84mg
* Percentage Daily Intakes are based on an average adult diet of 8700 kJ. Your daily intakes may be higher or lower depending on your energy needs.",,https://www.coles.com.au/product/yumi's-rocket-pesto-hommus-dip-200g-3776758,,,2024-06-17T16:08:51.637388-04:00
"Ind54SColes_ADairy, Eggs & Fridge_SADairy, chilled & frozen_IChris' Plant Based Dip Three Olive | 200g",Chris' Plant Based Dip Three Olive | 200g,Chris,"Dairy, Eggs & Fridge","Dairy, chilled & frozen",Spreads & dips,,$3.00,,,"$1.50 per 100g
Was $3.50 on Apr 2024",5936720,,,,"Per 100g/ml
Per Serving
%DI
Energy
1728kJ
347kJ
Protein
1.4g
0.3g
Total Fat
45.1g
9g
Saturated Fat
3.7g
0.7g
Carbohydrate
0.8g
0.2g
Sugars
0.8g
0.2g
Sodium
714mg
143mg
Dietary Fibre (total)
3.3g
0.7g
Gluten
Undetected
Undetected
* Percentage Daily Intakes are based on an average adult diet of 8700 kJ. Your daily intakes may be higher or lower depending on your energy needs.",,https://www.coles.com.au/product/chris'-plant-based-dip-three-olive-200g-5936720,,,2024-06-17T16:09:03.116676-04:00
"Ind54SColes_ADairy, Eggs & Fridge_SADips & Pate_IBlack Swan Dip Beetroot | 200g",Black Swan Dip Beetroot | 200g,Black Swan,"Dairy, Eggs & Fridge",Dips & Pate,Dips,,$4.00,Pick any 2 for $7,,$2.00 per 100g,6734903,"A vibrant blend of sweet beetroots and roasted chickpeas to create the most delicious dip that adds a burst of flavour and delight into every sweet sweet bite.

From Black Swan's vibrant market roots comes its trusted, delicious Favourites range; a celebration of fresh produce, an abundance of sensational flavours and a passion for creating and togetherness. Be it a morning spread, a platter for entertaining, a tasty dinner hack or more, Black Swan has got you covered.

It was November 1985 that Black Swan began sharing delicious dips at the South Melbourne Market. Over 30 years on, our mission remains the same: Use the best possible produce to create bold flavours, tasty experiences, and best of all, bring people together.
Black Swan. The Start of Something Better.
Australian Made

Gluten Free",,,"Per 100g/ml
Per Serving
%DI
Energy
907kJ
91kJ
Protein
5.2g
0.5g
Total Fat
13.9g
1.4g
Saturated Fat
1.2g
0.1g
Carbohydrate
17.7g
1.8g
Sugars
11.1g
1.1g
Sodium
424mg
42mg
Gluten
No detectable gluten
No detectable gluten
* Percentage Daily Intakes are based on an average adult diet of 8700 kJ. Your daily intakes may be higher or lower depending on your energy needs.",,https://www.coles.com.au/product/black-swan-dip-beetroot-200g-6734903,,,2024-06-17T16:09:14.277529-04:00
"Ind54SColes_ADairy, Eggs & Fridge_SADips & Pate_IRed Rock Deli Dip Singles Caramelised French Onion 3X50G | 150g",Red Rock Deli Dip Singles Caramelised French Onion 3X50G | 150g,Red Rock Deli,"Dairy, Eggs & Fridge",Dips & Pate,Dips,,$4.50,Pick any 2 for $6.50,,$3.00 per 100g,4954487,Red Rock Deli Dip Singles Caramelised French Onion 3x50g 150g. A loved flavour from Red Rock Dips now available in a convenient single serve snack pack. Try paired with your favourite cheeses and Red Rock Deli Gourmet Crackers for an elevated deli snack experience.,,,,,https://www.coles.com.au/product/red-rock-deli-dip-singles-caramelised-french-onion-3x50g-150g-4954487,,,2024-06-17T16:09:23.305867-04:00
"Ind54SColes_ADairy, Eggs & Fridge_SADips & Pate_IYumi's Roasted Beetroot Dip | 200g",Yumi's Roasted Beetroot Dip | 200g,Yumis,"Dairy, Eggs & Fridge",Dips & Pate,Dips,,$4.50,,,$2.25 per 100g,8670947,"Roasted beetroot dip for a surprise taste sensation! Yumi's showcases how the great taste of beetroot can be enjoyed as a tasty, mildly sweet, and flavoursome dip. Packed with beetroot we have lovingly roasted in our ovens. Celebrate the rich and slightly sweet flavour of beetroot, while enjoying the incredible colour that using real beetroots can deliver.",,,"Per 100g/ml
Per Serving
%DI
Energy
875kJ
175kJ
Protein
5.2g
1g
Total Fat
15.8g
3.2g
Saturated Fat
1.7g
0.3g
Carbohydrate
9.9g
2g
Sugars
8.2g
1.6g
Sodium
605mg
121mg
* Percentage Daily Intakes are based on an average adult diet of 8700 kJ. Your daily intakes may be higher or lower depending on your energy needs.",,https://www.coles.com.au/product/yumi's-roasted-beetroot-dip-200g-8670947,,,2024-06-17T16:09:35.186270-04:00
"Ind54SColes_ADairy, Eggs & Fridge_SADips & Pate_IBlack Swan Crafted Guacamole Dip | 170g",Black Swan Crafted Guacamole Dip | 170g,Black Swan,"Dairy, Eggs & Fridge",Dips & Pate,Dips,,$4.60,,,$2.71 per 100g,5559546,"Our Black Swan Crafted Guacamole combines the creamy, buttery goodness of avocado with a hint of jalapeno zing. Smooth, zesty, and delicious!",,,"Per 100g/ml
Per Serving
%DI
Energy
698kJ
70kJ
Protein
2.6g
0.3g
Total Fat
12.5g
1.3g
Saturated Fat
4.5g
0.5g
Carbohydrate
10.3g
1.0g
Sugars
3.7g
0.4g
Sodium
662mg
66mg
Gluten
ND (No detectable gluten)
ND (No detectable gluten)
* Percentage Daily Intakes are based on an average adult diet of 8700 kJ. Your daily intakes may be higher or lower depending on your energy needs.",,https://www.coles.com.au/product/black-swan-crafted-guacamole-dip-170g-5559546,,,2024-06-17T16:09:47.406696-04:00
"Ind54SColes_ADairy, Eggs & Fridge_SA_IBlack Swan Dip Roasted Garlic | 200g",Black Swan Dip Roasted Garlic | 200g,Black Swan,"Dairy, Eggs & Fridge",,,,$4.00,Pick any 2 for $7,,$2.00 per 100g,6734890,"A delightful blend of aromatic garlic and oil to create a creamy Roasted Garlic dip that can be enjoyed on its on or spread a generous dollop for a burst of flavour.

From Black Swan's vibrant market roots comes its trusted, delicious Favourites range; a celebration of fresh produce, an abundance of sensational flavours and a passion for creating and togetherness. Be it a morning spread, a platter for entertaining, a tasty dinner hack or more, Black Swan has got you covered.

It was November 1985 that Black Swan began sharing delicious dips at the South Melbourne Market. Over 30 years on, our mission remains the same: Use the best possible produce to create bold flavours, tasty experiences, and best of all, bring people together.
Black Swan. The Start of Something Better.
Australian Made

Gluten Free",,,"Per 100g/ml
Per Serving
%DI
Energy
1860kJ
186kJ
Protein
0.9g
0.1g
Total Fat
47.6g
4.8g
Saturated Fat
3.5g
0.4g
Carbohydrate
4.8g
0.5g
Sugars
1.3g
0.1g
Sodium
636mg
64mg
Gluten
ND (No detectable gluten)
ND (No detectable gluten)
* Percentage Daily Intakes are based on an average adult diet of 8700 kJ. Your daily intakes may be higher or lower depending on your energy needs.",,https://www.coles.com.au/product/black-swan-dip-roasted-garlic-200g-6734890,,,2024-06-17T16:09:59.296367-04:00
"Ind54SColes_ADairy, Eggs & Fridge_SADips & Pate_IBlack Swan Spicy Capsicum Dip | 200g",Black Swan Spicy Capsicum Dip | 200g,Black Swan,"Dairy, Eggs & Fridge",Dips & Pate,Dips,,$4.00,Pick any 2 for $7,,$2.00 per 100g,7604867,"Our Spicy Capsicum dip combines fresh red capsicums with a punchy hit of chilli to create creaminess and heat all at once. An exciting new addition to a picnic, or enjoy as a spread for a twist on brunch.

From Black Swan's market roots comes its trusted and delicious Favourites range; a celebration of fresh produce, an abundance of sensational flavours and a passion for creating and togetherness. Be it a morning spread, a platter for entertaining, a tasty dinner hack or more, Black Swan has got you covered.

It was November 1985 that Black Swan began sharing delicious dips at the South Melbourne Market. Over 30 years on, our mission remains the same: Use the best possible produce to create bold flavours, tasty experiences, and best of all, bring people together.
Black Swan. The Start of Something Better.
Gluten Free",,,"Per 100g/ml
Per Serving
%DI
Energy
897kJ
89kJ
Protein
4.8g
0.5g
Total Fat
19.3g
1.9g
Saturated Fat
8.7g
0.9g
Carbohydrate
5.3g
0.5g
Sugars
3.8g
0.4g
Sodium
515mg
52mg
Gluten
ND (No detectable gluten)
ND (No detectable gluten)
* Percentage Daily Intakes are based on an average adult diet of 8700 kJ. Your daily intakes may be higher or lower depending on your energy needs.",,https://www.coles.com.au/product/black-swan-spicy-capsicum-dip-200g-7604867,,,2024-06-17T16:10:10.713215-04:00
"Ind54SColes_ADairy, Eggs & Fridge_SAEggs_ISunny Queen Free Range X Large Eggs 6 pack | 350g",Sunny Queen Free Range X Large Eggs 6 pack | 350g,Sunny Queen,"Dairy, Eggs & Fridge",Eggs,Free range eggs,,$4.20,,,$1.20 per 100g,5484210,"Our smiley Free Range eggs are laid by happy country hens on farms with a maximum outdoor density of 1500 hens per hectare. That's over 6 times more space than the Australian National Free Range Standard Limit and lots of room to roam, peck and play with their friends during the day! At night they sleep inside where they are safe from other animals and harsh weather.
Our farms are independently audited, so you can feel confident that the hens laying your eggs are well cared for, and only the best quality golden-yolked Free Range eggs make it to your table to Make Every Day Sunny! All our eggs come in 100% biodegradable and compostable egg cartons.
We're proudly farmed by Aussie families with over 50 years of eggs-perience delivering nutritious food from our farms to your table.",,,"Per 100g/ml
Per Serving
%DI
Energy
596.6kJ
620.46kJ
Protein
12.2g
12.69g
Total Fat
9.9g
10.3g
Saturated Fat
3.3g
3.43g
Carbohydrate
1.3g
1.35g
Sugars
0.3g
0.31g
Sodium
136mg
141.44mg
* Percentage Daily Intakes are based on an average adult diet of 8700 kJ. Your daily intakes may be higher or lower depending on your energy needs.",,https://www.coles.com.au/product/sunny-queen-free-range-x-large-eggs-6-pack-350g-5484210,,,2024-06-17T16:11:46.119355-04:00
"Ind54SColes_ADairy, Eggs & Fridge_SAEggs_IPace Farm Natural Living Eggs Free Range 12 pack | 800g",Pace Farm Natural Living Eggs Free Range 12 pack | 800g,Pace Farm,"Dairy, Eggs & Fridge",Eggs,Free range eggs,,$8.75,,,$1.09 per 100g,8736885,"The enjoyable egg
Since 1985, Pace Farm has been proud to provide Australian families with our free range eggs. Our girls welfare is always top of mind, hence our free range hens enjoy access to the great outdoors the way nature intended, ranging at less than ten thousand birds per hectare on the outdoor range which is less than one bird per square metre. Our happy hens lay premium eggs, rich in flavour and wholesome goodness.
From our family to yours",,,"Per 100g/ml
Per Serving
%DI
Energy
596kJ
703kJ
Protein
12.2g
14.4g
Total Fat
9.9g
11.7g
Saturated Fat
3.3g
3.9g
Carbohydrate
1.3g
1.5g
Sugars
0.3g
0.4g
Sodium
136mg
160mg
Vitamin B12
0.3ug
0.4ug
20%
Trans
0g
0g
* Percentage Daily Intakes are based on an average adult diet of 8700 kJ. Your daily intakes may be higher or lower depending on your energy needs.",,https://www.coles.com.au/product/pace-farm-natural-living-eggs-free-range-12-pack-800g-8736885,,,2024-06-17T16:11:57.059940-04:00
"Ind54SColes_ADairy, Eggs & Fridge_SAEggs_ISunny Queen Free Range Extra Large Eggs 12 pack | 700g",Sunny Queen Free Range Extra Large Eggs 12 pack | 700g,Sunny Queen,"Dairy, Eggs & Fridge",Eggs,Free range eggs,,$7.20,,,$1.03 per 100g,5417789,"Our smiley Free Range eggs are laid by happy country hens on farms with a maximum outdoor density of 1500 hens per hectare. That's over 6 times more space than the Australian National Free Range Standard Limit and lots of room to roam, peck and play with their friends during the day! At night they sleep inside where they are safe from other animals and harsh weather.
Our farms are independently audited, so you can feel confident that the hens laying your eggs are well cared for, and only the best quality golden-yolked Free Range eggs make it to your table to Make Every Day Sunny! All our eggs come in 100% biodegradable and compostable egg cartons.
We're proudly farmed by Aussie families with over 50 years of eggs-perience delivering nutritious food from our farms to your table.",,,"Per 100g/ml
Per Serving
%DI
Energy
596kJ
620.46kJ
Protein
12.2g
12.69g
Total Fat
9.9g
10.3g
Saturated Fat
3.3g
3.43g
Carbohydrate
1.3g
1.35g
Sugars
0.3g
0.31g
Sodium
136mg
141.44mg
* Percentage Daily Intakes are based on an average adult diet of 8700 kJ. Your daily intakes may be higher or lower depending on your energy needs.",,https://www.coles.com.au/product/sunny-queen-free-range-extra-large-eggs-12-pack-700g-5417789,,,2024-06-17T16:12:09.210307-04:00
"Ind54SColes_ADairy, Eggs & Fridge_SA_IAngas Park Australian Pitted Prunes | 500g",Angas Park Australian Pitted Prunes | 500g,Angas Park,"Dairy, Eggs & Fridge",,,,$8.50,,,$17.00 per 1kg,7050324,"Angas Park Australian Pitted Prunes, 500g. Deliciously sweet, juicy and make a nutritious snack that is a source of dietary fibre. Proudly 100% Australian grown, they are picked at their peak then meticulously dried-hallmarks of the finest dried fruit. Bite into one and rest assured you've discovered the very best.",,,,,https://www.coles.com.au/product/angas-park-australian-pitted-prunes-500g-7050324,,,2024-06-17T16:12:18.373269-04:00
"Ind54SColes_ADairy, Eggs & Fridge_SAEggs_ISunny Queen Cage Free Large Eggs 18 pack | 900g",Sunny Queen Cage Free Large Eggs 18 pack | 900g,Sunny Queen,"Dairy, Eggs & Fridge",Eggs,Barn eggs,,$7.95,,,$0.88 per 100g,8946775,"Our smiley Cage Free eggs are laid by happy hens lovingly raised inside large barns with plenty of room to play! They are comfortable in these large barns while being able to flap their wings, socialise, and perch. Cosy nesting boxes are at the ready so they can lay their eggs in comfort and privacy whenever they like.
Our farms are independently audited, so you can feel confident that the hens laying your eggs are well cared for, and only the best quality golden-yolked Cage Free eggs make it to your table to Make Every Day Sunny! All our eggs come in 100% biodegradable and compostable egg cartons.
We're proudly farmed by Aussie families with over 50 years of eggs-perience delivering nutritious food from our farms to your table.",,,"Per 100g/ml
Per Serving
%DI
Energy
596kJ
536kJ
Protein
12.2g
11g
Total Fat
9.9g
8.9g
Saturated Fat
3.3g
3g
Carbohydrate
1.3g
1.2g
Sugars
0.3g
0.3g
Sodium
136mg
122mg
* Percentage Daily Intakes are based on an average adult diet of 8700 kJ. Your daily intakes may be higher or lower depending on your energy needs.",,https://www.coles.com.au/product/sunny-queen-cage-free-large-eggs-18-pack-900g-8946775,,,2024-06-17T16:12:31.302162-04:00
"Ind54SColes_ADairy, Eggs & Fridge_SAEggs_IMornington Peninsula Free Range Eggs 12 Pack | 600g",Mornington Peninsula Free Range Eggs 12 Pack | 600g,Mornington Peninsula,"Dairy, Eggs & Fridge",Eggs,Free range eggs,,$7.00,,,$1.17 per 100g,7068997,,,,,,https://www.coles.com.au/product/mornington-peninsula-free-range-eggs-12-pack-600g-7068997,,,2024-06-17T16:12:40.240449-04:00
"Ind54SColes_ADairy, Eggs & Fridge_SAEggs_IColes Jumbo Free Range Eggs 12 Pack | 800g",Coles Jumbo Free Range Eggs 12 Pack | 800g,Coles,"Dairy, Eggs & Fridge",Eggs,Free range eggs,,$6.20,,,$0.78 per 100g,1034234,"When Coles Brand says Free Range, it Means: a maximum of 10,000 hens per hectare outdoors.",,,"Per 100g/ml
Per Serving
%DI
Energy
596.60
703.99
Protein
12.20
14.40
Carbohydrate
1.30
1.53
Sugars
0.30
0.35
Sodium
136.00
160.48
Saturated
3.30
3.89
Energy (Cal)
142.73
168.42
Fat
9.90
11.68
Dietary Fibre (total)
0.10
0.12
Iron
1.60
1.89
Vitamin B12
0.30
0.35
Folate
93.00
109.74
* Percentage Daily Intakes are based on an average adult diet of 8700 kJ. Your daily intakes may be higher or lower depending on your energy needs.",,https://www.coles.com.au/product/coles-jumbo-free-range-eggs-12-pack-800g-1034234,,,2024-06-17T16:12:51.493383-04:00
"Ind54SColes_ADairy, Eggs & Fridge_SAEggs_IYarra Valley Free Range Eggs 12 Pack | 700g",Yarra Valley Free Range Eggs 12 Pack | 700g,Yarra Valley,"Dairy, Eggs & Fridge",Eggs,Free range eggs,,$6.90,,,$0.99 per 100g,6804769,,,,,,https://www.coles.com.au/product/yarra-valley-free-range-eggs-12-pack-700g-6804769,,,2024-06-17T16:13:00.451942-04:00
"Ind54SColes_ADairy, Eggs & Fridge_SAEggs_ISunny Queen Organic Free Range Large Eggs 6 pack | 300g",Sunny Queen Organic Free Range Large Eggs 6 pack | 300g,Sunny Queen,"Dairy, Eggs & Fridge",Eggs,Specialty Eggs,,$6.50,,,$2.17 per 100g,8460354,"Our delicious Organic eggs are laid by chooks on farms with a maximum outdoor density of 1500 hens per hectare. Our chooks are free to roam, perch and play on certified organic paddocks for a minimum of 8 hours per day. They lay delicious organic eggs, free from chemical fertilizers, pesticides and herbicides. Our Organic Farms are certified by the ACO (Australian Certified Organic), the largest independent Organic Certification body in Australia, and are independently audited to ensure strict compliance with the ACO Standard. Sunny Queen Organic Eggs come in a 100% biodegradable and compostable egg carton, so even the pack is great for the environment!",,,"Per 100g/ml
Per Serving
%DI
Energy
596kJ
536kJ
Protein
12.2g
11g
Total Fat
9.9g
8.9g
Saturated Fat
3.3g
3g
Carbohydrate
1.3g
1.2g
Sugars
0.3g
0.3g
Sodium
136mg
122mg
* Percentage Daily Intakes are based on an average adult diet of 8700 kJ. Your daily intakes may be higher or lower depending on your energy needs.",,https://www.coles.com.au/product/sunny-queen-organic-free-range-large-eggs-6-pack-300g-8460354,,,2024-06-17T16:13:12.244755-04:00
"Ind54SColes_ADairy, Eggs & Fridge_SAEggs_IColes Organic Free Range Eggs 12 Pack | 600g",Coles Organic Free Range Eggs 12 Pack | 600g,Coles,"Dairy, Eggs & Fridge",Eggs,Specialty Eggs,,$10.00,,,$1.67 per 100g,3169697,From hens free to perch and have access to roam in certificated organic paddocks. Source of Vitamin B12 and iron and good source of folate.,,,"Per 100g/ml
Per Serving
%DI
Energy
595.80
536.22
Protein
12.20
10.98
Carbohydrate
1.30
1.17
Sugars
0.30
0.27
Sodium
136.00
122.40
Saturated
3.30
2.97
Energy (Cal)
142.54
128.28
Fat
9.90
8.91
Dietary Fibre (total)
0.00
0.00
Iron
1.60
1.44
Vitamin B12
0.30
0.27
Folate
93.00
83.70
* Percentage Daily Intakes are based on an average adult diet of 8700 kJ. Your daily intakes may be higher or lower depending on your energy needs.",,https://www.coles.com.au/product/coles-organic-free-range-eggs-12-pack-600g-3169697,,,2024-06-17T16:13:24.036070-04:00
"Ind54SColes_ADairy, Eggs & Fridge_SAEggs_IMornington Peninsula Free Range 12 Pack | 700g",Mornington Peninsula Free Range 12 Pack | 700g,Mornington Peninsula,"Dairy, Eggs & Fridge",Eggs,Free range eggs,,$7.70,,,$1.10 per 100g,6802424,,,,,,https://www.coles.com.au/product/mornington-peninsula-free-range-12-pack-700g-6802424,,,2024-06-17T16:13:33.141223-04:00
"Ind54SColes_ADairy, Eggs & Fridge_SAChips, crackers & snacks_ISunbeam Australian Nuts Flaked Almonds | 300g",Sunbeam Australian Nuts Flaked Almonds | 300g,Sunbeam,"Dairy, Eggs & Fridge","Chips, crackers & snacks",Nuts & trail mix,,$9.60,,$12.00,$32.00 per 1kg,5619808,"Enjoy the high quality and great taste of our Sunbeam Australian Flaked Almonds. Great for baking, crunch in your salads or top on your cereal. As a source of fibre, vitamin E and protein, our almonds are great for all to enjoy. Naturally enriched by the goodness of the sun. No Artificial colours, flavours or preservatives. Plant based.",,,"Per 100g/ml
Per Serving
%DI
Energy
2680kJ
804kJ
9%
Protein
24.4g
7.3g
15%
Total Fat
57.7g
17.3g
25%
Saturated Fat
4.7g
1.4g
6%
Carbohydrate
3.8g
1.1g
0.40%
Sugars
3.8g
1.1g
1%
Sodium
1.8mg
0.5mg
0.10%
Dietary Fibre (total)
8.2g
2.5g
8%
* Percentage Daily Intakes are based on an average adult diet of 8700 kJ. Your daily intakes may be higher or lower depending on your energy needs.",,https://www.coles.com.au/product/sunbeam-australian-nuts-flaked-almonds-300g-5619808,,,2024-06-17T16:13:44.139437-04:00
"Ind54SColes_ADairy, Eggs & Fridge_SAEggs_ISunny Queen Free Range Big Brekkie Browns Eggs 12 pack | 820g",Sunny Queen Free Range Big Brekkie Browns Eggs 12 pack | 820g,Sunny Queen,"Dairy, Eggs & Fridge",Eggs,Free range eggs,,$8.60,,,$1.05 per 100g,3428401,"Breakfast is indeed one of the most important meals of the day, so we didn't muck around when it came to picking and packing Big Brekkie Browns. Our smiley Jumbo+ eggs are specially selected and perfect for your breakfast to Make Every Day Sunny!
Like all Sunny Queen Free Range eggs, they come from happy hens living in a spacious density of 1500 hens per hectare when outdoors. That's over 6 times more space than the Australian National Free Range Standard Limit and lots of room to roam, peck and play with their friends during the day! At night they sleep inside where they are safe from other animals and harsh weather. All our eggs come in 100% biodegradable and compostable egg cartons.
We're proudly farmed by Aussie families with over 50 years of eggs-perience delivering nutritious food from our farms to your table.",,,"Per 100g/ml
Per Serving
%DI
Energy
596kJ
727kJ
Protein
12.2g
14.9g
Total Fat
9.9g
12.1g
Saturated Fat
3.3g
4g
Carbohydrate
1.3g
1.6g
Sugars
0.3g
0.4g
Sodium
136mg
166mg
* Percentage Daily Intakes are based on an average adult diet of 8700 kJ. Your daily intakes may be higher or lower depending on your energy needs.",,https://www.coles.com.au/product/sunny-queen-free-range-big-brekkie-browns-eggs-12-pack-820g-3428401,,,2024-06-17T16:13:55.412763-04:00
"Ind54SColes_ADairy, Eggs & Fridge_SAChips, crackers & snacks_ISunbeam Australian Nuts Natural Almonds | 450g",Sunbeam Australian Nuts Natural Almonds | 450g,Sunbeam,"Dairy, Eggs & Fridge","Chips, crackers & snacks",Nuts & trail mix,,$9.60,,$12.00,$21.33 per 1kg,5619841,"Enjoy the high quality and great taste of our Sunbeam Australian Natural Almonds. Great for baking, crunch in your salads or top on your cereal. As a source of Vitamin E and protein, our almonds are a great daily snack for all to enjoy. Naturally enriched by the goodness of the sun. No Artificial colours, flavours or preservatives. Plant based.",,,"Per 100g/ml
Per Serving
%DI
Energy
2540kJ
762kJ
9%
Protein
20g
6g
12%
Total Fat
53.6g
16.1g
23%
Saturated Fat
4.1g
1.2g
5%
Carbohydrate
7.6g
2.3g
0.70%
Sugars
3.8g
1.1g
1%
Sodium
4mg
1mg
0.10%
Dietary Fibre (total)
10.6g
3.2g
11%
* Percentage Daily Intakes are based on an average adult diet of 8700 kJ. Your daily intakes may be higher or lower depending on your energy needs.",,https://www.coles.com.au/product/sunbeam-australian-nuts-natural-almonds-450g-5619841,,,2024-06-17T16:14:09.135595-04:00
"Ind54SColes_ADairy, Eggs & Fridge_SA_IMornington Peninsula Free Range 6 Pack | 330g",Mornington Peninsula Free Range 6 Pack | 330g,Mornington Peninsula,"Dairy, Eggs & Fridge",,,,$4.50,,,$1.36 per 100g,6802515,,,,,,https://www.coles.com.au/product/mornington-peninsula-free-range-6-pack-330g-6802515,,,2024-06-17T16:14:18.963500-04:00
"Ind54SColes_ADairy, Eggs & Fridge_SAEggs_IPace Farm Natural Living Free Range Large Eggs 12 pack | 600g",Pace Farm Natural Living Free Range Large Eggs 12 pack | 600g,Pace Farm,"Dairy, Eggs & Fridge",Eggs,Free range eggs,,$7.15,,,$1.19 per 100g,4932940,Free Range Eggs 12pk,,,"Per 100g/ml
Per Serving
%DI
Energy
596kJ
536kJ
Protein
12.2g
11g
Total Fat
9.9g
8.9g
Saturated Fat
3.3g
3g
Carbohydrate
1.3g
1.2g
Sugars
0.3g
0.3g
Sodium
136mg
122mg
* Percentage Daily Intakes are based on an average adult diet of 8700 kJ. Your daily intakes may be higher or lower depending on your energy needs.",,https://www.coles.com.au/product/pace-farm-natural-living-free-range-large-eggs-12-pack-600g-4932940,,,2024-06-17T16:14:31.209941-04:00
"Ind54SColes_ADairy, Eggs & Fridge_SAEggs_IPace Farm Free Range Natural Living Extra Large Eggs 12 pack | 700g",Pace Farm Free Range Natural Living Extra Large Eggs 12 pack | 700g,Pace Farm,"Dairy, Eggs & Fridge",Eggs,Free range eggs,,$7.40,,,$1.06 per 100g,8736750,,,,"Per 100g/ml
Per Serving
%DI
Energy
596kJ
620kJ
Protein
12.2g
12.7g
Total Fat
9.9g
10.3g
Saturated Fat
3.3g
3.4g
Carbohydrate
1.3g
1.4g
Sugars
0.3g
0.3g
Sodium
136mg
141mg
Vitamin B12
0.3ug
0.3ug
15%
Trans
0g
0g
* Percentage Daily Intakes are based on an average adult diet of 8700 kJ. Your daily intakes may be higher or lower depending on your energy needs.",,https://www.coles.com.au/product/pace-farm-free-range-natural-living-extra-large-eggs-12-pack-700g-8736750,,,2024-06-17T16:14:43.492610-04:00
"Ind54SColes_ADairy, Eggs & Fridge_SAEggs_ILucky Chicken Free Range Eggs 12 pack | 700g",Lucky Chicken Free Range Eggs 12 pack | 700g,Lucky Chicken,"Dairy, Eggs & Fridge",Eggs,Free range eggs,,$7.60,,,$1.09 per 100g,2837132,"At Happy Chicken Eggs, we believe free range is just the beginning. Our farms are proudly RSPCA-approved, antibiotic-free, 100% Australian owned and operated, and have less than 1500 hens per hectare. These are eggs your whole family can feel good about.",,,"Per 100g/ml
Per Serving
%DI
Energy
596
620
Protein
12.2
12.7
Total Fat
9.9
12.2
Saturated Fat
3.3
3.4
Carbohydrate
1.3
1.4
Sugars
0.3
0.3
Sodium
136
141
* Percentage Daily Intakes are based on an average adult diet of 8700 kJ. Your daily intakes may be higher or lower depending on your energy needs.",,https://www.coles.com.au/product/lucky-chicken-free-range-eggs-12-pack-700g-2837132,,,2024-06-17T16:14:54.848298-04:00
"Ind54SColes_ADairy, Eggs & Fridge_SAEggs_IMornington Peninsula Cage Free Eggs 12 Pack | 600g",Mornington Peninsula Cage Free Eggs 12 Pack | 600g,Mornington,"Dairy, Eggs & Fridge",Eggs,Barn eggs,,$5.50,,,$0.92 per 100g,7069038,,,,,,https://www.coles.com.au/product/mornington-peninsula-cage-free-eggs-12-pack-600g-7069038,,,2024-06-17T16:15:04.710623-04:00
"Ind54SColes_ADairy, Eggs & Fridge_SAEggs_IPace Farm Liberty Cage Free Eggs 15 Pack | 885g",Pace Farm Liberty Cage Free Eggs 15 Pack | 885g,Pace Farm,"Dairy, Eggs & Fridge",Eggs,Barn eggs,,$7.60,,,$0.86 per 100g,7405383,,,,"Per 100g/ml
Per Serving
%DI
Energy
596kJ
632kJ
Protein
12.2g
12.9g
Total Fat
9.9g
10.5g
Saturated Fat
3.3g
3.5g
Carbohydrate
1.3g
1.4g
Sugars
0.3g
0.3g
Sodium
136g
144g
Vitamin B12
0.3ug
0.3ug
15%
Trans
0g
0g
* Percentage Daily Intakes are based on an average adult diet of 8700 kJ. Your daily intakes may be higher or lower depending on your energy needs.",,https://www.coles.com.au/product/pace-farm-liberty-cage-free-eggs-15-pack-885g-7405383,,,2024-06-17T16:15:15.541040-04:00
"Ind54SColes_ADairy, Eggs & Fridge_SA_IColes Free Range Eggs 12 Pack | 600g",Coles Free Range Eggs 12 Pack | 600g,Coles,"Dairy, Eggs & Fridge",,,,$5.20,,,$0.87 per 100g,9453456,"When Coles Brand says Free Range, it Means: a maximum of 10,000 hens per hectare outdoors.",,,"Per 100g/ml
Per Serving
%DI
Energy
596.60
536.94
Protein
12.20
10.98
Carbohydrate
1.30
1.17
Sugars
0.30
0.27
Sodium
136.00
122.40
Saturated
3.30
2.97
Energy (Cal)
142.73
128.45
Fat
9.90
8.91
Dietary Fibre (total)
0.10
0.09
Iron
1.60
1.44
Vitamin B12
0.30
0.27
Folate
93.00
83.70
* Percentage Daily Intakes are based on an average adult diet of 8700 kJ. Your daily intakes may be higher or lower depending on your energy needs.",,https://www.coles.com.au/product/coles-free-range-eggs-12-pack-600g-9453456,,,2024-06-17T16:16:12.934924-04:00
"Ind54SColes_ADairy, Eggs & Fridge_SAEggs_IColes Cage Free Eggs 12 Pack | 700g",Coles Cage Free Eggs 12 Pack | 700g,Coles,"Dairy, Eggs & Fridge",Eggs,Barn eggs,,$5.00,,,$0.71 per 100g,5178633,Barn Laid Eggs from Aussie Farms,,,"Per 100g/ml
Per Serving
%DI
Energy
596.60
620.46
Protein
12.20
12.69
Carbohydrate
1.30
1.35
Sugars
0.29
0.30
Sodium
136.00
141.44
Saturated
3.30
3.43
Energy (Cal)
142.73
148.44
Fat
9.90
10.30
Dietary Fibre (total)
0.10
0.10
Iron
1.60
1.66
Vitamin B12
0.30
0.31
Folate
93.00
96.72
* Percentage Daily Intakes are based on an average adult diet of 8700 kJ. Your daily intakes may be higher or lower depending on your energy needs.",,https://www.coles.com.au/product/coles-cage-free-eggs-12-pack-700g-5178633,,,2024-06-17T16:16:25.614641-04:00
"Ind54SColes_ADairy, Eggs & Fridge_SAEggs_IMornington Peninsula Free Range Eggs 12 Pack | 800g",Mornington Peninsula Free Range Eggs 12 Pack | 800g,Mornington Peninsula,"Dairy, Eggs & Fridge",Eggs,Free range eggs,,$8.20,,,$1.03 per 100g,6802490,,,,,,https://www.coles.com.au/product/mornington-peninsula-free-range-eggs-12-pack-800g-6802490,,,2024-06-17T16:16:34.800791-04:00
"Ind54SColes_ADairy, Eggs & Fridge_SAEggs_IJosh's Rainbow Free Range Eggs 12Pack | 800g",Josh's Rainbow Free Range Eggs 12Pack | 800g,Joshs Rainbow,"Dairy, Eggs & Fridge",Eggs,Free range eggs,,$9.60,,,$1.20 per 100g,7065751,,,,,,https://www.coles.com.au/product/josh's-rainbow-free-range-eggs-12pack-800g-7065751,,,2024-06-17T16:16:43.863921-04:00
"Ind54SColes_ADairy, Eggs & Fridge_SAEggs_IMornington Peninsula Cage Free Eggs 12 Pack | 700g",Mornington Peninsula Cage Free Eggs 12 Pack | 700g,Mornington,"Dairy, Eggs & Fridge",Eggs,Barn eggs,,$6.00,,,$0.86 per 100g,7069016,,,,,,https://www.coles.com.au/product/mornington-peninsula-cage-free-eggs-12-pack-700g-7069016,,,2024-06-17T16:16:52.455026-04:00
"Ind54SColes_ADairy, Eggs & Fridge_SAEggs_ISunny Queen Organic Eggs 12 pack | 700g",Sunny Queen Organic Eggs 12 pack | 700g,Sunny Queen,"Dairy, Eggs & Fridge",Eggs,Specialty Eggs,,$11.50,,,$1.64 per 100g,4228838,"Our smiley Organic eggs are laid by happy hens raised on wide open spaces with a maximum outdoor density of 1500 hens per hectare. Our hens are free to roam, perch and play on certified organic paddocks for a minimum of 8 hours per day. They lay delicious Organic eggs, free from chemical fertilizers, pesticides and herbicides. Our Organic Farms are certified by the ACO (Australian Certified Organic), the largest independent Organic Certification body in Australia, and are independently audited to ensure strict compliance with the ACO Standard. They come in a 100% biodegradable and compostable egg carton, so even the pack is great for the environment. Make Every Day Sunny!
We're proudly farmed by Aussie families with over 50 years of eggs-perience delivering nutritious food from our farms to your table.",,,"Per 100g/ml
Per Serving
%DI
Energy
596.6kJ
620.45kJ
Protein
12.2g
12.69g
Total Fat
9.9g
10.3g
Saturated Fat
3.3g
3.43g
Carbohydrate
1.3g
1.35g
Sugars
0.3g
0.31g
Sodium
136mg
141.44mg
* Percentage Daily Intakes are based on an average adult diet of 8700 kJ. Your daily intakes may be higher or lower depending on your energy needs.",,https://www.coles.com.au/product/sunny-queen-organic-eggs-12-pack-700g-4228838,,,2024-06-17T16:17:03.580179-04:00
"Ind54SColes_ADairy, Eggs & Fridge_SAEggs_IColes Free Range Eggs 6 Pack | 300g",Coles Free Range Eggs 6 Pack | 300g,Coles,"Dairy, Eggs & Fridge",Eggs,Free range eggs,,$3.75,,,$1.25 per 100g,2680008,"When Coles Brand says Free Range, it Means: a maximum of 10,000 hens per hectare outdoors.",,,"Per 100g/ml
Per Serving
%DI
Energy
596.60
536.94
Protein
12.20
10.98
Carbohydrate
1.30
1.17
Sugars
0.30
0.27
Sodium
136.00
122.40
Saturated
3.30
2.97
Energy (Cal)
142.73
128.45
Fat
9.90
8.91
Dietary Fibre (total)
0.10
0.09
Iron
1.60
1.44
Vitamin B12
0.30
0.27
Folate
93.00
83.70
* Percentage Daily Intakes are based on an average adult diet of 8700 kJ. Your daily intakes may be higher or lower depending on your energy needs.",,https://www.coles.com.au/product/coles-free-range-eggs-6-pack-300g-2680008,,,2024-06-17T16:17:14.696415-04:00
"Ind54SColes_ADairy, Eggs & Fridge_SABaking_IAngas Park Dried Apples | 200g",Angas Park Dried Apples | 200g,Angas Park,"Dairy, Eggs & Fridge",Baking,Dried fruits & fillings,,$5.30,,,$26.50 per 1kg,9202172,Angas Park Apples are hand picked at their peak then meticulously dried until the moment they emerge sweet and juicy with a firm texture -hallmarks of the finest dried fruit. Bite into one and rest assured you've discovered the very best.,,,"Per 100g/ml
Per Serving
%DI
Energy
1180kJ
590kJ
7%
Protein
1.7g
0.9g
2%
Total Fat
0.9g
0.5g
0.70%
Saturated Fat
0.2g
0.1g
0.40%
Carbohydrate
59.8g
29.9g
10%
Sugars
56.4g
28.2g
31%
Sodium
270mg
135mg
6%
Dietary Fibre (total)
12.1g
6.1g
10%
* Percentage Daily Intakes are based on an average adult diet of 8700 kJ. Your daily intakes may be higher or lower depending on your energy needs.",,https://www.coles.com.au/product/angas-park-dried-apples-200g-9202172,,,2024-06-17T16:17:25.783472-04:00
"Ind54SColes_ADairy, Eggs & Fridge_SAEggs_IJosh's Rainbow Free Range Eggs 12 Pack | 700g",Josh's Rainbow Free Range Eggs 12 Pack | 700g,Joshs Rainbow,"Dairy, Eggs & Fridge",Eggs,Free range eggs,,$8.60,,,$1.23 per 100g,2364450,"Josh's Rainbow Eggs produces truly free range eggs in the Macedon Ranges.  Hen welfare and environmental sustainability are at the heart of how we run our farm.  Our hens are raised in small flocks in mobile off-grid solar powered sheds, rotated over large paddocks.  We give our hens the best life! Every week we donate eggs to community groups in Melbourne and regional Victoria. ",,,,,https://www.coles.com.au/product/josh's-rainbow-free-range-eggs-12-pack-700g-2364450,,,2024-06-17T16:17:36.817538-04:00
"Ind54SColes_ADairy, Eggs & Fridge_SAEggs_IJosh's Rainbow Free Range Eggs 18 Pack | 900g",Josh's Rainbow Free Range Eggs 18 Pack | 900g,Joshs Rainbow,"Dairy, Eggs & Fridge",Eggs,Free range eggs,,$10.90,,,$1.21 per 100g,5346590,"Josh's Rainbow Eggs produces truly free range eggs in the Macedon Ranges.  Hen welfare and environmental sustainability are at the heart of how we run our farm.  Our hens are raised in small flocks in mobile off-grid solar powered sheds, rotated over large paddocks.  We give our hens the best life! Every week we donate eggs to community groups in Melbourne and regional Victoria. ",,,,,https://www.coles.com.au/product/josh's-rainbow-free-range-eggs-18-pack-900g-5346590,,,2024-06-17T16:17:46.308498-04:00
"Ind54SColes_ADairy, Eggs & Fridge_SAEggs_IColes Free Range Eggs 12 Pack | 700g",Coles Free Range Eggs 12 Pack | 700g,Coles,"Dairy, Eggs & Fridge",Eggs,Free range eggs,,$5.60,,,$0.80 per 100g,9453478,"When Coles Brand says Free Range, it means: a maximum of 10,000 hens per hectare outdoors",,,"Per 100g/ml
Per Serving
%DI
Energy
596.60
620.46
Protein
12.20
12.69
Carbohydrate
1.30
1.35
Sugars
0.30
0.31
Sodium
136.00
141.44
Saturated
3.30
3.43
Energy (Cal)
142.73
148.44
Fat
9.90
10.30
Dietary Fibre (total)
0.10
0.10
Iron
1.60
1.66
Vitamin B12
0.30
0.31
Folate
93.00
96.72
* Percentage Daily Intakes are based on an average adult diet of 8700 kJ. Your daily intakes may be higher or lower depending on your energy needs.",,https://www.coles.com.au/product/coles-free-range-eggs-12-pack-700g-9453478,,,2024-06-17T16:17:57.408249-04:00
"Ind54SColes_ADairy, Eggs & Fridge_SA_IGood Yolk Co Cage Free Eggs 12 Pack | 700g",Good Yolk Co Cage Free Eggs 12 Pack | 700g,Good Yolk Co,"Dairy, Eggs & Fridge",,,,$5.75,,,$0.82 per 100g,6339498,GOOD YOLK CO CAGE FREE EGGS 12PK 700G,,,,,https://www.coles.com.au/product/good-yolk-co-cage-free-eggs-12-pack-700g-6339498,,,2024-06-17T16:18:06.323310-04:00
"Ind54SColes_ADairy, Eggs & Fridge_SA_IYallamundi Farm Organic Free Range Eggs 12 Pack | 600g",Yallamundi Farm Organic Free Range Eggs 12 Pack | 600g,Yallamundi Farm,"Dairy, Eggs & Fridge",,,,$12.00,,,$2.00 per 100g,5352209,"Fresh from our 100% carbon neutral family farm, our Organic eggs are kinder to hens, the earth, and the community.
Our delicious Organic eggs are certified by Australian Certified Organic and laid by hens with lots of space to freely roam, play and dustbathe amongst our shady olive groves on certified organic land. Our Organic eggs are free from chemical fertilizers, pesticides and herbicides  laid by hens fed only a certified-organic diet. They're handpicked and packed into a 100% biodegradable and compostable egg carton. And part of the proceeds from every pack goes to the Doug Hall foundation to support the education of Aussie kids!
Yallamundi Farm eggs, Kinder by the Carton from our family to yours",,,"Per 100g/ml
Per Serving
%DI
Energy
597kJ
537kJ
Protein
12.2g
10.98g
Total Fat
9.9g
8.91g
Saturated Fat
3.3g
2.97g
Carbohydrate
1.3g
1.17g
Sugars
0.3g
0.27g
Sodium
136mg
122.4mg
* Percentage Daily Intakes are based on an average adult diet of 8700 kJ. Your daily intakes may be higher or lower depending on your energy needs.",,https://www.coles.com.au/product/yallamundi-farm-organic-free-range-eggs-12-pack-600g-5352209,,,2024-06-17T16:18:17.636264-04:00
"Ind54SColes_ADairy, Eggs & Fridge_SA_IPuregg Egg White Free Range | 500g",Puregg Egg White Free Range | 500g,Puregg,"Dairy, Eggs & Fridge",,,,$9.80,,,$1.96 per 100g,3923058,100% Fat Free Free Range,,,"Per 100g/ml
Per Serving
%DI
Energy
197kJ
124kJ
1%
Protein
11.2g
7.1g
14%
Total Fat
0g
0g
0%
Saturated Fat
0g
0g
0%
Carbohydrate
0.4g
0.25g
Sugars
0.4g
0.25g
Folic Acid
7ug
4.4ug
2%
Vitamin B2
0.41mg
0.26mg
15%
Vitamin B3
3.2mg
2mg
20%
Calcium
5mg
3.1mg
Iron
0.2mg
0.13mg
1%
Sodium
175mg
110mg
5%
Selenium
10.7ug
6.7ug
10%
Potassium
119mg
75mg
2%
* Percentage Daily Intakes are based on an average adult diet of 8700 kJ. Your daily intakes may be higher or lower depending on your energy needs.",,https://www.coles.com.au/product/puregg-egg-white-free-range-500g-3923058,,,2024-06-17T16:19:15.723712-04:00
"Ind54SColes_ADairy, Eggs & Fridge_SAEggs_IColes Cage Free Eggs 18 Pack | 900g",Coles Cage Free Eggs 18 Pack | 900g,Coles,"Dairy, Eggs & Fridge",Eggs,Barn eggs,,$7.30,,,$0.91 per 100g,5178961,Our hens' welfare is important to us and our partner Australian farmers. Our standards ensure hens have the freedom to express their natural behaviours with adequate space to move and perch. Hens also have access to environmental enrichment and litter for dust bathing,,,"Per 100g/ml
Per Serving
%DI
Energy
597.13
537.42
Protein
12.22
11.00
Carbohydrate
1.33
1.20
Sugars
0.33
0.30
Sodium
135.56
122.00
Saturated
3.33
3.00
Energy (Cal)
143
128
Fat
9.89
8.90
Dietary Fibre (total)
0.10
0.09
Iron
1.60
1.44
Vitamin B12
0.30
0.27
Folate
93.00
83.70
* Percentage Daily Intakes are based on an average adult diet of 8700 kJ. Your daily intakes may be higher or lower depending on your energy needs.",,https://www.coles.com.au/product/coles-cage-free-eggs-18-pack-900g-5178961,,,2024-06-17T16:19:27.562081-04:00
"Ind54SColes_ADairy, Eggs & Fridge_SAEggs_IFyfe Family Farm Free Range Eggs 12 Pack | 700g",Fyfe Family Farm Free Range Eggs 12 Pack | 700g,Fyfe Family Farm,"Dairy, Eggs & Fridge",Eggs,Free range eggs,,$7.50,,,$1.07 per 100g,6802242,,,,,,https://www.coles.com.au/product/fyfe-family-farm-free-range-eggs-12-pack-700g-6802242,,,2024-06-17T16:19:36.499285-04:00
"Ind54SColes_ADairy, Eggs & Fridge_SAEggs_ISunny Queen Odd Eggs Ready To Pour Egg Mix | 500g",Sunny Queen Odd Eggs Ready To Pour Egg Mix | 500g,Sunny,"Dairy, Eggs & Fridge",Eggs,Free range eggs,,,,,,8077133,,,,,,https://www.coles.com.au/product/sunny-queen-odd-eggs-ready-to-pour-egg-mix-500g-8077133,,,2024-06-17T16:19:46.388005-04:00
"Ind54SColes_ADairy, Eggs & Fridge_SAEggs_IYallamundi Farm Organic Free Range Eggs 12 Pack | 700g",Yallamundi Farm Organic Free Range Eggs 12 Pack | 700g,Yallamundi Farm,"Dairy, Eggs & Fridge",Eggs,Specialty Eggs,,$12.50,,,$1.79 per 100g,5337624,,,,,,https://www.coles.com.au/product/yallamundi-farm-organic-free-range-eggs-12-pack-700g-5337624,,,2024-06-17T16:19:57.820525-04:00
"Ind54SColes_ADairy, Eggs & Fridge_SA_IPace Farm Liberty Cage Free Eggs 12 Pack | 600g",Pace Farm Liberty Cage Free Eggs 12 Pack | 600g,Pace Farm,"Dairy, Eggs & Fridge",,,,$6.20,,,$1.03 per 100g,7007096,"Meet Pace Farm. Since the 1970s, Pace Farm has been providing Australia with the freshest, tastiest and the most enjoyable eggs. Offering you the best quality of eggs, Pace Farm knows what's happening with those eggs from the time they're laid until they're delivered. Just like these Cage-Free Liberty eggs. The cage-free system provides hens with space to preen, stretch put and flap their wings. In addition to providing secluded nesting boxes for laying eggs, protection from predators and extreme environments with constant access to fresh feed and water.
Pack contents: 12 x large eggs (600g)
100% Australian family-owned and operated
Herns roam in large barns with fresh air and not housed in cages
A natural source of folate
Eggs are naturally high in protein
Good source of Vitamin B12
Independently audited and accredited",,,,,https://www.coles.com.au/product/pace-farm-liberty-cage-free-eggs-12-pack-600g-7007096,,,2024-06-17T16:20:06.645612-04:00
"Ind54SColes_ADairy, Eggs & Fridge_SA_ISunny Queen Free Range Large Eggs 18 pack | 900g",Sunny Queen Free Range Large Eggs 18 pack | 900g,Sunny Queen,"Dairy, Eggs & Fridge",,,,$10.40,,,$1.16 per 100g,8953577,"Our smiley Free Range eggs are laid by happy country hens on farms with a maximum outdoor density of 1500 hens per hectare. That's over 6 times more space than the Australian National Free Range Standard Limit and lots of room to roam, peck and play with their friends during the day! At night they sleep inside where they are safe from other animals and harsh weather.
Our farms are independently audited, so you can feel confident that the hens laying your eggs are well cared for, and only the best quality golden-yolked Free Range eggs make it to your table to Make Every Day Sunny! All our eggs come in 100% biodegradable and compostable egg cartons.
We're proudly farmed by Aussie families with over 50 years of eggs-perience delivering nutritious food from our farms to your table.",,,"Per 100g/ml
Per Serving
%DI
Energy
596kJ
536kJ
Protein
12.2g
11g
Total Fat
9.9g
8.9g
Saturated Fat
3.3g
3g
Carbohydrate
1.3g
1.2g
Sugars
0.3g
0.3g
Sodium
136mg
122mg
* Percentage Daily Intakes are based on an average adult diet of 8700 kJ. Your daily intakes may be higher or lower depending on your energy needs.",,https://www.coles.com.au/product/sunny-queen-free-range-large-eggs-18-pack-900g-8953577,,,2024-06-17T16:20:17.960916-04:00
"Ind54SColes_ADairy, Eggs & Fridge_SAEggs_ISunny Queen Free Range Large Eggs 12 pack | 600g",Sunny Queen Free Range Large Eggs 12 pack | 600g,Sunny Queen,"Dairy, Eggs & Fridge",Eggs,Free range eggs,,$6.90,,,$1.15 per 100g,5417778,"Our smiley Free Range eggs are laid by happy country hens on farms with a maximum outdoor density of 1500 hens per hectare. That's over 6 times more space than the Australian National Free Range Standard Limit and lots of room to roam, peck and play with their friends during the day! At night they sleep inside where they are safe from other animals and harsh weather.
Our farms are independently audited, so you can feel confident that the hens laying your eggs are well cared for, and only the best quality golden-yolked Free Range eggs make it to your table to Make Every Day Sunny! All our eggs come in 100% biodegradable and compostable egg cartons.
We're proudly farmed by Aussie families with over 50 years of eggs-perience delivering nutritious food from our farms to your table.",,,"Per 100g/ml
Per Serving
%DI
Energy
597kJ
537kJ
Protein
12.2g
10.98g
Total Fat
9.9g
8.91g
Saturated Fat
3.3g
2.97g
Carbohydrate
1.3g
1.17g
Sugars
0.3g
0.27g
Sodium
136mg
122.4mg
* Percentage Daily Intakes are based on an average adult diet of 8700 kJ. Your daily intakes may be higher or lower depending on your energy needs.",,https://www.coles.com.au/product/sunny-queen-free-range-large-eggs-12-pack-600g-5417778,,,2024-06-17T16:20:29.936070-04:00
"Ind54SColes_ADairy, Eggs & Fridge_SAEggs_IMornington Peninsula Free Range 12 Pack | 700g",Mornington Peninsula Free Range 12 Pack | 700g,Mornington Peninsula,"Dairy, Eggs & Fridge",Eggs,Free range eggs,,$7.70,,,$1.10 per 100g,6802424,,,,,,https://www.coles.com.au/product/mornington-peninsula-free-range-12-pack-700g-6802424,,,2024-06-18T01:20:30.202085-04:00
"Ind54SColes_ADairy, Eggs & Fridge_SAReady to eat meals_IColes Kitchen Beef Bolognese Sauce | 425g",Coles Kitchen Beef Bolognese Sauce | 425g,Coles,"Dairy, Eggs & Fridge",Ready to eat meals,Italian meals & pasta,,,,,,3920242,Rich Australian beef and tomato sauce with carrots and red wine,,,"Per 100g/ml
Per Serving
%DI
Energy
361.20
382.87
Protein
6.60
7.00
Total Fat
4.00
4.24
Carbohydrate
5.00
5.30
Sugars
3.50
3.71
Sodium
260.00
275.60
Saturated
1.50
1.59
Energy (Cal)
86.41
91.60
Dietary Fibre (total)
2.00
2.12
Trans
0.10
0.11
* Percentage Daily Intakes are based on an average adult diet of 8700 kJ. Your daily intakes may be higher or lower depending on your energy needs.",,https://www.coles.com.au/product/coles-kitchen-beef-bolognese-sauce-425g-3920242,,,2024-06-17T16:21:07.953173-04:00
"Ind54SColes_ADairy, Eggs & Fridge_SAReady to eat meals_IColes Lasagne Sheets Pasta | 375g",Coles Lasagne Sheets Pasta | 375g,Coles,"Dairy, Eggs & Fridge",Ready to eat meals,Italian meals & pasta,,$4.00,,,$1.07 per 100g,7712156,Made with fresh & quality ingredients. Enjoy convenient and ready to cook Rana Pumpkin & Caramelised Onion Ravioli.,,,"Per 100g/ml
Per Serving
%DI
Energy
1205.60
1121.21
Protein
12.90
12.00
Carbohydrate
53.20
49.48
Sugars
0.90
0.84
Sodium
7.00
6.51
Saturated
0.40
0.37
Energy (Cal)
288.42
268.23
Fat
1.50
1.40
Dietary Fibre (total)
3.30
3.07
* Percentage Daily Intakes are based on an average adult diet of 8700 kJ. Your daily intakes may be higher or lower depending on your energy needs.",,https://www.coles.com.au/product/coles-lasagne-sheets-pasta-375g-7712156,,,2024-06-17T16:21:20.104173-04:00
"Ind54SColes_ADairy, Eggs & Fridge_SAReady to eat meals_IIpastai Carbonara Sauce | 300g",Ipastai Carbonara Sauce | 300g,Ipastai,"Dairy, Eggs & Fridge",Ready to eat meals,Italian meals & pasta,,$7.50,,,$2.50 per 100g,6474926,"Our carbonara sauce is the perfect combo of smoky bacon and sweet onions, served in a velvety cream sauce. Ideal with your favourite long pasta.",,,"Per 100g/ml
Per Serving
%DI
Energy
828
1240
Protein
3.6
5.5
Total Fat
18.2
27.3
Saturated Fat
8.8
13.2
Carbohydrate
5.3
8
Sugars
3.5
5.2
Sodium
139
209
* Percentage Daily Intakes are based on an average adult diet of 8700 kJ. Your daily intakes may be higher or lower depending on your energy needs.",,https://www.coles.com.au/product/ipastai-carbonara-sauce-300g-6474926,,,2024-06-17T16:21:32.305345-04:00
"Ind54SColes_ADairy, Eggs & Fridge_SA_ILatina Fresh Beef Ravioli Pasta | 375g",Latina Fresh Beef Ravioli Pasta | 375g,Latina,"Dairy, Eggs & Fridge",,,,$8.00,,,$2.13 per 100g,5051858,,,,,,https://www.coles.com.au/product/latina-fresh-beef-ravioli-pasta-375g-5051858,,,2024-06-17T16:21:42.106301-04:00
"Ind54SColes_ADairy, Eggs & Fridge_SA_ILatina Protein Pasta Chicken & Pesto | 400g",Latina Protein Pasta Chicken & Pesto | 400g,Latina,"Dairy, Eggs & Fridge",,,,$9.00,,,$2.25 per 100g,7729986,"Delicious Chicken & Pesto Ravioli with 30g of protein per serve. Serves two, cooked in 5 minutes.
30g of protein per serve.

Serves two, cooked in 5 minutes.",,,,,https://www.coles.com.au/product/latina-protein-pasta-chicken-and-pesto-400g-7729986,,,2024-06-17T16:21:52.201261-04:00
"Ind54SColes_ADairy, Eggs & Fridge_SAColes Finest_IColes Finest Filled Pasta Pumpkin | 350g",Coles Finest Filled Pasta Pumpkin | 350g,Coles,"Dairy, Eggs & Fridge",Coles Finest,meals,,$6.50,,,$1.86 per 100g,3166145,"Thin, delicate pasta filled with sweet pumpkin, ricotta, mascarpone and Grana Padano,",,,"Per 100g/ml
Per Serving
%DI
Protein
8.5
14.88
30
Total Fat
4.3
7.53
11
Saturated Fat
3.0
5.3
22
Sodium
54
94.5
4
Trans
0.1
0.18
Dietary Fibre
5.4
9.45
* Percentage Daily Intakes are based on an average adult diet of 8700 kJ. Your daily intakes may be higher or lower depending on your energy needs.",,https://www.coles.com.au/product/coles-finest-filled-pasta-pumpkin-350g-3166145,,,2024-06-17T16:22:04.544718-04:00
"Ind54SColes_ADairy, Eggs & Fridge_SAReady to eat meals_IColes Pappardelle | 300g",Coles Pappardelle | 300g,Coles,"Dairy, Eggs & Fridge",Ready to eat meals,Italian meals & pasta,,$4.50,,,$1.50 per 100g,3360024,Coles Brand meals are made with quality ingredients. Enjoy delicious and convenient ready to heat Pappardelle.,,,"Per 100g/ml
Per Serving
%DI
Energy
1205.60
1808.40
Protein
12.90
19.35
Total Fat
1.50
2.25
Carbohydrate
53.20
79.80
Sugars
0.90
1.35
Sodium
7.00
10.50
Saturated
0.40
0.60
Energy (Cal)
288.42
432.63
Dietary Fibre (total)
3.30
4.95
* Percentage Daily Intakes are based on an average adult diet of 8700 kJ. Your daily intakes may be higher or lower depending on your energy needs.",,https://www.coles.com.au/product/coles-pappardelle-300g-3360024,,,2024-06-17T16:22:15.534030-04:00
"Ind54SColes_ADairy, Eggs & Fridge_SAReady to eat meals_IRana Porcini Mushroom Ravioli | 325g",Rana Porcini Mushroom Ravioli | 325g,Rana,"Dairy, Eggs & Fridge",Ready to eat meals,Italian meals & pasta,,$8.00,,,$2.46 per 100g,3296071,"Enjoy the richness of our filling. Made to perfection with flavoursome diced mushrooms and delicate creamy ricotta cheese, wrapped in paper thin pasta parcels.",,,,,https://www.coles.com.au/product/rana-porcini-mushroom-ravioli-325g-3296071,,,2024-06-17T16:22:25.228748-04:00
"Ind54SColes_ADairy, Eggs & Fridge_SAReady to eat meals_I25 Degrees South Prosciutto & Ricotta Ravioli | 325g",25 Degrees South Prosciutto & Ricotta Ravioli | 325g,25 Degrees,"Dairy, Eggs & Fridge",Ready to eat meals,Italian meals & pasta,,$6.50,,$9.00,$2.00 per 100g,6399591,,,,,,https://www.coles.com.au/product/25-degrees-south-prosciutto-and-ricotta-ravioli-325g-6399591,,,2024-06-17T16:22:34.540577-04:00
"Ind54SColes_ADairy, Eggs & Fridge_SA_ILatina Fresh Spinach & Ricotta Agnolotti Pasta | 375g",Latina Fresh Spinach & Ricotta Agnolotti Pasta | 375g,Latina,"Dairy, Eggs & Fridge",,,,$6.50,,$8.00,$1.73 per 100g,5280232,,,,,,https://www.coles.com.au/product/latina-fresh-spinach-and-ricotta-agnolotti-pasta-375g-5280232,,,2024-06-17T16:22:43.304041-04:00
"Ind54SColes_ADairy, Eggs & Fridge_SABeef & veal_IColes Graze Grass Fed No Added Hormone Beef Mince | 500g",Coles Graze Grass Fed No Added Hormone Beef Mince | 500g,Coles,"Dairy, Eggs & Fridge",Beef & veal,Beef & Veal Mince,,$10.00,,,$20.00 per 1kg,2820606,"GRASS FED 100% AUSTRALIAN BEEF FREE TO ROAM NO ADDED HORMONE Graze is proudly brought to you by our Aussie Farmers in partnership with Coles. Individually selected to high standards, our livestock are raised in the open pastures across the scenic farms of Australia. From the New South Wales Tablelands, Victoria's North East and Gippsland areas to South Australia's Limestone Coast and the Great Southern Region of Western Australia, our Farmers work with nature to produce great tasting, quality grass fed beef.",,,,,https://www.coles.com.au/product/coles-graze-grass-fed-no-added-hormone-beef-mince-500g-2820606,,,2024-06-17T16:23:37.907566-04:00
"Ind54SColes_ADairy, Eggs & Fridge_SAReady to eat meals_ILatina Fresh Kids Mini Ravioli Pasta Beef & Vegetable | 200g",Latina Fresh Kids Mini Ravioli Pasta Beef & Vegetable | 200g,Latina,"Dairy, Eggs & Fridge",Ready to eat meals,Italian meals & pasta,,$6.00,Pick any 2 for $9,,$3.00 per 100g,6393915,,,,,,https://www.coles.com.au/product/latina-fresh-kids-mini-ravioli-pasta-beef-and-vegetable-200g-6393915,,,2024-06-17T16:23:47.145777-04:00
"Ind54SColes_ADairy, Eggs & Fridge_SAReady to eat meals_IColes Pasta Sauce Tomato And Basil | 425g",Coles Pasta Sauce Tomato And Basil | 425g,Coles,"Dairy, Eggs & Fridge",Ready to eat meals,Italian meals & pasta,,,,,,2877330,"Coles Pasta Sauce is made from tomato & basil. It is Ideal for pasta, pizza or a baked gnocchi dish",,,"Per 100g/ml
Per Serving
%DI
Energy
211.08
223.74
Protein
1.50
1.59
Total Fat
1.20
1.27
Carbohydrate
8.30
8.80
Sugars
4.80
5.09
Sodium
190.00
201.40
Saturated
0.20
0.21
Energy (Cal)
50.50
53.53
Dietary Fibre (total)
0.01
0.01
Trans
0.01
0.01
* Percentage Daily Intakes are based on an average adult diet of 8700 kJ. Your daily intakes may be higher or lower depending on your energy needs.",,https://www.coles.com.au/product/coles-pasta-sauce-tomato-and-basil-425g-2877330,,,2024-06-17T16:23:58.236210-04:00
"Ind54SColes_ADairy, Eggs & Fridge_SAFresh pasta & sauces_IColes Hokkien Noodles | 600g",Coles Hokkien Noodles | 600g,Coles,"Dairy, Eggs & Fridge",Fresh pasta & sauces,Fresh pasta & noodles,,$3.60,,,$0.60 per 100g,5578256,,,,"Per 100g/ml
Per Serving
%DI
Energy
778.50
1167.75
Protein
4.80
7.20
Carbohydrate
34.70
52.05
Sugars
1.10
1.65
Sodium
87.00
130.50
Saturated
0.30
0.45
Energy (Cal)
186.24
279.37
Fat
2.20
3.30
Dietary Fibre (total)
3.20
4.80
* Percentage Daily Intakes are based on an average adult diet of 8700 kJ. Your daily intakes may be higher or lower depending on your energy needs.",,https://www.coles.com.au/product/coles-hokkien-noodles-600g-5578256,,,2024-06-17T16:24:09.999356-04:00
"Ind54SColes_ADairy, Eggs & Fridge_SAReady to eat meals_ILatina Cheddar Cheese Agnolotti | 375g",Latina Cheddar Cheese Agnolotti | 375g,Latina,"Dairy, Eggs & Fridge",Ready to eat meals,Italian meals & pasta,,$6.50,,$8.00,$1.73 per 100g,7080008,,,,,,https://www.coles.com.au/product/latina-cheddar-cheese-agnolotti-375g-7080008,,,2024-06-17T16:24:19.307839-04:00
"Ind54SColes_ADairy, Eggs & Fridge_SAReady to eat meals_ILatina Fresh Lasagne Sheets 8 Pack | 375g",Latina Fresh Lasagne Sheets 8 Pack | 375g,Latina,"Dairy, Eggs & Fridge",Ready to eat meals,Italian meals & pasta,,$6.00,,,$1.60 per 100g,5165427,,,,,,https://www.coles.com.au/product/latina-fresh-lasagne-sheets-8-pack-375g-5165427,,,2024-06-17T16:24:28.054610-04:00
"Ind54SColes_ADairy, Eggs & Fridge_SAReady to eat meals_IColes Kitchen Sweet & Sour Stir Fry Sauce | 200g",Coles Kitchen Sweet & Sour Stir Fry Sauce | 200g,Coles,"Dairy, Eggs & Fridge",Ready to eat meals,Italian meals & pasta,,$4.50,,,$2.25 per 100g,7748324,"Coles Kitchen Sweet and Sour Stir Fry Sauce 200g.

Vegetarian
Traditional sweet and sour sauce
No artificial colours and flavours

Coles Sweet Sour Stir Fry Sauce is a quick and a convenient way to get delicious mid-week meals on the table with no fuss.

This tangy blend of spices is perfectly balanced with sweet pineapple and aromatic herbs providing a refreshing contrast to a variety of ingredients. For protein, chicken or pork strips are classic choices, especially when paired with pineapple chunks and crunchy vegetables like broccoli and carrots. For a tasty meat-free option, try Coles Sweet and Sour Stir Fry Sauce with fried tofu and vegetables to add colour and texture to the dish. Feel free to get creative and customise your stir-fries with whatever ingredients you have on hand.

Serve over noodles or rice and garnish with fresh spring onion and a sprinkling of sesame seeds for a vibrant family-friendly meal that's sure to be a hit.

Chefs Tip: For a spicy twist, add some sliced red chilli or chilli flakes.",,,"Per 100g/ml
Per Serving
%DI
Energy
257
128
1
Protein
LESS THAN 1g
LESS THAN 1g
0
Total Fat
1.4
LESS THAN 1g
1
Saturated Fat
LESS THAN 1g
LESS THAN 1g
0
Carbohydrate
9.5
4.8
2
Sodium
262
131
6
Energy (Cal)
61
31
* Percentage Daily Intakes are based on an average adult diet of 8700 kJ. Your daily intakes may be higher or lower depending on your energy needs.",,https://www.coles.com.au/product/coles-kitchen-sweet-and-sour-stir-fry-sauce-200g-7748324,,,2024-06-17T16:24:39.271428-04:00
"Ind54SColes_ADairy, Eggs & Fridge_SAFresh pasta & sauces_IFantastic Hokkien Noodles | 450g",Fantastic Hokkien Noodles | 450g,Fantastic,"Dairy, Eggs & Fridge",Fresh pasta & sauces,Fresh pasta & noodles,,$2.65,,$3.45,$0.59 per 100g,8679624,"Fantastic Fresh Noodles are quick and easy, making them the perfect solution for any meal. Add boiling water and cover for three minutes, Fantastic Fresh Hokkien Noodles can be used to make a delicious range of stir-fries, salads and soups.
No added MSG

Vegan Suitable

Serves 3-4

Heat and Serve

Made In Australia.",,,,,https://www.coles.com.au/product/fantastic-hokkien-noodles-450g-8679624,,,2024-06-17T16:24:48.392775-04:00
"Ind54SColes_ADairy, Eggs & Fridge_SA_ILatina Fresh Beef Ravioli Pasta | 625g",Latina Fresh Beef Ravioli Pasta | 625g,Latina,"Dairy, Eggs & Fridge",,,,$11.00,,,$1.76 per 100g,5404110,,,,,,https://www.coles.com.au/product/latina-fresh-beef-ravioli-pasta-625g-5404110,,,2024-06-17T16:24:58.875496-04:00
"Ind54SColes_ADairy, Eggs & Fridge_SA_I25 Degrees South Baby Spinach and Fetta Ravioli Pasta | 325g",25 Degrees South Baby Spinach and Fetta Ravioli Pasta | 325g,25 Degrees South,"Dairy, Eggs & Fridge",,,,$6.50,,$9.00,$2.00 per 100g,5152833,,,,,,https://www.coles.com.au/product/25-degrees-south-baby-spinach-and-fetta-ravioli-pasta-325g-5152833,,,2024-06-17T16:25:08.053256-04:00
"Ind54SColes_ADairy, Eggs & Fridge_SAReady to eat meals_ILatina Fresh Gluten Free Beef Ravioli Pasta | 280g",Latina Fresh Gluten Free Beef Ravioli Pasta | 280g,Latina,"Dairy, Eggs & Fridge",Ready to eat meals,Italian meals & pasta,,$8.75,Pick any 2 for $13,,$3.13 per 100g,2271450,,,,,,https://www.coles.com.au/product/latina-fresh-gluten-free-beef-ravioli-pasta-280g-2271450,,,2024-06-17T16:25:17.249589-04:00
"Ind54SColes_ADairy, Eggs & Fridge_SAReady to eat meals_ILatina Fresh Creamy Carbonara Pasta Sauce | 425g",Latina Fresh Creamy Carbonara Pasta Sauce | 425g,Latina,"Dairy, Eggs & Fridge",Ready to eat meals,Italian meals & pasta,,$7.50,,,$1.76 per 100g,5404109,"Latina Fresh Creamy Carbonara Pasta Sauce combines fresh Australian cream with bacon, Parmesan and various spices to instantly bring any pasta dish to life. Pair with Latina Fresh Classic Veal Tortellini Pasta for a fast and easy work lunch or dinner you'll love to enjoy again and again!
Creamy Italian-style carbonara sauce

Made with fresh Australian Milk & Cream

Cooks in 4 minutes

Perfect with any Latina Fresh pasta

Serves four",,,,,https://www.coles.com.au/product/latina-fresh-creamy-carbonara-pasta-sauce-425g-5404109,,,2024-06-17T16:25:27.220895-04:00
"Ind54SColes_ADairy, Eggs & Fridge_SA_IColes Finest Angus Beef Ragu Ravioli | 350g",Coles Finest Angus Beef Ragu Ravioli | 350g,Coles,"Dairy, Eggs & Fridge",,,,$6.50,,,$1.86 per 100g,3920195,"Crafted by Giovanni Di Sebastiano, a traditional style pasta maker who creates authentic Italian pasta in Australia. These thin, delicate pasta sheets are filled with the finest ingredients for a delicious meal.",,,"Per 100g/ml
Per Serving
%DI
Energy
1176.8
2059.4
24
Protein
13.3
23.28
47
Total Fat
11.7
20.48
29
Saturated Fat
5.2
9.1
38
Carbohydrate
29
50.75
16
Sodium
310
542.5
24
Energy (Cal)
281.53
492.68
Potassium
240
420
Trans
0.4
0.7
Dietary Fibre
3.1
5.43
* Percentage Daily Intakes are based on an average adult diet of 8700 kJ. Your daily intakes may be higher or lower depending on your energy needs.",,https://www.coles.com.au/product/coles-finest-angus-beef-ragu-ravioli-350g-3920195,,,2024-06-17T16:25:38.543128-04:00
"Ind54SColes_ADairy, Eggs & Fridge_SAReady to eat meals_ILatina Fresh Beef Bolognese Pasta Sauce | 425g",Latina Fresh Beef Bolognese Pasta Sauce | 425g,Latina,"Dairy, Eggs & Fridge",Ready to eat meals,Italian meals & pasta,,$7.50,,,$1.76 per 100g,5220241,"Perfect for topping pasta, Latina Fresh Beef Bolognese Pasta Sauce turns any last-minute dinner idea into something special. Fast to prepare, it's a delicious blend of ripe tomatoes and tender Australian beef with onion, olive oil, garlic and various spices. No artificial colours, flavours or preservatives.
Bolognese made with Australian Beef

No artificial colours or flavours

No preservatives

Perfect with any Latina Fresh pasta

Serves four",,,,,https://www.coles.com.au/product/latina-fresh-beef-bolognese-pasta-sauce-425g-5220241,,,2024-06-17T16:25:48.060898-04:00
"Ind54SColes_ADairy, Eggs & Fridge_SACanned food, soups & noodles_ISirena Snack Tuna Sweetcorn And Mayonnaise | 75g",Sirena Snack Tuna Sweetcorn And Mayonnaise | 75g,Sirena,"Dairy, Eggs & Fridge","Canned food, soups & noodles",Fish & seafood,,$3.20,,,$42.67 per 1kg,6648801,"Sirena Tuna & Sweet Corn Mayonnaise. A perfect blend of premium tuna and Japanese style mayonnaise with a kick. Ideal to eat with crackers, in a sandwich or avocado boat or added to your favorite salads. Ideal for school lunch box",,,"Per 100g/ml
Per Serving
%DI
Energy
619kJ
464kJ
Protein
15.1g
11.3g
Total Fat
7.2g
5.4g
Saturated Fat
1g
0.8g
Carbohydrate
5.3g
4g
Sugars
4.1g
3.1g
Sodium
656mg
492mg
Monounsaturated
1.6g
1.2g
Polyunsaturated
3.3g
2.5g
Trans
<0.1g
<0.1g
* Percentage Daily Intakes are based on an average adult diet of 8700 kJ. Your daily intakes may be higher or lower depending on your energy needs.",,https://www.coles.com.au/product/sirena-snack-tuna-sweetcorn-and-mayonnaise-75g-6648801,,,2024-06-17T16:25:59.064015-04:00
"Ind54SColes_ADairy, Eggs & Fridge_SAReady to eat meals_IColes Beef Ravioli Pasta | 600g",Coles Beef Ravioli Pasta | 600g,Coles,"Dairy, Eggs & Fridge",Ready to eat meals,Italian meals & pasta,,$5.50,,,$0.92 per 100g,2716080,Coles Pasta Beef Ravioli,,,"Per 100g/ml
Per Serving
%DI
Energy
1231.70
1847.55
Protein
12.80
19.20
Total Fat
8.70
13.05
Saturated Fat
2.9
4.4
18
Carbohydrate
39.40
59.10
Sugars
0.90
1.35
Sodium
320.00
480.00
Saturated
3.80
5.70
Energy (Cal)
294.67
442.00
Dietary Fibre (total)
2.80
4.20
Potassium
230.00
345.00
Trans
0.30
0.45
* Percentage Daily Intakes are based on an average adult diet of 8700 kJ. Your daily intakes may be higher or lower depending on your energy needs.",,https://www.coles.com.au/product/coles-beef-ravioli-pasta-600g-2716080,,,2024-06-17T16:26:56.006708-04:00
"Ind54SColes_ADairy, Eggs & Fridge_SAReady to eat meals_IIpastai Basil Pesto Sauce | 180g",Ipastai Basil Pesto Sauce | 180g,Ipastai,"Dairy, Eggs & Fridge",Ready to eat meals,Italian meals & pasta,,$7.50,,,$4.17 per 100g,6380389,"Italy's famous green sauce made the traditional way. Creamy, rich, green goodness for the perfect pasta or something more...think bruschetta, pizza, pie....let your imagination go green!",,,"Per 100g/ml
Per Serving
%DI
Energy
2270
1140
Protein
6.3
3.2
Total Fat
57.7
28.8
Saturated Fat
6.1
3.1
Carbohydrate
6.6
3.3
Sugars
3.2
1.6
Sodium
2210
1100
* Percentage Daily Intakes are based on an average adult diet of 8700 kJ. Your daily intakes may be higher or lower depending on your energy needs.",,https://www.coles.com.au/product/ipastai-basil-pesto-sauce-180g-6380389,,,2024-06-17T16:27:07.285041-04:00
"Ind54SColes_ADairy, Eggs & Fridge_SAReady to eat meals_IIpastai Bolognese Sauce | 300g",Ipastai Bolognese Sauce | 300g,Ipastai,"Dairy, Eggs & Fridge",Ready to eat meals,Italian meals & pasta,,$7.50,,,$2.50 per 100g,6474904,Bolognese Tomato and Meat Sauce. Slow cooked Italian sauce. ,,,,,https://www.coles.com.au/product/ipastai-bolognese-sauce-300g-6474904,,,2024-06-17T16:27:18.910452-04:00
"Ind54SColes_ADairy, Eggs & Fridge_SA_ISirena Snack Tuna Chilli And Mayonnaise | 75g",Sirena Snack Tuna Chilli And Mayonnaise | 75g,Sirena,"Dairy, Eggs & Fridge",,,,$3.20,,,$42.67 per 1kg,6648823,"Sirena Tuna & Chilli Mayonnaise. A perfect blend of premium tuna and Japanese style mayonnaise with a kick. Ideal to eat with crackers, in a sandwich or avocado boat or added to your favorite salads. Ideal for school lunch box",,,"Per 100g/ml
Per Serving
%DI
Energy
732kJ
549kJ
Protein
16.2g
12.2g
Total Fat
10.3g
7.7g
Saturated Fat
1.4g
1.1g
Carbohydrate
4.3g
3.2g
Sugars
3.4g
2.6g
Sodium
556mg
417mg
Monounsaturated
2.7g
2g
Polyunsaturated
5.9g
4.4g
Trans
<0.1g
<0.1g
* Percentage Daily Intakes are based on an average adult diet of 8700 kJ. Your daily intakes may be higher or lower depending on your energy needs.",,https://www.coles.com.au/product/sirena-snack-tuna-chilli-and-mayonnaise-75g-6648823,,,2024-06-17T16:27:31.997524-04:00
"Ind54SColes_ADairy, Eggs & Fridge_SAReady to eat meals_ILatina Fresh Italian Style Tomato & Garlic Pasta Sauce | 425g",Latina Fresh Italian Style Tomato & Garlic Pasta Sauce | 425g,Latina,"Dairy, Eggs & Fridge",Ready to eat meals,Italian meals & pasta,,$7.50,,,$1.76 per 100g,5233232,"Packed with umami goodness, Latina Fresh Italian Style Tomato & Garlic Pasta Sauce contains no artificial colours or flavours. This delicious blend of tomatoes, onion and olive oil with various herbs and spices makes a perfect topping for all sorts of pasta dishes. Try it in lasagna for a vegetarian-friendly twist.
Pasta sauce made with Australian Tomatoes

Great for lasagne

No artificial colours or flavours

Perfect with any Latina Fresh pasta

Serves four",,,,,https://www.coles.com.au/product/latina-fresh-italian-style-tomato-and-garlic-pasta-sauce-425g-5233232,,,2024-06-17T16:27:41.044585-04:00
"Ind54SColes_ADairy, Eggs & Fridge_SAReady to eat meals_IRana Spinach & Ricotta Tortellini | 565g",Rana Spinach & Ricotta Tortellini | 565g,Rana,"Dairy, Eggs & Fridge",Ready to eat meals,Italian meals & pasta,,$10.00,,,$1.77 per 100g,4274890,"Roughly chopped spinach and fabulously creamy, fresh ricotta, wrapped in paper thin pasta. Try serving them with a drizzle of extra-virgin olive oil, chilli flakes and a squeeze of fresh lemon. Now available in family size pack with 4 serves.",,,"Per 100g/ml
Per Serving
%DI
Energy
1167kJ
1645kJ
Protein
9g
12.7g
Total Fat
12g
16.9g
Saturated Fat
6.1g
8.6g
Carbohydrate
32g
45.1g
Sugars
4.1g
5.8g
Sodium
555mg
783mg
* Percentage Daily Intakes are based on an average adult diet of 8700 kJ. Your daily intakes may be higher or lower depending on your energy needs.",,https://www.coles.com.au/product/rana-spinach-and-ricotta-tortellini-565g-4274890,,,2024-06-17T16:27:55.711349-04:00
"Ind54SColes_ADairy, Eggs & Fridge_SA_IColes Nature's Kitchen Veggie Sauce | 425g",Coles Nature's Kitchen Veggie Sauce | 425g,Coles,"Dairy, Eggs & Fridge",,,,,,,,3649433,"Chunky veggie pasta sauce containing a blend of tomato, onion, carrot, zucchini, capsicum and celery",,,"Per 100g/ml
Per Serving
%DI
Energy
170.90
181.15
Protein
1.10
1.17
Carbohydrate
4.40
4.66
Sugars
2.60
2.76
Sodium
250.00
265.00
Saturated
0.20
0.21
Energy (Cal)
40.89
43.34
Fat
1.40
1.48
Dietary Fibre (total)
3.20
3.39
Trans
0.10
0.11
* Percentage Daily Intakes are based on an average adult diet of 8700 kJ. Your daily intakes may be higher or lower depending on your energy needs.",,https://www.coles.com.au/product/coles-nature's-kitchen-veggie-sauce-425g-3649433,,,2024-06-17T16:28:07.641669-04:00
"Ind54SColes_ADairy, Eggs & Fridge_SAReady to eat meals_IColes Plain Fettucine | 300g",Coles Plain Fettucine | 300g,Coles,"Dairy, Eggs & Fridge",Ready to eat meals,Italian meals & pasta,,$4.50,,,$1.50 per 100g,4293501,Coles Brand meals are made with quality ingredients. Enjoy delicious and convenient ready to heat creamy Fettucine.,,,"Per 100g/ml
Per Serving
%DI
Energy
1205.60
1808.40
Protein
12.90
19.35
Carbohydrate
53.20
79.80
Sugars
0.90
1.35
Sodium
7.00
10.50
Saturated
0.40
0.60
Energy (Cal)
288.42
432.63
Fat
1.50
2.25
Dietary Fibre (total)
3.30
4.95
* Percentage Daily Intakes are based on an average adult diet of 8700 kJ. Your daily intakes may be higher or lower depending on your energy needs.",,https://www.coles.com.au/product/coles-plain-fettucine-300g-4293501,,,2024-06-17T16:28:21.132268-04:00
"Ind54SColes_ADairy, Eggs & Fridge_SAReady to eat meals_IColes Kitchen Honey Soy & Garlic Stir Fry Sauce | 200g",Coles Kitchen Honey Soy & Garlic Stir Fry Sauce | 200g,Coles,"Dairy, Eggs & Fridge",Ready to eat meals,Italian meals & pasta,,$4.50,,,$2.25 per 100g,7748448,"Coles Kitchen Real Food Fast Honey, Soy and Garlic Stir Fry Sauce 200g.

Ready in minutes
No artificial colours and flavours
Delicious blend of sweet honey, savoury soy and garlic

Cook up a family favourite with Coles Kitchen Honey, Soy Garlic Stir Fry Sauce.
This classic combination of garlic, sweet honey and savoury soy packs a flavour punch and is great paired with chicken, beef or pork strips. For a tasty vegetarian option try swapping out the meat for firm fried tofu. You can use any vegetables you have on hand, but broccoli, cauliflower and snow peas are all popular choices.

Coles Kitchen Honey, Soy and Garlic Stir Fry Sauce helps you cut down on meal prep so dinner comes together fast. Just make sure you have all your ingredients ready to go before you fire up the stove because the actual cooking happens quickly. Part of what makes stir fries great is their versatility so feel free to get creative with Coles Kitchen Honey, Soy and Garlic Stir Fry Sauce and different veggies and toppings. Serve with Hokkien noodles or fluffy rice.

Coles Kitchen tip: Build even more flavour into your dish with a sprinkling of chopped spring onions and chilli flakes.",,,"Per 100g/ml
Per Serving
%DI
Energy
414
207
2
Protein
1.2
LESS THAN 1g
1
Total Fat
LESS THAN 1g
LESS THAN 1g
1
Saturated Fat
LESS THAN 1g
LESS THAN 1g
0
Carbohydrate
19.7
9.9
3
Sodium
549
275
12
Energy (Cal)
99
50
* Percentage Daily Intakes are based on an average adult diet of 8700 kJ. Your daily intakes may be higher or lower depending on your energy needs.",,https://www.coles.com.au/product/coles-kitchen-honey-soy-and-garlic-stir-fry-sauce-200g-7748448,,,2024-06-17T16:28:32.227784-04:00
"Ind54SColes_ADairy, Eggs & Fridge_SAContinental_IContinental Snack Pots Cheesy Tomato Pasta | 70g",Continental Snack Pots Cheesy Tomato Pasta | 70g,Continental,"Dairy, Eggs & Fridge",Continental,"Soup, Rice & Pasta",,$3.00,Pick any 2 for $4.50,,$4.29 per 100g,3831266,"Continental Snack Pot Cheesy Tomato Pasta is delicious rice made with ingredients of natural origin. Just add boiling water, stir well, wait 6 minutes and it is ready!

Free from artificial colour, artificial flavours, preservatives and no added MSG. Continental Snack Pot Cheesy Tomato Pasta are an easy and delicious way for you to enjoy your favourite cheesy tomato pasta. The perfect light snack or a mini meal.

Continental Snack Pots have four variants in the range: Curry Rice, Cheesy Rice, Cheese & Bacon Pasta and Cheesy Tomato Pasta.

For more information and to learn more about all Continental products visit continental.com.au.

How to Prepare: Peel open the lid halfway, then carefully pour boiling water to the fill line. Stir well then close lid over pot. Leave to stand for 6 minutes. Stir again, then enjoy! CAUTION: CUP AND CONTENTS WILL BE HOT.

Ingredients: Rice (79%), cheese powder (6%), starch (potato, corn), skim milk powder, yeast extract, salt, natural cheese flavours (contain milk), onion powder, mineral salt (potassium chloride), chives (0.3%), vegetable oil, natural colours (carotene, carmine), pepper extract.
Continental Snack Pots are a source of protein

Continental Snack Pots are a great mini meal

Continental Snack Pots are free from artificial colour

Continental Snack Pots are free from artificial flavours

Continental Snack Pots are free from preservatives

Continental Snack Pots are made with ingredients of natural origin.",,,,,https://www.coles.com.au/product/continental-snack-pots-cheesy-tomato-pasta-70g-3831266,,,2024-06-17T16:28:42.319619-04:00
"Ind54SColes_ADairy, Eggs & Fridge_SAReady to eat meals_IColes Ricotta Spinach Agnolotti Pasta | 600g",Coles Ricotta Spinach Agnolotti Pasta | 600g,Coles,"Dairy, Eggs & Fridge",Ready to eat meals,Italian meals & pasta,,$5.50,,,$0.92 per 100g,2714303,Coles Spinach & Ricotta Agnolotti,,,"Per 100g/ml
Per Serving
%DI
Energy
1040
1570
18
Protein
10.7
16.1
32
Total Fat
5.1
7.7
11
Saturated Fat
3.4
5.1
21
Carbohydrate
37.6
56.4
18
Sugars
1.50
2.25
Sodium
324
486
21
Saturated
2.30
3.45
Energy (Cal)
250
374
Dietary Fibre (total)
3.20
4.80
* Percentage Daily Intakes are based on an average adult diet of 8700 kJ. Your daily intakes may be higher or lower depending on your energy needs.",,https://www.coles.com.au/product/coles-ricotta-spinach-agnolotti-pasta-600g-2714303,,,2024-06-17T16:28:53.912309-04:00
"Ind54SColes_ADairy, Eggs & Fridge_SA_ILatina Fresh Veal Tortellini Pasta | 625g",Latina Fresh Veal Tortellini Pasta | 625g,Latina,"Dairy, Eggs & Fridge",,,,$11.00,,,$1.76 per 100g,5404131,,,,,,https://www.coles.com.au/product/latina-fresh-veal-tortellini-pasta-625g-5404131,,,2024-06-17T16:29:04.277001-04:00
"Ind54SColes_ADairy, Eggs & Fridge_SAFresh pasta & sauces_IFantastic Singapore Noodles | 350g",Fantastic Singapore Noodles | 350g,Fantastic,"Dairy, Eggs & Fridge",Fresh pasta & sauces,Fresh pasta & noodles,,$2.30,,$3.05,$0.66 per 100g,8679588,"Fantastic Fresh Noodles are quick and easy, making them the perfect solution for any meal. Add boiling water and cover for three minutes, Fantastic Fresh Singapore  can be used to make a delicious range of stir-fries, salads and soups.
No added MSG

No artificial colours and flavours

Vegan suitable",,,,,https://www.coles.com.au/product/fantastic-singapore-noodles-350g-8679588,,,2024-06-17T16:29:15.271466-04:00
"Ind54SColes_ADairy, Eggs & Fridge_SA_IGrand Italian Potato Gnocchi | 500g",Grand Italian Potato Gnocchi | 500g,Grand Italian,"Dairy, Eggs & Fridge",,,,$6.00,,,$1.20 per 100g,3776882,"Our Grand Italian range of gnocchi are specially made with steamed fresh potato to create fluffy pillows of delicious goodness! The range offers a variety of natural and traditional Italian flavours.  No preservatives or artificials, made with natural or fresh ingredients locally sourced, give the Grand Italian Gnocchi range its hand-made taste experience.
Made with steamed fresh potato!",,,"Per 100g/ml
Per Serving
%DI
Energy
552kJ
690kJ
8%
Protein
4.7g
5.9g
12%
Total Fat
0.6g
0.8g
1%
Saturated Fat
0.1g
0.1g
<1%
Carbohydrate
25.4g
31.8g
10%
Sugars
3.0g
3.8g
4%
Sodium
165mg
206mg
9%
Energy (Cal)
132Cal
165Cal
8%
Dietary Fibre (total)
2.3g
2.9g
10%
* Percentage Daily Intakes are based on an average adult diet of 8700 kJ. Your daily intakes may be higher or lower depending on your energy needs.",,https://www.coles.com.au/product/grand-italian-potato-gnocchi-500g-3776882,,,2024-06-17T16:29:27.740611-04:00
"Ind54SColes_ADairy, Eggs & Fridge_SA_ILatina Fresh Creamy Sun-Dried Tomato Pasta Sauce | 425g",Latina Fresh Creamy Sun-Dried Tomato Pasta Sauce | 425g,Latina,"Dairy, Eggs & Fridge",,,,$7.50,,,$1.76 per 100g,6026890,"The perfect pasta topper, Latina Fresh Creamy Sun-dried Tomato Pasta Sauce is umami-delicious with no artificial colours or flavours. Blended with fresh cream and milk, onion, olive oil and basil, it's versatile enough to pair with a variety of meals, from gnocchi and risotto to chicken parmigiana.
Tomato sauce with fresh Australian Cream & Milk

No artificial colours

No artificial flavours

Perfect with any Latina Fresh pasta

Serves four",,,,,https://www.coles.com.au/product/latina-fresh-creamy-sun-dried-tomato-pasta-sauce-425g-6026890,,,2024-06-17T16:29:37.818239-04:00
"Ind54SColes_ADairy, Eggs & Fridge_SA_IColes Kitchen Satay Style Stir Fry Sauce | 200g",Coles Kitchen Satay Style Stir Fry Sauce | 200g,Coles,"Dairy, Eggs & Fridge",,,,$4.50,,,$2.25 per 100g,7748459,Logo: Vegetarian (as per DHO)Logo: NAFNAC (as per DHO)4 serves,,,"Per 100g/ml
Per Serving
%DI
Energy
535
268
3
Protein
3.4
1.7
3
Total Fat
8.4
4.2
6
Saturated Fat
3.1
1.5
6
Carbohydrate
7.4
3.7
1
Sodium
253
127
6
Energy (Cal)
128
64
trans
LESS THAN 0.1g
LESS THAN 0.1g
* Percentage Daily Intakes are based on an average adult diet of 8700 kJ. Your daily intakes may be higher or lower depending on your energy needs.",,https://www.coles.com.au/product/coles-kitchen-satay-style-stir-fry-sauce-200g-7748459,,,2024-06-17T16:29:50.202540-04:00
"Ind54SColes_ADairy, Eggs & Fridge_SA_ILatina Fresh Roast Chicken & Garlic Ravioli Pasta | 625g",Latina Fresh Roast Chicken & Garlic Ravioli Pasta | 625g,Latina,"Dairy, Eggs & Fridge",,,,$11.00,,,$1.76 per 100g,7294409,"This 5-minute Latina Fresh Classic Roast Chicken & Garlic Ravioli Pasta makes the perfect easy family dinner, combined with your favourite Latina Carbonara pasta sauce. A good source of protein and fibre, it also contains no artificial colours or flavours. Combine with shredded red cabbage and carrots for a tasty twist on traditional coleslaw.
Ravioli made with Australian Chicken

Good source of protein

Good source of fibre

No artificial colours or flavours

Serves four",,,,"Durum Wheat Semolina, Water, Breadcrumbs (Wheat Flour, Yeast, Sugar, Salt, Wheat Gluten), Roast Chicken (10%), Onion (5%), Butter (Milk), Egg, Salt, Canola Oil, Garlic (1%), Flavour, Wheat Fibre, Black Pepper (0.05%). Pasta wrapped around a Roast Chicken and Garlic filling.",https://www.coles.com.au/product/latina-fresh-roast-chicken-and-garlic-ravioli-pasta-625g-7294409,,,2024-06-17T16:29:59.849662-04:00
"Ind54SColes_ADairy, Eggs & Fridge_SAReady to eat meals_ILatina Fresh Veal Tortellini Pasta | 375g",Latina Fresh Veal Tortellini Pasta | 375g,Latina,"Dairy, Eggs & Fridge",Ready to eat meals,Italian meals & pasta,,$6.50,,$8.00,$1.73 per 100g,5051836,,,,,,https://www.coles.com.au/product/latina-fresh-veal-tortellini-pasta-375g-5051836,,,2024-06-17T16:30:11.184833-04:00
"Ind54SColes_ADairy, Eggs & Fridge_SAFresh pasta & sauces_IChang's Super Lo-Cal Traditional Noodles | 390g",Chang's Super Lo-Cal Traditional Noodles | 390g,Changs,"Dairy, Eggs & Fridge",Fresh pasta & sauces,Fresh pasta & noodles,,$3.00,,,$0.77 per 100g,8864976,The Super Lo-Cal Noodle is made from the soluble fibre derived from the Konjac Root. It has been used widely in Japan in hot pots and soup for many years. It takes on the flavours of the sauce or soup readily.,,,"Per 100g/ml
Per Serving
%DI
Energy
44kJ
44kJ
Protein
0.1g
0.1g
Total Fat
<0.1g
<0.1g
Saturated Fat
<0.1g
<0.1g
Carbohydrate
<0.5g
<0.5g
Sugars
<0.5g
<0.5g
Cholesterol
0.5mg
0.5mg
Sodium
<0.5mg
<0.5mg
Monounsaturated
<0.1g
<0.1g
Dietary Fibre (total)
3.7g
3.7g
Polyunsaturated
<0.1g
<0.1g
Gluten
0g
0g
Trans
<0.1g
<0.1g
* Percentage Daily Intakes are based on an average adult diet of 8700 kJ. Your daily intakes may be higher or lower depending on your energy needs.",,https://www.coles.com.au/product/chang's-super-lo-cal-traditional-noodles-390g-8864976,,,2024-06-17T16:30:26.280801-04:00
"Ind54SColes_ADairy, Eggs & Fridge_SA_IRana Four Cheese Ravioli | 325g",Rana Four Cheese Ravioli | 325g,Rana,"Dairy, Eggs & Fridge",,,,$8.00,,,$2.46 per 100g,3091159,"A delicious and generous filling made with selected varieties of cheeses, wrapped in paper thin pasta. Discover the perfect balance between aromatic and sweet flavours.",,,,"Filling 52%: Semiprocessed Low Fat Cheese 26% [Low Fat Cheese 43% (Milk, Salt, Non-Animal Rennet), Sunflower Oil, Potato Starch, Water, Salt], Ricotta Cheese 10% (Whey, Milk, Salt, Citric Acid), Cream, Vegetable Fibres, Edamer Cheese 7% (Milk, Salt, Non-Animal Rennet), Full Fat Hard Cheese 6% (Milk, Salt, Non-Animal Rennet), Breadcrumbs (Soft Wheat Flour, Salt, Yeast), Gorgonzola Cheese 5% (Milk, Salt, Animal Rennet, Culture), Whey Powder (from Milk), Starches, Emmental Cheese 3% (Milk, Salt, Non-Animal Rennet), Sunflower Oil, Natural Flavouring, Salt, Yeast Extract, Pasta 48%: Soft Wheat Flour, Egg 30%, Durum Wheat Semolina",https://www.coles.com.au/product/rana-four-cheese-ravioli-325g-3091159,,,2024-06-17T16:30:35.359528-04:00
"Ind54SColes_ADairy, Eggs & Fridge_SA_I25 Degrees South Victorian Three Cheese Ravioli Pasta | 325g",25 Degrees South Victorian Three Cheese Ravioli Pasta | 325g,25 Degrees South,"Dairy, Eggs & Fridge",,,,$6.50,,$9.00,$2.00 per 100g,4274744,,,,,,https://www.coles.com.au/product/25-degrees-south-victorian-three-cheese-ravioli-pasta-325g-4274744,,,2024-06-17T16:30:47.949718-04:00
"Ind54SColes_ADairy, Eggs & Fridge_SA_IColes Kitchen Singapore Egg Noodles | 300g",Coles Kitchen Singapore Egg Noodles | 300g,Coles,"Dairy, Eggs & Fridge",,,,$3.60,,,$1.20 per 100g,5578303,Wheat based egg noodles perfect for stir-fries,,,"Per 100g/ml
Per Serving
%DI
Energy
1183.70
1775.55
Protein
12.20
18.30
Total Fat
1.40
2.10
Saturated Fat
0.40
0.60
Carbohydrate
53.30
79.95
Sugars
0.80
1.20
Sodium
350.00
525.00
Saturated
0.40
0.60
Energy (Cal)
283.18
424.77
Fat
1.40
2.10
Dietary Fibre (total)
2.30
3.45
* Percentage Daily Intakes are based on an average adult diet of 8700 kJ. Your daily intakes may be higher or lower depending on your energy needs.",,https://www.coles.com.au/product/coles-kitchen-singapore-egg-noodles-300g-5578303,,,2024-06-17T16:30:58.731210-04:00
"Ind54SColes_ADairy, Eggs & Fridge_SAReady to eat meals_IColes Kitchen Potato Gnocchi | 500g",Coles Kitchen Potato Gnocchi | 500g,Coles,"Dairy, Eggs & Fridge",Ready to eat meals,Italian meals & pasta,,$5.00,,,$1.00 per 100g,3167363,"KITCHEN INSPIRED CREATIONSFrom our kitchen to yours......Experience the taste of Italy at home.We have blended fresh Australian potato and free range egg with flour to create pillows of soft gnocchi, ready to serve with a sauce of your choice. A delicious meal, full of flavour and ready in minutes",,,"Per 100g/ml
Per Serving
%DI
Energy
789.50
986.88
Protein
5.20
6.50
Total Fat
0.50
0.63
Saturated Fat
LESS THAN 1g
LESS THAN 1g
2
Carbohydrate
38.60
48.25
Sugars
0.50
0.63
Sodium
142.00
177.50
Energy (Cal)
188.88
236.09
Dietary Fibre (total)
3.30
4.13
* Percentage Daily Intakes are based on an average adult diet of 8700 kJ. Your daily intakes may be higher or lower depending on your energy needs.",,https://www.coles.com.au/product/coles-kitchen-potato-gnocchi-500g-3167363,,,2024-06-17T16:31:12.834171-04:00
"Ind54SColes_ADairy, Eggs & Fridge_SAReady to eat meals_IRana Pumpkin & Caramelised Onion Ravioli | 325g",Rana Pumpkin & Caramelised Onion Ravioli | 325g,Rana,"Dairy, Eggs & Fridge",Ready to eat meals,Italian meals & pasta,,$8.00,,,$2.46 per 100g,3091148,"Love the sweetness of the delicious Pumpkin with a touch of roasted onion, wrapped in paper thin pasta. A true flavours explosion.",,,,,https://www.coles.com.au/product/rana-pumpkin-and-caramelised-onion-ravioli-325g-3091148,,,2024-06-17T16:31:21.881046-04:00
"Ind54SColes_ADairy, Eggs & Fridge_SA_I25 Degrees South Native Pumpkin Ricotta Ravioli Pasta | 325g",25 Degrees South Native Pumpkin Ricotta Ravioli Pasta | 325g,25 Degrees South,"Dairy, Eggs & Fridge",,,,$6.50,,$9.00,$2.00 per 100g,4274733,,,,,,https://www.coles.com.au/product/25-degrees-south-native-pumpkin-ricotta-ravioli-pasta-325g-4274733,,,2024-06-17T16:31:32.346592-04:00
"Ind54SColes_ADairy, Eggs & Fridge_SAReady to eat meals_IColes Kitchen Pumpkin Gnocchi | 500g",Coles Kitchen Pumpkin Gnocchi | 500g,Coles,"Dairy, Eggs & Fridge",Ready to eat meals,Italian meals & pasta,,$5.00,,,$1.00 per 100g,3467516,"KITCHEN INSPIRED CREATIONS From our kitchen to yours...... Experience the taste of Italy at home. We have blended Australian potato and pumpkin with flour to create pillows of soft gnocchi, ready to serve with a sauce of your choice. A delicious meal, full of flavour and ready in minutes",,,"Per 100g/ml
Per Serving
%DI
Energy
770.7
963.375
Protein
4.9
6.125
Carbohydrate
37.5
46.875
Sugars
1.4
1.75
Sodium
257
321.25
Saturated
0.1
0.125
Energy (Cal)
184.3779904
230.472488
Fat
0.7
0.875
Dietary Fibre (total)
3
3.75
* Percentage Daily Intakes are based on an average adult diet of 8700 kJ. Your daily intakes may be higher or lower depending on your energy needs.",,https://www.coles.com.au/product/coles-kitchen-pumpkin-gnocchi-500g-3467516,,,2024-06-17T16:31:43.564590-04:00
"Ind54SColes_ADairy, Eggs & Fridge_SAReady to eat meals_ILatina Lasagne Ravioli | 625g",Latina Lasagne Ravioli | 625g,Latina,"Dairy, Eggs & Fridge",Ready to eat meals,Italian meals & pasta,,$11.00,,,$1.76 per 100g,5577548,,,,,,https://www.coles.com.au/product/latina-lasagne-ravioli-625g-5577548,,,2024-06-17T16:31:53.786889-04:00
"Ind54SColes_ADairy, Eggs & Fridge_SA_ILatina Fresh Gluten Free Ricotta & Spinach Agnolotti Pasta | 280g",Latina Fresh Gluten Free Ricotta & Spinach Agnolotti Pasta | 280g,Latina,"Dairy, Eggs & Fridge",,,,$8.75,Pick any 2 for $13,,$3.13 per 100g,2271520,,,,,,https://www.coles.com.au/product/latina-fresh-gluten-free-ricotta-and-spinach-agnolotti-pasta-280g-2271520,,,2024-06-17T16:32:03.836464-04:00
"Ind54SColes_ADairy, Eggs & Fridge_SAColes Finest_IColes Finest Filled Gnocchi Mozz Parmi Reggi & Ricotta | 350g",Coles Finest Filled Gnocchi Mozz Parmi Reggi & Ricotta | 350g,Coles,"Dairy, Eggs & Fridge",Coles Finest,meals,,$6.00,,,$1.71 per 100g,3920220,"Light, fluffy Italian gnocchi made with fresh potatoes filled with Italian ricotta, 24 month aged Parmigiano Reggiano and mozzarella cheeses",,,"Per 100g/ml
Per Serving
%DI
Energy
704
1230
14
Protein
5.9
10.3
21
Total Fat
3.45
6.03
9
Saturated Fat
2.30
4.03
17
Carbohydrate
27.1
47.4
15
Sugars
4.09
7.16
8
Sodium
394
690
30
Energy (Cal)
168
295
0
Dietary Fibre (total)
1.98
3.47
12
* Percentage Daily Intakes are based on an average adult diet of 8700 kJ. Your daily intakes may be higher or lower depending on your energy needs.",,https://www.coles.com.au/product/coles-finest-filled-gnocchi-mozz-parmi-reggi-and-ricotta-350g-3920220,,,2024-06-17T16:32:17.502096-04:00
"Ind54SColes_ADairy, Eggs & Fridge_SAContinental_IContinental Snack Pot Cheese & Bacon Pasta | 70g",Continental Snack Pot Cheese & Bacon Pasta | 70g,Continental,"Dairy, Eggs & Fridge",Continental,"Soup, Rice & Pasta",,$3.00,Pick any 2 for $4.50,,$4.29 per 100g,3831255,"Continental Snack Pot Cheese & Bacon Pasta is a delicious instant pasta made with ingredients of natural origin. Just add boiling water, stir well, wait 6 minutes and it is ready!

Free from artificial colour, artificial flavours and preservatives, Continental Snack Pot Cheese & Bacon Pasta is an easy and delicious way for you to enjoy your favourite cheese & bacon pasta. The perfect light snack or a mini meal.

Continental Snack Pots have four variants in the range: Curry Rice, Cheesy Rice, Cheese & Bacon Pasta and Cheesy Tomato Pasta.

For more information and to learn more about all Continental products visit continental.com.au.

How to Prepare: Peel open the lid halfway, then carefully pour boiling water to the fill line. Stir well then close lid over pot. Leave to stand for 6 minutes. Stir again, then enjoy! CAUTION: CUP AND CONTENTS WILL BE HOT.

Ingredients: Pasta (57%) (wheat semolina, egg white powder), maltodextrin, cream powder, starch (potato, corn), cheese powder (4%), creamer (vegetable oil, glucose syrup, lactose, milk protein, mineral salts (340, 452)), natural
flavours (contain milk), bacon powder (1.5%), salt, chives (0.7%), mineral salt (potassium chloride), sugar, yeast extract, onion powder, vegetable oil, natural colour (turmeric).
Continental Snack Pots are a source of protein

Continental Snack Pots are a great mini meal

Continental Snack Pots are free from artificial colour

Continental Snack Pots are free from artificial flavours

Continental Snack Pots are free from preservatives

Continental Snack Pots are made with ingredients of natural origin.",,,,"Pasta (57%) (wheat semolina, egg white powder), maltodextrin, potato starch, cream powder, creamer [contains milk, mineral salts (339 or 340, 450 or 451)], cheese powder (4%), natural flavours (contain milk), salt, bacon powder (1.5%), skim milk powder, chives (0.7%), vegetable oil, yeast extract, mineral salt (potassium chloride), sugar, onion powder, natural colour (turmeric). Contains naturally occurring glutamates.",https://www.coles.com.au/product/continental-snack-pot-cheese-and-bacon-pasta-70g-3831255,,,2024-06-17T16:32:27.444538-04:00
"Ind54SColes_ADairy, Eggs & Fridge_SAReady to eat meals_IColes Pasta Tortellini Veal | 600g",Coles Pasta Tortellini Veal | 600g,Coles,"Dairy, Eggs & Fridge",Ready to eat meals,Italian meals & pasta,,$5.50,,,$0.92 per 100g,2714289,Coles Veal Tortellini,,,"Per 100g/ml
Per Serving
%DI
Energy
1170
1760
20
Protein
12.4
18.6
37
Total Fat
7.3
11.0
16
Saturated Fat
1.2
1.8
8
Carbohydrate
39.5
59.3
19
Sugars
1.30
1.95
Sodium
258
387
17
Saturated
2.60
3.90
Energy (Cal)
281
421
Dietary Fibre (total)
3.20
4.80
Trans
0.20
0.30
* Percentage Daily Intakes are based on an average adult diet of 8700 kJ. Your daily intakes may be higher or lower depending on your energy needs.",,https://www.coles.com.au/product/coles-pasta-tortellini-veal-600g-2714289,,,2024-06-17T16:32:39.961548-04:00
"Ind54SColes_ADairy, Eggs & Fridge_SAReady to eat meals_ILatina Tomato & Bacon Pasta Sauce | 425g",Latina Tomato & Bacon Pasta Sauce | 425g,Latina,"Dairy, Eggs & Fridge",Ready to eat meals,Italian meals & pasta,,$7.50,,,$1.76 per 100g,7730045,,,,,,https://www.coles.com.au/product/latina-tomato-and-bacon-pasta-sauce-425g-7730045,,,2024-06-17T16:32:51.843876-04:00
"Ind54SColes_ADairy, Eggs & Fridge_SAReady to eat meals_IColes Chicken Tortellini | 600g",Coles Chicken Tortellini | 600g,Coles,"Dairy, Eggs & Fridge",Ready to eat meals,Italian meals & pasta,,$5.50,,,$0.92 per 100g,3920118,Coles Pasta Chicken Tortellini,,,"Per 100g/ml
Per Serving
%DI
Energy
1055.30
1582.95
Protein
12.60
18.90
Total Fat
4.60
6.90
Carbohydrate
37.30
55.95
Sugars
0.30
0.45
Sodium
260.00
390.00
Saturated
1.90
2.85
Energy (Cal)
252.46
378.70
Dietary Fibre (total)
4.60
6.90
* Percentage Daily Intakes are based on an average adult diet of 8700 kJ. Your daily intakes may be higher or lower depending on your energy needs.",,https://www.coles.com.au/product/coles-chicken-tortellini-600g-3920118,,,2024-06-17T16:33:05.853892-04:00
"Ind54SColes_ADairy, Eggs & Fridge_SAReady to eat meals_IColes Kitchen Creamy Carbonara Sauce | 425g",Coles Kitchen Creamy Carbonara Sauce | 425g,Coles,"Dairy, Eggs & Fridge",Ready to eat meals,Italian meals & pasta,,,,,,3920457,"From our kitchen to yours, Coles Kitchen offers you great-tasting food that is ready when you are",,,"Per 100g/ml
Per Serving
%DI
Energy
551.60
584.70
Protein
3.90
4.13
Carbohydrate
6.00
6.36
Sugars
1.80
1.91
Sodium
220.00
233.20
Saturated
6.20
6.57
Energy (Cal)
131.96
139.88
Fat
10.10
10.71
Dietary Fibre (total)
1.20
1.27
Trans
0.40
0.42
* Percentage Daily Intakes are based on an average adult diet of 8700 kJ. Your daily intakes may be higher or lower depending on your energy needs.",,https://www.coles.com.au/product/coles-kitchen-creamy-carbonara-sauce-425g-3920457,,,2024-06-17T16:33:17.080734-04:00
"Ind54SColes_ADairy, Eggs & Fridge_SAReady to eat meals_ILatina Fresh Egg Fettuccine Pasta | 375g",Latina Fresh Egg Fettuccine Pasta | 375g,Latina,"Dairy, Eggs & Fridge",Ready to eat meals,Italian meals & pasta,,$6.00,,,$1.60 per 100g,5051790,,,,,,https://www.coles.com.au/product/latina-fresh-egg-fettuccine-pasta-375g-5051790,,,2024-06-17T16:33:26.750779-04:00
"Ind54SColes_ADairy, Eggs & Fridge_SAReady to eat meals_ILatina Fresh Ricotta & Spinach Agnolotti Pasta | 625g",Latina Fresh Ricotta & Spinach Agnolotti Pasta | 625g,Latina,"Dairy, Eggs & Fridge",Ready to eat meals,Italian meals & pasta,,$11.00,,,$1.76 per 100g,5469181,,,,,,https://www.coles.com.au/product/latina-fresh-ricotta-and-spinach-agnolotti-pasta-625g-5469181,,,2024-06-17T16:33:36.049722-04:00
"Ind54SColes_ADairy, Eggs & Fridge_SAReady to eat meals_ILatina Fresh Kids Mini Ravioli Pasta Beef & Vegetable | 200g",Latina Fresh Kids Mini Ravioli Pasta Beef & Vegetable | 200g,Latina,"Dairy, Eggs & Fridge",Ready to eat meals,Italian meals & pasta,,$6.00,Pick any 2 for $9,,$3.00 per 100g,6393915,,,,,,https://www.coles.com.au/product/latina-fresh-kids-mini-ravioli-pasta-beef-and-vegetable-200g-6393915,,,2024-06-17T17:51:16.216809-04:00
"Ind54SColes_ADairy, Eggs & Fridge_SAGarlic Bread & Pastry Sheets_ILa Famiglia Garlic Bread | 400g",La Famiglia Garlic Bread | 400g,La Famiglia,"Dairy, Eggs & Fridge",Garlic Bread & Pastry Sheets,Chilled Garlic & Specialty Breads,,$5.00,,,$1.25 per 100g,6146213,"From our kitchen to yours Get golden crusty garlic bread in eight minutes. La Famiglia Garlic Bread is made with fresh garlic, fresh parsley and soft butter. La Famiglia is Australia's favourite chilled bread brand* for a reason. Golden, crusty and full of flavour, simply bake our garlic bread in the oven for eight minutes and enjoy. You can also cook this garlic bread on the BBQ, or under the grill if you prefer. *54.9% market share (MAT Aug 2021) This product is suitable for vegetarians. La Famiglia Traditional Garlic Bread is baked with fresh garlic, delicious parsley and soft butter. Pair it with pasta and lasagne.",,,"Per 100g/ml
Per Serving
%DI
Energy
1570kJ
520kJ
6%
Protein
8.5g
2.8g
6%
Total Fat
16.7g
5.5g
8%
Saturated Fat
9.7g
3.2g
13%
Carbohydrate
47.5g
15.7g
5%
Sugars
2.3g
0.8g
1%
Sodium
690mg
230mg
10%
* Percentage Daily Intakes are based on an average adult diet of 8700 kJ. Your daily intakes may be higher or lower depending on your energy needs.",,https://www.coles.com.au/product/la-famiglia-garlic-bread-400g-6146213,,,2024-06-17T16:34:32.249994-04:00
"Ind54SColes_ADairy, Eggs & Fridge_SAGarlic Bread & Pastry Sheets_IColes Kitchen Cheese & Garlic Baguette | 250g",Coles Kitchen Cheese & Garlic Baguette | 250g,Coles,"Dairy, Eggs & Fridge",Garlic Bread & Pastry Sheets,Chilled Garlic & Specialty Breads,,$2.60,,,$1.04 per 100g,3766426,"From our kitchen to yours, Coles Kitchen offers you great-tasting food that is ready when you are",,,"Per 100g/ml
Per Serving
%DI
Energy
1383.40
691.70
Protein
8.90
4.45
Carbohydrate
35.00
17.50
Sugars
2.50
1.25
Sodium
527.00
263.50
Saturated
9.30
4.65
Energy (Cal)
330.96
165.48
Fat
16.70
8.35
Dietary Fibre (total)
2.40
1.20
Trans
0.50
0.25
* Percentage Daily Intakes are based on an average adult diet of 8700 kJ. Your daily intakes may be higher or lower depending on your energy needs.",,https://www.coles.com.au/product/coles-kitchen-cheese-and-garlic-baguette-250g-3766426,,,2024-06-17T16:34:43.544644-04:00
"Ind54SColes_ADairy, Eggs & Fridge_SAGarlic Bread & Pastry Sheets_IColes Simply Garlic Bread Twin Pack | 450g",Coles Simply Garlic Bread Twin Pack | 450g,Coles,"Dairy, Eggs & Fridge",Garlic Bread & Pastry Sheets,Chilled Garlic & Specialty Breads,,$2.30,,,$0.51 per 100g,7319725,"From Coles Brand, Garlic Bread Twin Pack. It is a great addition to your meal.",,,"Per 100g/ml
Per Serving
%DI
Energy
1280.86
576.39
Protein
7.68
3.46
Carbohydrate
39.50
17.78
Sugars
2.32
1.04
Sodium
570.00
256.50
Saturated
4.55
2.05
Energy (Cal)
306.43
137.89
Fat
12.40
5.58
Dietary Fibre (total)
2.50
1.13
Trans
0.05
0.02
* Percentage Daily Intakes are based on an average adult diet of 8700 kJ. Your daily intakes may be higher or lower depending on your energy needs.",,https://www.coles.com.au/product/coles-simply-garlic-bread-twin-pack-450g-7319725,,,2024-06-17T16:34:54.723984-04:00
"Ind54SColes_ADairy, Eggs & Fridge_SA_IAunty Kath's Chocolate Chip Cookie Dough | 450g",Aunty Kath's Chocolate Chip Cookie Dough | 450g,Aunty Kaths,"Dairy, Eggs & Fridge",,,,$6.90,,,$1.53 per 100g,6082530,Cookie dough with choc chips,,,"Per 100g/ml
Per Serving
%DI
Energy
1660kJ
499kJ
Protein
5.1g
1.5g
Total Fat
9.1g
2.7g
Saturated Fat
4.5g
1.4g
Carbohydrate
72.9g
21.9g
Sugars
28.3g
8.5g
Sodium
250mg
75mg
* Percentage Daily Intakes are based on an average adult diet of 8700 kJ. Your daily intakes may be higher or lower depending on your energy needs.",,https://www.coles.com.au/product/aunty-kath's-chocolate-chip-cookie-dough-450g-6082530,,,2024-06-17T16:35:07.502279-04:00
"Ind54SColes_ADairy, Eggs & Fridge_SAGarlic Bread & Pastry Sheets_ILa Famiglia Just For 2 Cheesy Pesto Garlic Bread | 190g",La Famiglia Just For 2 Cheesy Pesto Garlic Bread | 190g,La Famiglia,"Dairy, Eggs & Fridge",Garlic Bread & Pastry Sheets,Chilled Garlic & Specialty Breads,,$4.50,,,$2.37 per 100g,7852552,,,,,,https://www.coles.com.au/product/la-famiglia-just-for-2-cheesy-pesto-garlic-bread-190g-7852552,,,2024-06-17T16:35:16.638385-04:00
"Ind54SColes_ADairy, Eggs & Fridge_SAGarlic Bread & Pastry Sheets_IColes Kitchen Tear And Share Cheesy Garlic Bread | 350g",Coles Kitchen Tear And Share Cheesy Garlic Bread | 350g,Coles,"Dairy, Eggs & Fridge",Garlic Bread & Pastry Sheets,Chilled Garlic & Specialty Breads,,$4.80,,,$1.37 per 100g,6009675,"Filled with mozzarella, cheddar and garlic & parsley spread",,,"Per 100g/ml
Per Serving
%DI
Energy
1244.70
1082.89
Protein
10.60
9.22
Carbohydrate
35.90
31.23
Sugars
2.89
2.51
Sodium
550.00
478.50
Saturated
5.10
4.44
Energy (Cal)
297.78
259.06
Fat
11.80
10.27
Dietary Fibre (total)
2.20
1.91
Trans
0.20
0.17
* Percentage Daily Intakes are based on an average adult diet of 8700 kJ. Your daily intakes may be higher or lower depending on your energy needs.",,https://www.coles.com.au/product/coles-kitchen-tear-and-share-cheesy-garlic-bread-350g-6009675,,,2024-06-17T16:35:27.787688-04:00
"Ind54SColes_ADairy, Eggs & Fridge_SAGarlic Bread & Pastry Sheets_IAunty Kath's Cookie Dough M&M | 450g",Aunty Kath's Cookie Dough M&M | 450g,Aunty Kaths,"Dairy, Eggs & Fridge",Garlic Bread & Pastry Sheets,Chilled Pastry & Dough,,$6.90,,,$1.53 per 100g,3649604,Cookie dough with M&Ms minis,,,"Per 100g/ml
Per Serving
%DI
Energy
1600kJ
480kJ
Protein
4.9g
1.5g
Total Fat
8.7g
2.6g
Saturated Fat
4.4g
1.3g
Carbohydrate
70.6g
21.2g
Sugars
30.9g
9.3g
Sodium
255mg
77mg
* Percentage Daily Intakes are based on an average adult diet of 8700 kJ. Your daily intakes may be higher or lower depending on your energy needs.",,https://www.coles.com.au/product/aunty-kath's-cookie-dough-mandm-450g-3649604,,,2024-06-17T16:35:38.743374-04:00
"Ind54SColes_ADairy, Eggs & Fridge_SAGarlic Bread & Pastry Sheets_ILa Famiglia Garlic Bread | 170g",La Famiglia Garlic Bread | 170g,La Famiglia,"Dairy, Eggs & Fridge",Garlic Bread & Pastry Sheets,Chilled Garlic & Specialty Breads,,$3.50,,,$2.06 per 100g,2681882,"From our kitchen to yours Good things come in small and delicious packages, like La Famiglia Just For 2 Garlic Bread. This tasty garlic bread is made from fresh parsley, fresh garlic, and soft butter. Enjoy La Famiglia Just For 2 Garlic Bread as an appetiser, part of a main meal or snack. This garlic bread can be baked in eight minutes and is perfectly sized for two. It is delicious for dipping in soup or enjoying with pasta. This product is suitable for vegetarians. Enjoy a delicious entree, main or snack with La Famiglia Just For 2 Garlic Bread. It's made with delicious parsley, fresh garlic and soft butter.",,,"Per 100g/ml
Per Serving
%DI
Energy
1620kJ
450kJ
5%
Protein
8.4g
2.4g
5%
Total Fat
19.2g
5.4g
8%
Saturated Fat
9.2g
2.6g
11%
Carbohydrate
45.3g
12.7g
4%
Sugars
2g
0.6g
1%
Sodium
670mg
190mg
8%
* Percentage Daily Intakes are based on an average adult diet of 8700 kJ. Your daily intakes may be higher or lower depending on your energy needs.",,https://www.coles.com.au/product/la-famiglia-garlic-bread-170g-2681882,,,2024-06-17T16:35:49.893777-04:00
"Ind54SColes_ADairy, Eggs & Fridge_SA_IAntoniou Filo Pastry Chilled | 375g",Antoniou Filo Pastry Chilled | 375g,Antoniou,"Dairy, Eggs & Fridge",,,,$4.50,,,$1.20 per 100g,297384,"For over 60 years, the Antoniou family have perfected the art of creating paper-thin, deliciously flaky, ready to bake Fillo Pastry. Antoniou chilled Fillo Pastry is a versatile Pastry to have on hand in the refrigerator, with many culinary applications. It is suitable for cooking delicious sweet and savoury recipes and can be moulded into many shapes and forms. It is traditionally used for creating recipes such as Spanakopita and Baklava, and is also perfect for creating pies, tarts, galettes, Fillo parcels, Fillo triangles, Fillo spirals, Fillo rolls, cakes and desserts.",,,"Per 100g/ml
Per Serving
%DI
Energy
1388kJ
902kJ
Protein
9.5g
6.1g
Total Fat
4.2g
2.7g
Saturated Fat
<0.5g
0.3g
Carbohydrate
63g
41g
Sugars
2g
1.3g
Sodium
823mg
535mg
Trans
<0.1g
<0.1g
* Percentage Daily Intakes are based on an average adult diet of 8700 kJ. Your daily intakes may be higher or lower depending on your energy needs.",,https://www.coles.com.au/product/antoniou-filo-pastry-chilled-375g-297384,,,2024-06-17T16:36:03.913798-04:00
"Ind54SColes_ADairy, Eggs & Fridge_SAGarlic Bread & Pastry Sheets_ISupreme Wonton Wrappers | 250g",Supreme Wonton Wrappers | 250g,Supreme,"Dairy, Eggs & Fridge",Garlic Bread & Pastry Sheets,Chilled Pastry & Dough,,$3.75,,,$1.50 per 100g,4614376,"Ever wondered what might be inside the wonton you order at the restaurant? Well now you have the power to make your own! Put in anything from mincemeat to shaved vegetables, wrap them up however you like and then boil, steam or fry them as you prefer. It's a fun activity for the whole family.",,,"Per 100g/ml
Per Serving
%DI
Energy
1130kJ
706kJ
Protein
9.2g
5.8g
Total Fat
0.9g
0.6g
Saturated Fat
0.3g
0.2g
Carbohydrate
54.9g
34.3g
Sugars
8.5g
5.3g
Sodium
360mg
225mg
Dietary Fibre (total)
1.1g
0.7g
* Percentage Daily Intakes are based on an average adult diet of 8700 kJ. Your daily intakes may be higher or lower depending on your energy needs.",,https://www.coles.com.au/product/supreme-wonton-wrappers-250g-4614376,,,2024-06-17T16:37:03.130646-04:00
"Ind54SColes_ADairy, Eggs & Fridge_SAGarlic Bread & Pastry Sheets_ILa Famiglia Bread Slices Garlic 9 Pack | 270g",La Famiglia Bread Slices Garlic 9 Pack | 270g,La Famiglia,"Dairy, Eggs & Fridge",Garlic Bread & Pastry Sheets,Chilled Garlic & Specialty Breads,,$6.50,,,$2.41 per 100g,9435160,"From our kitchen to yours Get golden crusty garlic bread slices in just eight minutes. La Famiglia Garlic Slices are made with a fusion of parsley and garlic. La Famiglia is Australia's favourite chilled bread brand* for a reason. Golden, crusty and full of flavour, simply bake our garlic bread in the oven for eight minutes and enjoy. You can also cook this garlic bread on the BBQ, or under the grill if you prefer. *54.9% market share (MAT Aug 2021) This product is suitable for vegetarians. La Famiglia Traditional Garlic Slices is baked with a fusion of parsley and garlic, and go great with pasta and lasagne.",,,"Per 100g/ml
Per Serving
%DI
Energy
1660kJ
500kJ
6%
Protein
5.6g
1.7g
3%
Total Fat
27g
8.1g
12%
Saturated Fat
10.4g
3.1g
13%
Carbohydrate
32g
9.6g
3%
Sugars
2.3g
<1g
1%
Sodium
670mg
205mg
9%
* Percentage Daily Intakes are based on an average adult diet of 8700 kJ. Your daily intakes may be higher or lower depending on your energy needs.",,https://www.coles.com.au/product/la-famiglia-bread-slices-garlic-9-pack-270g-9435160,,,2024-06-17T16:37:14.862475-04:00
"Ind54SColes_ADairy, Eggs & Fridge_SAGarlic Bread & Pastry Sheets_ILa Famiglia Bread Slices Garlic 9 Pack | 270g",La Famiglia Bread Slices Garlic 9 Pack | 270g,La Famiglia,"Dairy, Eggs & Fridge",Garlic Bread & Pastry Sheets,Chilled Garlic & Specialty Breads,,$6.50,,,$2.41 per 100g,9435160,"From our kitchen to yours Get golden crusty garlic bread slices in just eight minutes. La Famiglia Garlic Slices are made with a fusion of parsley and garlic. La Famiglia is Australia's favourite chilled bread brand* for a reason. Golden, crusty and full of flavour, simply bake our garlic bread in the oven for eight minutes and enjoy. You can also cook this garlic bread on the BBQ, or under the grill if you prefer. *54.9% market share (MAT Aug 2021) This product is suitable for vegetarians. La Famiglia Traditional Garlic Slices is baked with a fusion of parsley and garlic, and go great with pasta and lasagne.",,,"Per 100g/ml
Per Serving
%DI
Energy
1660kJ
500kJ
6%
Protein
5.6g
1.7g
3%
Total Fat
27g
8.1g
12%
Saturated Fat
10.4g
3.1g
13%
Carbohydrate
32g
9.6g
3%
Sugars
2.3g
<1g
1%
Sodium
670mg
205mg
9%
* Percentage Daily Intakes are based on an average adult diet of 8700 kJ. Your daily intakes may be higher or lower depending on your energy needs.","Bread (wheat flour, water, wheat semolina, yeast, iodised salt, canola oil, soy flour, preservative (282), vegetable emulsifiers (471, 481), vitamins (thiamin, folic acid)).Spread (margarine (vegetable oil, water, salt, vegetable emulsifiers (471, soy lecithin), natural flavour, antioxidant (307b), natural colour (160a)), canola oil, garlic oil (0.5%), parsley (0.5%)).",https://www.coles.com.au/product/la-famiglia-bread-slices-garlic-9-pack-270g-9435160,,,2024-06-17T17:52:37.299076-04:00
"Ind54SColes_ADairy, Eggs & Fridge_SALong Life-Milk_IVitasoy Oat Unsweetened Milk | 1L",Vitasoy Oat Unsweetened Milk | 1L,Vitasoy,"Dairy, Eggs & Fridge",Long Life-Milk,Oats & Rice Long Life Milk,,$3.80,,,$3.80 per 1L,4483438,"Your Vitasoy oat milk is made from Australian oats, whole kernels and oat flour. The oats are grown in the fertile soils of South Australia, Victoria and lower New South Wales and are non-genetically modified. Harvested in late spring, our oat kernels are carefully harvested and delivered to our factory in Regional Victoria, where we grind our oat kernels and then blend the good bits with filtered water, oat flour and other important ingredients like calcium. Naturally free from dairy, cholesterol, lactose and soy and with no added sugar, your creamy Vitasoy oat milk is ready to be savoured - with the goodness of beta-glucan.",,,,,https://www.coles.com.au/product/vitasoy-oat-unsweetened-milk-1l-4483438,,,2024-06-17T16:38:17.296198-04:00
"Ind54SColes_ADairy, Eggs & Fridge_SA_INippy's Chocolate Flavoured Multipack Long Life Milk 375mL | 4 pack",Nippy's Chocolate Flavoured Multipack Long Life Milk 375mL | 4 pack,Nippys,"Dairy, Eggs & Fridge",,,,$8.40,,,$5.60 per 1L,2412202,"This product is high in calcium. Diets high in calcium enhance bones and mineral density.
Made using reduced fat milk with 25% less fat than full cream milk.",,,"Per 100g/ml
Per Serving
%DI
Energy
302kJ
1130kJ
Protein
3.5g
13.1g
Total Fat
2.2g
8.3g
Saturated Fat
1.5g
5.6g
Carbohydrate
9.5g
35.6g
Sugars
8.7g
32.6g
Calcium
120mg
450mg
Sodium
45mg
169mg
Potassium
183mg
686mg
* Percentage Daily Intakes are based on an average adult diet of 8700 kJ. Your daily intakes may be higher or lower depending on your energy needs.",,https://www.coles.com.au/product/nippy's-chocolate-flavoured-multipack-long-life-milk-375ml-4-pack-2412202,,,2024-06-17T16:38:28.655989-04:00
"Ind54SColes_ADairy, Eggs & Fridge_SA_IOatly Oat Milk Vanilla | 1L",Oatly Oat Milk Vanilla | 1L,Oatly,"Dairy, Eggs & Fridge",,,,$4.00,,$5.00,$4.00 per 1L,6488308,,,,,,https://www.coles.com.au/product/oatly-oat-milk-vanilla-1l-6488308,,,2024-06-17T16:38:37.869207-04:00
"Ind54SColes_ADairy, Eggs & Fridge_SALong Life-Milk_IColes Dairy Free Barista Almond Milk | 1L",Coles Dairy Free Barista Almond Milk | 1L,Coles,"Dairy, Eggs & Fridge",Long Life-Milk,Almond Long Life Milk,,$3.50,,,$3.50 per 1L,3496423,Under title: Made for frothingMade in AustraliaVeganSoy FreeLactose Free,,,"Per 100g/ml
Per Serving
%DI
Energy
107.9
269.75
Protein
0.6
1.5
Total Fat
2
5
Saturated Fat
0.2
0.5
Carbohydrate
1.3
3.25
gluten
0
0
Sodium
41
102.5
Energy (Cal)
25.81
64.53
galactose
0
0
lactose
0
0
Cholesterol
0
0
Dietary Fibre
0.2
0.5
* Percentage Daily Intakes are based on an average adult diet of 8700 kJ. Your daily intakes may be higher or lower depending on your energy needs.",,https://www.coles.com.au/product/coles-dairy-free-barista-almond-milk-1l-3496423,,,2024-06-17T16:38:49.623802-04:00
"Ind54SColes_ADairy, Eggs & Fridge_SA_IVitasoy Oat Milky | 1L",Vitasoy Oat Milky | 1L,Vitasoy,"Dairy, Eggs & Fridge",,,,$2.00,,$3.00,$2.00 per 1L,4950894,Vitasoy Oat Milky has been developed to meet the needs of those wanting the benefits of oat milk but a milkier taste and mouthfeel closer to dairy. It's the milkier alternative and the perfect all-rounder to complement all of your milk occasions.,,,,,https://www.coles.com.au/product/vitasoy-oat-milky-1l-4950894,,,2024-06-17T16:38:59.206395-04:00
"Ind54SColes_ADairy, Eggs & Fridge_SALong Life-Milk_ISanitarium So Good Long Life Unsweetened Almond Milk | 1L",Sanitarium So Good Long Life Unsweetened Almond Milk | 1L,Sanitarium,"Dairy, Eggs & Fridge",Long Life-Milk,Almond Long Life Milk,,$2.00,,$2.90,$2.00 per 1L,1260754,"So Good Almond Unsweetened Milk has a light nutty taste that's perfect with cereal, in a smoothie, or added to your favourite desserts and baking.

We're proud to use Australian almonds (supporting our local farming communities), which are roasted and churned into butter, making a delicious and nutritious nut milk.

Aussie Made

High in Calcium

Vitamins B12 + B2 + E
No Artificial Colours or Flavours

No Lactose

No Gluten

No Cholesterol

No Dairy

No Added Sugar.",,,"Per 100g/ml
Per Serving
%DI
Energy
69kJ
173kJ
Protein
0.6g
1.4g
Total Fat
1.4g
3.5g
Saturated Fat
0.1g
0.3g
Carbohydrate
0.3g
0.8g
Sugars
0.1g
0.3g
Vitamin B2
0.17mg
0.43mg
25%
Calcium
120mg
300mg
37%
Vitamin B12
0.4ug
1.0ug
50%
Cholesterol
0.0mg
0.0mg
Lactose
0.0g
0.0g
Sodium
36mg
90mg
Vitamin E
0.6mg
1.5mg
15%
Monounsaturated
0.9g
2.2g
Energy (Cal)
16Cal
41Cal
Dietary Fibre (total)
0.3g
0.8g
Polyunsaturated
0.4g
1.0g
Galactose
0.0g
0.0g
Gluten
Not Detected
Not Detected
Potassium
19mg
49mg
Trans
0.0g
0.0g
* Percentage Daily Intakes are based on an average adult diet of 8700 kJ. Your daily intakes may be higher or lower depending on your energy needs.",,https://www.coles.com.au/product/sanitarium-so-good-long-life-unsweetened-almond-milk-1l-1260754,,,2024-06-17T16:39:10.563695-04:00
"Ind54SColes_ADairy, Eggs & Fridge_SALong Life-Milk_ISanitarium So Good Almond Milk Chocolate UHT | 1L",Sanitarium So Good Almond Milk Chocolate UHT | 1L,Sanitarium,"Dairy, Eggs & Fridge",Long Life-Milk,Almond Long Life Milk,,$2.00,,$3.20,$2.00 per 1L,3019140,"So Good Chocolate Almond Milk is deliciously rich & velvety with added vitamins and minerals.

We proudly use Australian almonds which are roasted and churned into butter, making a delicious dairy free treat.

Drink cold, or warm gently in the microwave for an instant hot chocolate.

Aussie Made

High in Calcium

Vitamins B12 + B2 + E
No Artificial Colours or Flavours

No Lactose

Low in Saturated Fat

No Cholesterol

No Dairy",,,"Per 100g/ml
Per Serving
%DI
Energy
170kJ
425kJ
Protein
0.6g
1.5g
Total Fat
1.5g
3.8g
Saturated Fat
0.2g
0.5g
Carbohydrate
6.0g
15.0g
Sugars
5.6g
14.0g
Vitamin B2
0.17mg
0.43mg
25%
Calcium
120mg
300mg
37%
Vitamin B12
0.4ug
1.0ug
50%
Cholesterol
0.0mg
0.0mg
Lactose
0.0g
0.0g
Sodium
32mg
80mg
Vitamin E
0.6mg
1.5mg
15%
Monounsaturated
0.9g
2.3g
Energy (Cal)
41Cal
103Cal
Dietary Fibre (total)
0.5g
1.3g
Polyunsaturated
0.4g
1.0g
Galactose
0.0g
0.0g
Gluten
not detected
not detected
Potassium
35mg
87mg
Trans
0.0g
0.0g
* Percentage Daily Intakes are based on an average adult diet of 8700 kJ. Your daily intakes may be higher or lower depending on your energy needs.",,https://www.coles.com.au/product/sanitarium-so-good-almond-milk-chocolate-uht-1l-3019140,,,2024-06-17T16:39:22.097105-04:00
"Ind54SColes_ADairy, Eggs & Fridge_SA_IVitasoy Calci-Plus Long Life Soy Milk 1L | 1L",Vitasoy Calci-Plus Long Life Soy Milk 1L | 1L,Vitasoy,"Dairy, Eggs & Fridge",,,,$3.00,,,$3.00 per 1L,6037761,"Your Vitasoy soy Calci-Plus is made from 100% Aussie grown soybeans. The soybeans are carefully delivered to our factory in regional Victoria, where we dehull and grind our beans, then blend the good bits with filtered water and other important ingredients like calcium and essential vitamins A, B2 and B12. Naturally free from dairy, cholesterol and lactose, there are plenty of ways to enjoy our much loved soy milk, in a smoothie or on its own!
Made with 100% Aussie Grown soybeans

Naturally free from dairy, cholesterol and lactose

Natural source of protein

50% of your daily vitamin D and calcium needs

Contains vitamin A, B2 and B12

Suitable for vegans and vegetarians.",,,"Per 100g/ml
Per Serving
%DI
Energy
269kJ
673kJ
8.00%
Protein
3.2g
8.0g
16.00%
Total Fat
3.0g
7.5g
11.00%
Saturated Fat
0.4g
1.0g
4.00%
Carbohydrate
5.8g
14.5g
5.00%
Sugars
2.8g
7.0g
8.00%
Vitamin B2
0.3mg
0.75mg
Calcium
160mg
400mg
Vitamin B12
0.4ug
1.0ug
Cholesterol
0mg
0mg
Vitamin A
54ug
135ug
Lactose
0g
0g
Vitamin D
2.0ug
5.0ug
Sodium
60mg
150mg
7.00%
Monounsaturated
1.2g
3.0g
Energy (Cal)
64Cal
160Cal
Dietary Fibre (total)
0.6g
1.5g
5.00%
Magnesium
20mg
50mg
Polyunsaturated
1.2g
3.0g
Galactose
0g
0g
Trans
0g
0g
* Percentage Daily Intakes are based on an average adult diet of 8700 kJ. Your daily intakes may be higher or lower depending on your energy needs.",,https://www.coles.com.au/product/vitasoy-calci-plus-long-life-soy-milk-1l-1l-6037761,,,2024-06-17T16:39:33.752310-04:00
"Ind54SColes_ADairy, Eggs & Fridge_SALong Life-Milk_IColes Full Cream Milk Powder | 1kg",Coles Full Cream Milk Powder | 1kg,Coles,"Dairy, Eggs & Fridge",Long Life-Milk,Powdered Long Life Milk,,$10.00,,,$1.00 per 100g,7910535,Coles Milk Powder Full Cream 1 Kg a versatile product with many uses and allows you to make your own milk,,,"Per 100g/ml
Per Serving
%DI
Energy
292.30
730.75
Protein
3.40
8.50
Total Fat
3.70
9.25
Carbohydrate
5.60
14.00
Sugars
5.60
14.00
Calcium
125.00
312.50
Sodium
36.00
90.00
Saturated
2.50
6.25
Energy (Cal)
69.93
174.82
Dietary Fibre (total)
0.30
0.75
Potassium
151.00
377.50
* Percentage Daily Intakes are based on an average adult diet of 8700 kJ. Your daily intakes may be higher or lower depending on your energy needs.",,https://www.coles.com.au/product/coles-full-cream-milk-powder-1kg-7910535,,,2024-06-17T16:39:46.281036-04:00
"Ind54SColes_ADairy, Eggs & Fridge_SA_IColes Fat Free Instant Skim Milk Powder | 1kg",Coles Fat Free Instant Skim Milk Powder | 1kg,Coles,"Dairy, Eggs & Fridge",,,,$10.00,,,$1.00 per 100g,7910660,Coles Milk Powder Skim 1 Kg a versatile product with many uses and allows you to make your own milk,,,"Per 100g/ml
Per Serving
%DI
Energy
154.90
387.25
Protein
3.30
8.25
Total Fat
0.10
0.25
Carbohydrate
5.50
13.75
Sugars
5.50
13.75
Calcium
120.00
300.00
Sodium
35.00
87.50
Saturated
0.40
1.00
Energy (Cal)
37.06
92.64
Dietary Fibre (total)
0.20
0.50
Potassium
145.00
362.50
* Percentage Daily Intakes are based on an average adult diet of 8700 kJ. Your daily intakes may be higher or lower depending on your energy needs.",,https://www.coles.com.au/product/coles-fat-free-instant-skim-milk-powder-1kg-7910660,,,2024-06-17T16:39:58.613167-04:00
"Ind54SColes_ADairy, Eggs & Fridge_SALong Life-Milk_IOak Uht Flavoured Miilk Chocolate 6x200mL | 6 pack",Oak Uht Flavoured Miilk Chocolate 6x200mL | 6 pack,Oak,"Dairy, Eggs & Fridge",Long Life-Milk,Long-Life Flavoured Milk,,$6.50,,$7.50,$5.42 per 1L,7749815,"OAK really hits the spot when you're hungrythirsty. With over 50 years' experience and a choice of creamy and authentic flavours, OAK is always the answer.
Source of protein

High in calcium",,,"Per 100g/ml
Per Serving
%DI
Energy
360 kJ
720 kJ
Protein
3.6 g
7.2 g
Total Fat
2.0 g
4.0 g
Saturated Fat
1.3 g
2.6 g
Carbohydrate
13.1 g
26.2 g
Sugars
12.2 g
24.2 g
Calcium
115 mg
230 mg
29%
Sodium
51 mg
102 mg
* Percentage Daily Intakes are based on an average adult diet of 8700 kJ. Your daily intakes may be higher or lower depending on your energy needs.",,https://www.coles.com.au/product/oak-uht-flavoured-miilk-chocolate-6x200ml-6-pack-7749815,,,2024-06-17T16:40:10.019593-04:00
"Ind54SColes_ADairy, Eggs & Fridge_SA_ISanitarium So Good Extra Creamy Oat Milk | 1L",Sanitarium So Good Extra Creamy Oat Milk | 1L,Sanitarium,"Dairy, Eggs & Fridge",,,,$1.95,,$2.80,$1.95 per 1L,6501304,"So Good Extra Creamy Oat Milk was made to delight your tastebuds with a deliciously smooth and creamy texture. It's the perfect partner for your morning muesli and a wonderful addition to plant-based cooking and baking.

We're proud to use Australian grown oats. Our oats are softly milled and blended with the best ingredients to create an oat milk that won't disappoint.

Aussie Made

High in calcium

Vitamins B12 + B2 + D + A
No Artificial Colours or Flavours

No Lactose

No Cholesterol

No Dairy",,,"Per 100g/ml
Per Serving
%DI
Energy
224kJ
560kJ
Protein
0.7g
1.8g
Total Fat
2.6g
6.5g
Saturated Fat
0.2g
0.5g
Carbohydrate
6.5g
16.3g
Sugars
2.4g
6.0g
Vitamin B2
0.17mg
0.43mg
25%
Calcium
120mg
300mg
38%
Vitamin B12
0.4ug
1.0ug
50%
Cholesterol
0.0mg
0.0mg
Vitamin A
40ug
100ug
13%
Lactose
0.0g
0.0g
Vitamin D
0.5ug
1.2ug
12%
Sodium
45mg
113mg
Monounsaturated
0.9g
2.3g
Energy (Cal)
54Cal
135Cal
Dietary Fibre (total)
0.4g
1.0g
Polyunsaturated
1.0g
2.5g
Galactose
0.0g
0.0g
Potassium
242mg
605mg
Trans
0.0g
0.0g
* Percentage Daily Intakes are based on an average adult diet of 8700 kJ. Your daily intakes may be higher or lower depending on your energy needs.",,https://www.coles.com.au/product/sanitarium-so-good-extra-creamy-oat-milk-1l-6501304,,,2024-06-17T16:40:21.266171-04:00
"Ind54SColes_ADairy, Eggs & Fridge_SALong Life-Milk_IPureharvest Unsweetened Almond Milk | 1L",Pureharvest Unsweetened Almond Milk | 1L,Pureharvest,"Dairy, Eggs & Fridge",Long Life-Milk,Almond Long Life Milk,,$3.40,,,$3.40 per 1L,2807109,"We make our organic almond milk from organic activated almonds. The almonds are soaked in the traditional manner and by soaking the nut, we begin the germination process which helps to bring the nut to life'. Almond milk is a great addition to anyone's diet and our 100% natural recipe provides you with another delicious non-dairy milk to enjoy. All our products are carrageenan free.
Organic

Vegan

No added sugar

Made in Australia

No GMO

Gluten Free.

No artificial colours or flavours.",,,,,https://www.coles.com.au/product/pureharvest-unsweetened-almond-milk-1l-2807109,,,2024-06-17T16:40:31.331170-04:00
"Ind54SColes_ADairy, Eggs & Fridge_SALong Life-Milk_IOatly Organic Oat Milk | 1L",Oatly Organic Oat Milk | 1L,Oatly,"Dairy, Eggs & Fridge",Long Life-Milk,Organic Long Life Milk,,$4.40,,$5.50,$4.40 per 1L,3478807,"This product is as good as it gets. Water, organic oats and a little bit of sea salt for flavour. That's it. Then this product is packaged in a process that allows it to be stored without refrigeration. That means you can take it down to Perisher and store it in the hall and then pop it in the fridge to chill before using. If you are familiar with our other products, we recommend you try this one. It has the potential to win some shelf space in your home.
The non-secret secret? It's all in the oats. 100 % organic oats that are grown in clean soil and spend the summer in peace and quiet to grow strong and golden. And it's totally plant-based aka vegan! That was probably already clear, but we just wanted to make sure everyone's on the same page.
100% cool for vegans. Free from dairy and soy.",,,"Per 100g/ml
Per Serving
%DI
Energy
156kJ
390kJ
Protein
1g
2.5g
Total Fat
0.5g
1.3g
Saturated Fat
0.1g
0.3g
Carbohydrate
6.7g
16.8g
Sugars
4.1g
10.3g
Sodium
41mg
103mg
Dietary Fibre (total)
0.8g
2g
* Percentage Daily Intakes are based on an average adult diet of 8700 kJ. Your daily intakes may be higher or lower depending on your energy needs.",,https://www.coles.com.au/product/oatly-organic-oat-milk-1l-3478807,,,2024-06-17T16:40:44.049631-04:00
"Ind54SColes_ADairy, Eggs & Fridge_SAMilk_IAnnie's Orchard Unsweetened Almond Milk | 1L",Annie's Orchard Unsweetened Almond Milk | 1L,Annies Orchard,"Dairy, Eggs & Fridge",Milk,Soy & almond milk,,$3.30,,,$3.30 per 1L,6450203,Annie's Orchard Unsweetened Almond Milk is made from whole almonds sourced from 100% local Aussie farms.,,,"Per 100g/ml
Per Serving
%DI
Energy
128kJ
320kJ
4%
Protein
1g
2.5g
5%
Total Fat
2.6g
6.5g
9%
Saturated Fat
0.2g
0.5g
2%
Carbohydrate
0.9g
2.3g
1%
Sugars
0.4g
1g
1%
Calcium
80mg
200mg
25%
Sodium
34mg
85mg
4%
Dietary Fibre (total)
1.9g
4.8g
16%
* Percentage Daily Intakes are based on an average adult diet of 8700 kJ. Your daily intakes may be higher or lower depending on your energy needs.",,https://www.coles.com.au/product/annie's-orchard-unsweetened-almond-milk-1l-6450203,,,2024-06-17T16:40:54.983155-04:00
"Ind54SColes_ADairy, Eggs & Fridge_SALong Life-Milk_ISanitarium So Good Long Life Regular Soy Milk | 1L",Sanitarium So Good Long Life Regular Soy Milk | 1L,Sanitarium,"Dairy, Eggs & Fridge",Long Life-Milk,Soy Milk Long Life Milk,,$2.20,,,$2.20 per 1L,403029,"So Good Soy Milk has a deliciously rich and milky taste that makes it a great plant-based substitute for dairy.

It's also packed with good nutrition and is incredibly versatile.

Drink chilled on its own, add to muesli and smoothies, and use in cooking and baking.

Aussie Made

Half your Daily Calcium

8g of Plant Protein
No Artificial Colours or Flavours

No Lactose

No Gluten

No Cholesterol

No Dairy",,,"Per 100g/ml
Per Serving
%DI
Energy
273kJ
683kJ
Protein
3.2g
8.0g
Total Fat
3.5g
8.8g
Saturated Fat
0.4g
1.0g
Carbohydrate
5.1g
12.8g
Sugars
2.0g
5.0g
Vitamin B2
0.17mg
0.43mg
25%
Calcium
160mg
400mg
50%
Vitamin B12
0.4ug
1.0ug
50%
Cholesterol
0.0mg
0.0mg
Vitamin A
40ug
100ug
13%
Lactose
0.0g
0.0g
Vitamin D
2ug
5ug
50%
Sodium
40mg
100mg
Monounsaturated
1.4g
3.5g
Energy (Cal)
65Cal
163Cal
Dietary Fibre (total)
0.3g
0.8g
Polyunsaturated
1.7g
4.3g
Galactose
0.0g
0.0g
Gluten
Not Detected
Not Detected
Potassium
230mg
575mg
Trans
0.0g
0.0g
* Percentage Daily Intakes are based on an average adult diet of 8700 kJ. Your daily intakes may be higher or lower depending on your energy needs.","Filtered water, soy protein (3.5%), corn maltodextrin, vegetable oils (sunflower, canola), cane sugar, minerals (calcium, phosphorus, magnesium), acidity regulators (332, 450), antioxidant (ascorbic acid), vitamins (B12, D2, A, B2, B1), natural flavour. (All ingredients are of non-animal origin.)",https://www.coles.com.au/product/sanitarium-so-good-long-life-regular-soy-milk-1l-403029,,,2024-06-17T16:41:07.275677-04:00
"Ind54SColes_ADairy, Eggs & Fridge_SALong Life-Milk_IPureharvest Dairy Free Almond Long Life Milk | 1L",Pureharvest Dairy Free Almond Long Life Milk | 1L,Pureharvest,"Dairy, Eggs & Fridge",Long Life-Milk,Almond Long Life Milk,,$3.60,,,$3.60 per 1L,5717137,"Pureharvest Organic Almond Milk is a full flavoured non-dairy milk made from real organic activated almonds. We make our almond milk from organic activated almonds. The almonds are soaked in the traditional manner and by soaking the nut, we begin the germination process which helps bring the nut to life'.
Organic

Made with 7% Almonds

Vegan

GMO Free

No Cane Sugar

No artificial colours or flavours.

Gluten Free.",,,"Per 100g/ml
Per Serving
%DI
Energy
165
413
Protein
0.6g
1.5g
Total Fat
2.0
5.0g
Saturated Fat
0.2g
0.5g
Carbohydrate
4.6
11.5g
Sugars
1.6g
4.0g
Calcium
120mg
300mg
Cholesterol
NIL
NIL
Lactose
NIL
NIL
Sodium
59mg
148mg
Monounsaturated
1.4g
3.5g
Dietary Fibre (total)
<1g
<1g
Polyunsaturated
0.4g
1.0g
Galactose
NIL
NIL
Trans
NIL
NIL
* Percentage Daily Intakes are based on an average adult diet of 8700 kJ. Your daily intakes may be higher or lower depending on your energy needs.","Filtered Water, Organic Whole Activated Almonds (7%), Organic Rice Syrup, Plant Calcium, Sea Salt.",https://www.coles.com.au/product/pureharvest-dairy-free-almond-long-life-milk-1l-5717137,,,2024-06-17T16:41:18.505256-04:00
"Ind54SColes_ADairy, Eggs & Fridge_SALong Life-Milk_IColes Organic Unsweetened Oat Milk | 1L",Coles Organic Unsweetened Oat Milk | 1L,Coles,"Dairy, Eggs & Fridge",Long Life-Milk,Long-Life Flavoured Milk,,$2.25,,,$2.25 per 1L,3492932,"Our organic plant-based milk is a healthy, delicious dairy alternative. Its made with natural ingredients and for you to enjoy everyday! Dairy Free Only 5 ingredients Calcium Fortified No preservatives Lactose Free Low in Cholesterol Low saturated fat. Unleash the power of oats! 15% oats, fortified with calcium and low in cholesterol, our Organic Oat Milk is delicious, creamy and satisfying.",,,"Per 100g/ml
Per Serving
%DI
Energy
191.00
477.50
Protein
1.10
2.75
Carbohydrate
7.60
19.00
Sugars
2.80
7.00
Calcium
116.00
290.00
Saturated
0.20
0.50
Cholesterol
1.16
2.90
Lactose
0.00
0.00
Sodium
44.00
110.00
Monounsaturated
0.59
1.48
Energy (Cal)
45.69
114.23
Fat
1.10
2.75
Dietary Fibre (total)
0.30
0.75
Polyunsaturated
0.30
0.75
Galactose
0.00
0.00
Trans
0.01
0.03
* Percentage Daily Intakes are based on an average adult diet of 8700 kJ. Your daily intakes may be higher or lower depending on your energy needs.",,https://www.coles.com.au/product/coles-organic-unsweetened-oat-milk-1l-3492932,,,2024-06-17T16:41:30.016670-04:00
"Ind54SColes_ADairy, Eggs & Fridge_SALong Life-Milk_IVitasoy Natural Creamy Long Life Soy Milk 1L | 1L",Vitasoy Natural Creamy Long Life Soy Milk 1L | 1L,Vitasoy,"Dairy, Eggs & Fridge",Long Life-Milk,Soy Milk Long Life Milk,,$3.00,,,$3.00 per 1L,98592,"Your Vitasoy soy Milk Original is made from 100% Australian grown whole soybeans. The soybeans are carefully delivered to our factory in regional Victoria, where we dehull and grind our beans, then blend the good bits with filtered water and other important ingredients to provide benefits like calcium and essential vitamins A, B2, B12 and D. Naturally free from dairy, cholesterol and lactose, there are plenty of ways to enjoy our much loved soy milk, in a smoothie or on its own!
Made with 100% Australian grown soybeans

Naturally free from dairy, cholesterol and lactose

Natural source of protein

Contains vitamin A, B2 and B12

Suitable for vegans and vegetarians",,,"Per 100g/ml
Per Serving
%DI
Energy
257kJ
643kJ
7.00%
Protein
3.3g
8.2g
16.00%
Total Fat
3.0g
7.5g
11.00%
Saturated Fat
0.5g
1.3
5.00%
Carbohydrate
5.0g
12.5g
4.00%
Sugars
2.6g
6.5g
7.00%
Vitamin B2
0.22mg
0.55mf
Calcium
120mg
300mg
Vitamin B12
0.4ug
1.0ug
Cholesterol
0mg
0mg
Vitamin A
54ug
135ug
Lactose
0g
0g
Sodium
60mg
150mg
7.00%
Monounsaturated
1.3g
3.3g
Energy (Cal)
61Cal
153Cal
Dietary Fibre (total)
0.6g
1.5g
5.00%
Polyunsaturated
1.3g
3.3g
Galactose
0g
0g
Trans
0g
0g
* Percentage Daily Intakes are based on an average adult diet of 8700 kJ. Your daily intakes may be higher or lower depending on your energy needs.",,https://www.coles.com.au/product/vitasoy-natural-creamy-long-life-soy-milk-1l-1l-98592,,,2024-06-17T16:41:41.940164-04:00
"Ind54SColes_ADairy, Eggs & Fridge_SALong Life-Milk_IOak Uht Flavoured Milk Strawberry 6x200mL | 6 pack",Oak Uht Flavoured Milk Strawberry 6x200mL | 6 pack,Oak,"Dairy, Eggs & Fridge",Long Life-Milk,Long-Life Flavoured Milk,,$6.50,,$7.50,$5.42 per 1L,7749564,"OAK really hits the spot when you're hungrythirsty. With over 50 years' experience and a choice of creamy and authentic flavours, OAK is always the answer.
Source of protein

High in calcium",,,"Per 100g/ml
Per Serving
%DI
Energy
308 kJ
616 kJ
Protein
3.3 g
6.6 g
Total Fat
2.0 g
4.0 g
Saturated Fat
1.3 g
2.6 g
Carbohydrate
10.5 g
21.0 g
Sugars
10.5 g
21.0 g
Calcium
113 mg
226 mg
28%
Sodium
45 mg
90 mg
* Percentage Daily Intakes are based on an average adult diet of 8700 kJ. Your daily intakes may be higher or lower depending on your energy needs.",,https://www.coles.com.au/product/oak-uht-flavoured-milk-strawberry-6x200ml-6-pack-7749564,,,2024-06-17T16:41:54.688007-04:00
"Ind54SColes_ADairy, Eggs & Fridge_SALong Life-Milk_IPauls Zymil Full Cream Long Life Milk | 1L",Pauls Zymil Full Cream Long Life Milk | 1L,Pauls,"Dairy, Eggs & Fridge",Long Life-Milk,Lactose Free-Milk,,$3.00,,,$3.00 per 1L,2807164,"At Pauls, we love dairy. We're pretty passionate about making great tasting products packed with real dairy goodness. We put that devotion into every Pauls milk, cream, custard and yoghurt we make. Milk is a natural source of protein, vitamins and minerals essential for good health. Rich in calcium, Pauls Zymil is simply milk which is easy to digest (As part of a healthy and varied diet, consuming Zymil instead of regular milk helps ease digestion in those who are sensitive to lactose). Plus Pauls Zymil is lactose free and made from real milk so it has all of the natural goodness of regular milk. Lactose free, easy to digest and rich in calcium.
Full cream milk
Lactose free
Gluten free",,,"Per 100g/ml
Per Serving
%DI
Energy
277
693
Protein
3.6
9.0
Total Fat
3.6
9.0
Saturated Fat
2.3
5.8
Carbohydrate
4.9
12.3
Sugars
4.9
12.3
Lactose
nil
nil
Calcium
123
308
39
Sodium
41
1.3
* Percentage Daily Intakes are based on an average adult diet of 8700 kJ. Your daily intakes may be higher or lower depending on your energy needs.",,https://www.coles.com.au/product/pauls-zymil-full-cream-long-life-milk-1l-2807164,,,2024-06-17T16:42:05.962046-04:00
"Ind54SColes_ADairy, Eggs & Fridge_SALong Life-Milk_ISanitarium So Good Long Life Lite Soy Milk 1L | 1L",Sanitarium So Good Long Life Lite Soy Milk 1L | 1L,Sanitarium,"Dairy, Eggs & Fridge",Long Life-Milk,Soy Milk Long Life Milk,,$2.20,,,$2.20 per 1L,5089883,"So Good Soy Milk Lite has a deliciously rich and milky taste that makes it a great plant-based substitute for dairy.

It contains 60% less fat than So Good Soy Milk Regular - and is still nutrition-packed.

Drink chilled on its own, add to muesli and smoothies, and use in cooking and baking.

Aussie Made

High in Calcium

8g Plant Protein

No Artificial Colours or Flavours

No Lactose

No Gluten

No Cholesterol

No Dairy",,,"Per 100g/ml
Per Serving
%DI
Energy
189kJ
473kJ
Protein
3.4g
8.5g
Total Fat
1.3g
3.3g
Saturated Fat
0.2g
0.4g
Carbohydrate
4.8g
12.1g
Sugars
2.0g
5.1g
Vitamin B2
0.17mg
0.43mg
25%
Calcium
120mg
300mg
37%
Vitamin B12
0.4ug
1.0ug
50%
Cholesterol
0.0mg
0.0mg
Vitamin A
40ug
100ug
13%
Lactose
0.0g
0.0g
Vitamin D
0.5ug
1.2ug
12%
Sodium
45mg
114mg
Monounsaturated
0.5g
1.4g
Energy (Cal)
45Cal
113Cal
Dietary Fibre (total)
0.0g
0.1g
Polyunsaturated
0.6g
1.6g
Galactose
0.0g
0.0g
Gluten
Not detected
Not detected
Potassium
260mg
651mg
Trans
0.0g
0.0g
* Percentage Daily Intakes are based on an average adult diet of 8700 kJ. Your daily intakes may be higher or lower depending on your energy needs.",,https://www.coles.com.au/product/sanitarium-so-good-long-life-lite-soy-milk-1l-1l-5089883,,,2024-06-17T16:42:17.244315-04:00
"Ind54SColes_ADairy, Eggs & Fridge_SALong Life-Milk_IVitasoy Rice Milk Unsweetened Chilled | 1L",Vitasoy Rice Milk Unsweetened Chilled | 1L,Vitasoy,"Dairy, Eggs & Fridge",Long Life-Milk,Oats & Rice Long Life Milk,,$3.30,,,$3.30 per 1L,6380811,"Vitasoy take premium, whole Australian almonds or soy beans, then blend with other delicious ingredients to create a smooth and irresistible range.",,,"Per 100g/ml
Per Serving
%DI
Energy
213
533
6
Protein
0.3g
0.7g
1
Total Fat
1.2g
3.0g
4
Saturated Fat
0.1g
0.3g
g
Carbohydrate
9.5g
23.8g
8
Sugars
5.8g
14.5g
16g
Calcium
120mg
300mg
38
Sodium
65mg
163mg
7
Monounsaturated
0.8g
2.0g
Dietary Fibre (total)
0.2g
0.5g
2
Polyunsaturated
0.2g
0.5g
Trans
0g
0g
* Percentage Daily Intakes are based on an average adult diet of 8700 kJ. Your daily intakes may be higher or lower depending on your energy needs.",,https://www.coles.com.au/product/vitasoy-rice-milk-unsweetened-chilled-1l-6380811,,,2024-06-17T16:42:28.574113-04:00
"Ind54SColes_ADairy, Eggs & Fridge_SALong Life-Milk_IVitasoy Protein Plus | 1L",Vitasoy Protein Plus | 1L,Vitasoy,"Dairy, Eggs & Fridge",Long Life-Milk,Soy Milk Long Life Milk,,$3.00,,,$3.00 per 1L,2807142,"Beneath the watchful eyes of Aussie Farmers, every aussie grown soybean squeezed into our Soy Milk Unsweetened Protein Plus was planted and picked at just the right moment to end up in your hands.

For us, it's a daily obsession that's been growing across the globe since the Vitasoy brand first started in 1940. Bringing you a simple yet delicious soy milk, brimming with the good stuff - like 25% more protein in every glass (25% more protein than Vitasoy Soy Milk Original).

This is why our glass is always full.

Grown by Aussie Farmers.

Our whole Aussie soybeans are harvested in autumn and delivered to our Wodonga factory.

Only the best beans make it...

Blended by us.

We dehull and grind our beans, then blend the good bits with filtered water and other ingredients including calcium.

Perfected and packed for your pantry...

Enjoyed by you.

Your Vitasoy is ready to be soaked up and savoured with all your favourites.

It's too good not to share.

Naturally better when...

Poured on cereal!

On its own!

Making a smoothie!

Naturally free from gluten, dairy, lactose and cholesterol.

10.5g protein per serving.

No added sugar.

1/3 of your daily calcium (38% of your daily calcium needs in every serving.).

No artificial colours, flavours or preservatives.

Non-genetically modified.

Suitable for vegans and vegetarians.",,,"Per 100g/ml
Per Serving
%DI
Energy
227kJ
568kJ
7.00%
Protein
4.2g
10.5g
21.00%
Total Fat
2.8g
7.0g
10.00%
Saturated Fat
0.4g
1.0g
4.00%
Carbohydrate
2.2g
5.5g
2.00%
Sugars
0.5g
1.3g
1.00%
Calcium
120mg
300mg
Cholesterol
0mg
0mg
Lactose
0g
0g
Sodium
40mg
100mg
4.00%
Monounsaturated
0.8g
2.0g
Energy (Cal)
54Cal
133Cal
Dietary Fibre (total)
1.8g
4.5g
15.00%
Polyunsaturated
1.6g
4.0g
Galactose
0g
0g
Gluten
0mg
0mg
Trans
0g
0g
* Percentage Daily Intakes are based on an average adult diet of 8700 kJ. Your daily intakes may be higher or lower depending on your energy needs.",,https://www.coles.com.au/product/vitasoy-protein-plus-1l-2807142,,,2024-06-17T16:42:39.671615-04:00
"Ind54SColes_ADairy, Eggs & Fridge_SALong Life-Milk_IDevondale Full Cream Long Life Milk 6 pack | 1.2L",Devondale Full Cream Long Life Milk 6 pack | 1.2L,Devondale,"Dairy, Eggs & Fridge",Long Life-Milk,Long-Life-Milk,,$6.00,,,$5.00 per 1L,5984520,"Devondale Full Cream Long Life Milk is deliciously rich and creamy and contains no added preservatives. Simply heated and sealed into a convenient stay-fresh pack, we lock in the goodness of farm-fresh milk. A natural source of essential nutrients including prosperous, magnesium, potassium and vitamin B12- High in Calcium- Source of Protein- No Preservatives- Homogenised & Pasteurised Milk- Long life full cream UHT Milk",,,"Per 100g/ml
Per Serving
%DI
Energy
264kJ
528kJ
Protein
3.3g
6.6g
Total Fat
3.4g
6.8g
Saturated Fat
2.3g
4.6g
Carbohydrate
4.8g
9.6g
Sugars
4.8g
9.6g
Calcium
120mg
240mg
30%
Sodium
45mg
90mg
* Percentage Daily Intakes are based on an average adult diet of 8700 kJ. Your daily intakes may be higher or lower depending on your energy needs.",,https://www.coles.com.au/product/devondale-full-cream-long-life-milk-6-pack-1.2l-5984520,,,2024-06-17T16:42:50.744986-04:00
"Ind54SColes_ADairy, Eggs & Fridge_SALong Life-Milk_ISanitarium So Good Almond Barista Uht Milk | 1L",Sanitarium So Good Almond Barista Uht Milk | 1L,Sanitarium,"Dairy, Eggs & Fridge",Long Life-Milk,Almond Long Life Milk,,$3.00,,$4.00,$3.00 per 1L,5318969,"So Good has worked with baristas to develop the ideal formulation, so you get that cafe quality experience in the comfort of your own home.

Aussie Made

High in Calcium

Vitamins B12 + B2
No Artificial Colours or Flavours

No Lactose

No Gluten

No Cholesterol

No Dairy

Low Sugar.",,,"Per 100g/ml
Per Serving
%DI
Energy
164kJ
410kJ
Protein
0.8g
2.1g
Total Fat
2.6g
6.6g
Saturated Fat
0.2g
0.6g
Carbohydrate
2.8g
7.1g
Sugars
1.6g
4.0g
Vitamin B2
0.17mg
0.43mg
25%*
Calcium
110mg
275mg
34%*
Vitamin B12
0.4ug
1.0ug
50%*
Cholesterol
0.0mg
0.0mg
Lactose
0.0g
0.0g
Sodium
39mg
97mg
Monounsaturated
1.5g
3.7g
Energy (Cal)
39Cal
98Cal
Dietary Fibre (total)
0.5g
1.2g
Polyunsaturated
0.9g
2.3g
Galactose
0.0g
0.0g
Gluten
Not Detected
Not Detected
Potassium
188mg
471mg
Trans
0.0g
0.0g
* Percentage Daily Intakes are based on an average adult diet of 8700 kJ. Your daily intakes may be higher or lower depending on your energy needs.",,https://www.coles.com.au/product/sanitarium-so-good-almond-barista-uht-milk-1l-5318969,,,2024-06-17T16:43:03.137422-04:00
"Ind54SColes_ADairy, Eggs & Fridge_SALong Life-Milk_ILiving Planet Goats Long Life Milk | 1L",Living Planet Goats Long Life Milk | 1L,Living Planet,"Dairy, Eggs & Fridge",Long Life-Milk,Long-Life-Milk,,$4.70,,,$4.70 per 1L,9972158,"Boost and repair muscle strength with Living Planet Goats Long Life Milk. Rich in calcium with no GMO added this milk drink provides you with all-natural benefits that you also get on regular milk. Relish in the delicious sweet and slightly salty taste of Living Planet goats milk.
Australian dairy

Free from GMO

8.75g protein per serve

Good source of calcium",,,,,https://www.coles.com.au/product/living-planet-goats-long-life-milk-1l-9972158,,,2024-06-17T16:43:15.207530-04:00
"Ind54SColes_ADairy, Eggs & Fridge_SALong Life-Milk_ISanitarium So Good Long Life Original Almond Milk | 1L",Sanitarium So Good Long Life Original Almond Milk | 1L,Sanitarium,"Dairy, Eggs & Fridge",Long Life-Milk,Almond Long Life Milk,,$2.00,,$2.90,$2.00 per 1L,9089036,"So Good Almond Milk has a subtly sweet and nutty taste that's perfect with cereal, in a smoothie, or added to your favourite desserts and baking.

We're proud to use Australian almonds (supporting our local farming communities), which are roasted and churned into butter, making a delicious and nutritious nut milk.

Aussie Made

High in Calcium

Vitamins B12 + B2 + E
No Artificial Colours or Flavours

No Lactose

No Gluten

No Cholesterol

No Dairy",,,"Per 100g/ml
Per Serving
%DI
Energy
123kJ
308kJ
Protein
0.6g
1.4g
Total Fat
1.4g
3.4g
Saturated Fat
0.1g
0.3g
Carbohydrate
3.6g
9.0g
Sugars
3.4g
8.6g
Vitamin B2
0.17mg
0.43mg
25%
Calcium
120mg
300mg
37%
Vitamin B12
0.4ug
1.0ug
50%
Cholesterol
0.0mg
0.0mg
Lactose
0.0g
0.0g
Sodium
32mg
80mg
Vitamin E
0.6mg
1.5mg
15%
Monounsaturated
0.9g
2.2g
Energy (Cal)
29Cal
74Cal
Dietary Fibre (total)
0.3g
0.7g
Polyunsaturated
0.4g
1.0g
Galactose
0.0g
0.0g
Gluten
Not Detected
Not Detected
Potassium
19mg
48mg
Trans
0.0g
0.0g
* Percentage Daily Intakes are based on an average adult diet of 8700 kJ. Your daily intakes may be higher or lower depending on your energy needs.",,https://www.coles.com.au/product/sanitarium-so-good-long-life-original-almond-milk-1l-9089036,,,2024-06-17T16:43:26.184129-04:00
"Ind54SColes_ADairy, Eggs & Fridge_SA_IDare Oat Milk Dairy Free Mocha | 400mL",Dare Oat Milk Dairy Free Mocha | 400mL,Dare,"Dairy, Eggs & Fridge",,,,$3.30,,$4.15,$8.25 per 1L,7841669,Dare Oat Milk Mocha is a UHT mocha flavoured oat milk. Contains robusta & arabica coffee.,,,"Per 100g/ml
Per Serving
%DI
Energy
257kJ
1030kJ
12%
Protein
0.6g
2.4g
5%
Total Fat
1.6g
6.4g
9%
Saturated Fat
0.2g
0.8g
3%
Carbohydrate
10.6g
42.4g
14%
Sugars
7.6g
30.4g
34%
Calcium
40mg
160mg
Sodium
31mg
124mg
5%
Monounsaturated
0
0
0
Energy (Cal)
61Cal
244Cal
0
Dietary Fibre (total)
<1.0g
<1.0g
<1%
Polyunsaturated
0
0
0
Trans
0
0
0
Caffeine
24mg
96mg
0
* Percentage Daily Intakes are based on an average adult diet of 8700 kJ. Your daily intakes may be higher or lower depending on your energy needs.",,https://www.coles.com.au/product/dare-oat-milk-dairy-free-mocha-400ml-7841669,,,2024-06-17T16:44:24.455953-04:00
"Ind54SColes_ADairy, Eggs & Fridge_SA_ILiddells Lactose Free 99% Low Fat Milk | 1L",Liddells Lactose Free 99% Low Fat Milk | 1L,Liddells,"Dairy, Eggs & Fridge",,,,$3.00,,,$3.00 per 1L,7199055,"With Liddells, you can have the freedom to enjoy the delicious taste and nutrition of real dairy without the lactose. Liddells lactose free Low Fat Long Life Milk, is great tasting, 99% fat free, gluten free and is packed in an easy to open and pour 1L pack. It is made from farm-fresh Aussie cow's milk, so it's full of dairy goodness  just without the lactose.Enjoy real dairy freedom with Liddells Lactose Free Low Fat Long Life Milk.If you love dairy, but your digestive system doesn't, Liddells Lactose Free Low Fat Milk is for you. Liddells milk contains the lactase enzyme which makes it easy to digest* if your body doesn't naturally make enough lactase to digest lactose. Liddells products should form part of a healthy diet containing a variety of foods.",,,"Per 100g/ml
Per Serving
%DI
Energy
178kJ
445kJ
Protein
3.3g
8.3g
Total Fat
1g
2.5g
Saturated Fat
0.7g
1.8g
Carbohydrate
4.8g
12g
Sugars
4.8g
12g
Calcium
120mg
300mg
38%
Sodium
45mg
113mg
* Percentage Daily Intakes are based on an average adult diet of 8700 kJ. Your daily intakes may be higher or lower depending on your energy needs.",,https://www.coles.com.au/product/liddells-lactose-free-99percent-low-fat-milk-1l-7199055,,,2024-06-17T16:44:35.687985-04:00
"Ind54SColes_ADairy, Eggs & Fridge_SALong Life-Milk_ICalifia Farms Barista Oat Milk Uht 1litre | 1L",Califia Farms Barista Oat Milk Uht 1litre | 1L,Califia Farms,"Dairy, Eggs & Fridge",Long Life-Milk,Long-Life Flavoured Milk,,$4.90,,,$4.90 per 1L,7081055,,,,,,https://www.coles.com.au/product/califia-farms-barista-oat-milk-uht-1litre-1l-7081055,,,2024-06-17T16:44:44.591057-04:00
"Ind54SColes_ADairy, Eggs & Fridge_SALong Life-Milk_IVitasoy Unsweetened Almond UHT Milk 1L | 1L",Vitasoy Unsweetened Almond UHT Milk 1L | 1L,Vitasoy,"Dairy, Eggs & Fridge",Long Life-Milk,Almond Long Life Milk,,$3.30,,,$3.30 per 1L,2412734,"Our whole Australian almonds are grown along the Murray Darling Basin from the Adelaide plains, to the Riverland through Sunraysia and the Riverina regions stretching from South Australia through Victoria to New South Wales. Only the best almonds make it..
We soak our almonds until they're ready to be ground, then blend the good bits with filtered water and other important ingredients like calcium. Naturally free from dairy, cholesterol, gluten, lactose and soy, Vitasoy Almond milk is ready to be savoured in a smoothie or on its own - with the benefits of natural goodness of vitamin E, only 50 calories per serving and no added sugar.
Made with Australian grown whole almonds

Naturally free from gluten, dairy, lactose, cholesterol and soy

Natural source of vitamin E

Vitasoy Almond Milk contains only 50 calories per serving

Added benefit of 38% of your daily calcium needs

Suitable for vegans and vegetarians.",,,"Per 100g/ml
Per Serving
%DI
Energy
86kJ
215kJ
2.0%
Protein
0.7g
1.8g
4.0%
Total Fat
1.8g
4.5g
6.0%
Saturated Fat
0.2g
0.5g
2.0%
Carbohydrate
0.3g
0.8g
0.0%
Sugars
0.1g
0.3g
0.0%
Calcium
120mg
300mg
38% RDI#
Cholesterol
0mg
0mg
Lactose
0g
0g
Sodium
36mg
90mg
4.0%
Vitamin E
0.9mg
2.3mg
23% RDI#
Monounsaturated
1.1g
2.8g
Energy (Cal)
20Cal
50Cal
Dietary Fibre (total)
0.3g
0.8g
3.0%
Polyunsaturated
0.5g
1.3g
Galactose
0g
0g
Gluten
0mg
0mg
Trans
0g
0g
* Percentage Daily Intakes are based on an average adult diet of 8700 kJ. Your daily intakes may be higher or lower depending on your energy needs.",,https://www.coles.com.au/product/vitasoy-unsweetened-almond-uht-milk-1l-1l-2412734,,,2024-06-17T16:44:56.619228-04:00
"Ind54SColes_ADairy, Eggs & Fridge_SA_IColes Barista Oat Milk | 1L",Coles Barista Oat Milk | 1L,Coles,"Dairy, Eggs & Fridge",,,,$3.50,,,$3.50 per 1L,4387300,"Our plant-based Barista Milk is a healthy, delicious dairy alternative. It's made to froth and aerate, so you can create your own barista-style, velvety smooth coffee.",,,"Per 100g/ml
Per Serving
%DI
Energy
247
618
7
Total Fat
2.6
6.5
9
Sugars
2.1
5.25
Calcium
120
300
Saturated
0.4
1
Cholesterol
0
0
Lactose
0
0
Sodium
28
70
3
Monounsaturated
1.5
3.7
Energy (Cal)
59.14
147.85
Fat
2.5
6.25
Dietary Fibre (total)
0
0
Polyunsaturated
LESS THAN 1g
2.0
Galactose
NOT DETECTED
NOT DETECTED
Trans
LESS THAN 0.1g
LESS THAN 0.1g
* Percentage Daily Intakes are based on an average adult diet of 8700 kJ. Your daily intakes may be higher or lower depending on your energy needs.",,https://www.coles.com.au/product/coles-barista-oat-milk-1l-4387300,,,2024-06-17T16:45:07.768299-04:00
"Ind54SColes_ADairy, Eggs & Fridge_SA_ISanitarium So Good Barista Soy UHT | 1L",Sanitarium So Good Barista Soy UHT | 1L,Sanitarium,"Dairy, Eggs & Fridge",,,,$2.00,,$3.00,$2.00 per 1L,6501290,"So Good has worked with baristas to develop the ideal formulation, so you get that cafe quality experience in the comfort of your own home.

Aussie Made

High in Calcium

8g Plant Protein
No Artificial Colours or Flavours

No Lactose

No Gluten

No Cholesterol

No Dairy

Low Sugar.",,,"Per 100g/ml
Per Serving
%DI
Energy
244kJ
610kJ
Protein
3.2g
8.0g
Total Fat
3.0g
7.6g
Saturated Fat
0.3g
0.9g
Carbohydrate
4.2g
10.6g
Sugars
1.9g
4.8g
Vitamin B2
0.17mg
0.43mg
25%
Calcium
120mg
300mg
38%
Vitamin B12
0.4ug
1.0ug
50%
Cholesterol
0.0mg
0.0mg
Vitamin A
40ug
100ug
13%
Lactose
0.0g
0.0g
Sodium
47mg
119mg
Monounsaturated
1.3g
3.1g
Energy (Cal)
58Cal
146Cal
Dietary Fibre (total)
0.7g
1.8g
Polyunsaturated
1.5g
3.6g
Galactose
0.0g
0.0g
Gluten
Not Detected
Not Detected
Potassium
411mg
1027mg
Trans
0.0g
0.1g
* Percentage Daily Intakes are based on an average adult diet of 8700 kJ. Your daily intakes may be higher or lower depending on your energy needs.",,https://www.coles.com.au/product/sanitarium-so-good-barista-soy-uht-1l-6501290,,,2024-06-17T16:46:18.541547-04:00
"Ind54SColes_ADairy, Eggs & Fridge_SALong Life-Milk_IColes Original Almond Milk | 1L",Coles Original Almond Milk | 1L,Coles,"Dairy, Eggs & Fridge",Long Life-Milk,Almond Long Life Milk,,$2.00,,,$2.00 per 1L,6337652,Made in Australia High in Calcium 98.5% fat free Source of Vitamin E Calcium for healthy teeth and bones^ Low in cholesterol Suitable for vegans Lactose free,,,"Per 100g/ml
Per Serving
%DI
Energy
136.80
342.00
Protein
0.50
1.25
Total Fat
1.5
3.8
5
Saturated Fat
LESS THAN 1g
LESS THAN 1g
2
Carbohydrate
4.00
10.00
Sugars
2.20
5.50
Calcium
100.00
250.00
Saturated
0.22
0.55
lactose
NOT DETECTED
NOT DETECTED
Cholesterol
1.00
2.50
Lactose
0.00
0.00
Sodium
40.00
100.00
Vitamin E
0.60
1.50
Monounsaturated
0.89
2.23
Energy (Cal)
32.73
81.82
Fat
1.50
3.75
Dietary Fibre (total)
0.60
1.50
Polyunsaturated
0.34
0.85
Galactose
0.00
0.00
Gluten
0.00
0.00
Trans
0.05
0.13
trans
LESS THAN 0.1g
LESS THAN 1g
* Percentage Daily Intakes are based on an average adult diet of 8700 kJ. Your daily intakes may be higher or lower depending on your energy needs.","INGREDIENTS: Water, Ground Almonds (2.5%), Sugar, Maltodextrin (Corn), Mineral Salt (Calcium Carbonate), Natural Flavouring, Salt, Emulsifier (322 (Sunflower Lecithin)), Vegetable Gums (Gellan Gum, Xanthan Gum).",https://www.coles.com.au/product/coles-original-almond-milk-1l-6337652,,,2024-06-17T16:46:31.115558-04:00
"Ind54SColes_ADairy, Eggs & Fridge_SALong Life-Milk_IPureharvest Organic Malt Free Long Life Soy Drink | 1L",Pureharvest Organic Malt Free Long Life Soy Drink | 1L,Pureharvest,"Dairy, Eggs & Fridge",Long Life-Milk,Organic Long Life Milk,,$2.00,,,$2.00 per 1L,9553971,"Organic Soy Unsweetened is a delicious soy milk made using only certified organic whole soy beans. This product is completely unsweetened - it's made without cane sugar, maltodextrin, or any other artificial sweetener.

Our Organic Soy milks are creamy & nutritious due to being made from at least 15% whole organic soy beans. That means no soy flour, no soy isolates, and no emulsifiers or preservatives. Just simple organic ingredients produced right here in Australia.
Organic

Unsweetened

Gluten Free

No additives

No GMOs

No artificial colours or flavours.

No preservatives.",,,"Per 100g/ml
Per Serving
%DI
Energy
202
505
Protein
3.0
7.5
Total Fat
3.4
8.5
Saturated Fat
0.40g
1.0
Carbohydrate
1.5
3.8
Sugars
0.80g
2.0
Calcium
120mg
300mg
Sodium
15mg
38
Monounsaturated
1.8
4.5
Dietary Fibre (total)
<1
<1
Polyunsaturated
1.20g
3.0
Trans
Not Detected
Not Detected
* Percentage Daily Intakes are based on an average adult diet of 8700 kJ. Your daily intakes may be higher or lower depending on your energy needs.",,https://www.coles.com.au/product/pureharvest-organic-malt-free-long-life-soy-drink-1l-9553971,,,2024-06-17T16:46:43.001527-04:00
"Ind54SColes_ADairy, Eggs & Fridge_SALong Life-Milk_IAustralias Own Barista Oat Milk | 1L",Australias Own Barista Oat Milk | 1L,Australias Own,"Dairy, Eggs & Fridge",Long Life-Milk,Long-Life Flavoured Milk,,$3.60,,$4.50,$3.60 per 1L,3793509,"Australia's Own Barista Oat Milk has been developed as the perfect plant-based milk for coffee at home. The quality of our core ingredients, and extensive testing have created rich, creamy plant-based milks, so you can enjoy cafe quality in the comfort of your own home.
Vegan friendly

Plant based barista milk

No added sugar

100% Australian Oats

Australian made & owned",,,"Per 100g/ml
Per Serving
%DI
Energy
240
600
7
Protein
0.6
1.5
3
Total Fat
2.8
6.9
10
Saturated Fat
0.4
0.9
4
Carbohydrate
7
18
6
Sugars
2.8
7
8
Calcium
120mg
300
38
Sodium
55mg
137mg
6
Monounsaturated
0.8
2.1
Energy (Cal)
57
143
Dietary Fibre (total)
<0.5
<0.1
3
Polyunsaturated
1.5
3.8
Trans
<0.1
<0.1
* Percentage Daily Intakes are based on an average adult diet of 8700 kJ. Your daily intakes may be higher or lower depending on your energy needs.",,https://www.coles.com.au/product/australias-own-barista-oat-milk-1l-3793509,,,2024-06-17T16:46:54.899172-04:00
"Ind54SColes_ADairy, Eggs & Fridge_SALong Life-Milk_ILiddells Lactose Free Full Cream Milk | 1L",Liddells Lactose Free Full Cream Milk | 1L,Liddells,"Dairy, Eggs & Fridge",Long Life-Milk,Lactose Free-Milk,,$3.00,,,$3.00 per 1L,6706012,"With Liddells you can have the freedom to enjoy the delicious taste and nutrition of real dairy without the lactose. Liddells Lactose Free Full Cream Long Life Milk, is great tasting, rich and creamy, gluten free and is packed in an easy to open and pour 1L pack. It is made from farm-fresh Aussie cow's milk, so it's full of dairy goodness  just without the lactose.Enjoy real dairy freedom with Liddells Lactose Free Full Cream 1L Long Life Milk.If you love dairy, but your digestive system doesn't, Liddells Lactose Free Full Cream Milk is for you. Liddells milk contains the lactase enzyme which makes it easy to digest* if your body doesn't naturally make enough lactase to digest lactose. Liddells products should form part of a healthy diet containing a variety of foods.",,,"Per 100g/ml
Per Serving
%DI
Energy
265kJ
663kJ
Protein
3.2g
8g
Total Fat
3.4g
8.5g
Saturated Fat
2.3g
5.8g
Carbohydrate
4.8g
12g
Sugars
4.8g
12g
Calcium
120mg
300mg
38%
Sodium
45mg
113mg
* Percentage Daily Intakes are based on an average adult diet of 8700 kJ. Your daily intakes may be higher or lower depending on your energy needs.",,https://www.coles.com.au/product/liddells-lactose-free-full-cream-milk-1l-6706012,,,2024-06-17T16:47:06.050613-04:00
"Ind54SColes_ADairy, Eggs & Fridge_SALong Life-Milk_IMilklab Almond Milk | 1L",Milklab Almond Milk | 1L,Milklab,"Dairy, Eggs & Fridge",Long Life-Milk,Almond Long Life Milk,,$5.50,,,$5.50 per 1L,7497814,,,,,,https://www.coles.com.au/product/milklab-almond-milk-1l-7497814,,,2024-06-17T16:47:16.962034-04:00
"Ind54SColes_ADairy, Eggs & Fridge_SALong Life-Milk_IVitasoy So Milky Uht Lite | 1L",Vitasoy So Milky Uht Lite | 1L,Vitasoy,"Dairy, Eggs & Fridge",Long Life-Milk,Long-Life Flavoured Milk,,$2.45,,,$2.45 per 1L,5231306,"Every whole soybean that makes this milk great is grown in Australia.

Beneath the watchful eyes of Aussie farmers, every whole soybean squeezed into our Soy Milky Lite (40% less fat than Soy Milky Regular) was planted and picked at just the right moment. Its why our famous milky taste is hard to beat.

For us, it's a daily obsession that's been growing across the globe since the Vitasoy brand first started in 1940. Bringing you a simple yet delicious soy milk, brimming with the good stuff - and less than 2% Fat.

This is why our glass is always full.

Grown by Aussie Farmers.

Our whole soybeans are harvested in autumn and delivered to our Wodonga factory.

Only the best beans make it...

Blended by us.

We dehull and grind our beans, then blend the good bits with filtered water and other ingredients including calcium.

Perfected and packed for your pantry...

Enjoyed by you.

Your Vitasoy is ready to be soaked up and savoured with all your favourites.

It's too good not to share.

Naturally better when...

Poured on cereal!

Frothed in a coffee!

On its own!

Australian grown whole soy beans.

1/3 of your daily calcium (38% of your daily calcium needs in every serving.).

Naturally free from gluten, dairy, lactose and cholesterol.

Natural source of protein.

No artificial colours or preservatives.

Non-genetically modified.

Suitable for vegans and vegetarians.",,,"Per 100g/ml
Per Serving
%DI
Energy
162
405
5.00%
Protein
3.0g
7.5
15.00%
Total Fat
1.8g
4.5g
6.00%
Saturated Fat
0.3g
0.8g
3.00%
Carbohydrate
2.5
6.3
2
Sugars
1.6
4
4
Calcium
120mg
300mg
Cholesterol
0mg
0mg
Lactose
0g
0g
Sodium
80mg
200mg
9
Monounsaturated
0.4g
1.0g
Energy (Cal)
39
98
Dietary Fibre (total)
0.2
0.5
2
Polyunsaturated
1.1g
2.8g
Galactose
0g
0g
Gluten
0mg
0mg
Trans
0g
0g
* Percentage Daily Intakes are based on an average adult diet of 8700 kJ. Your daily intakes may be higher or lower depending on your energy needs.",,https://www.coles.com.au/product/vitasoy-so-milky-uht-lite-1l-5231306,,,2024-06-17T16:47:29.154369-04:00
"Ind54SColes_ADairy, Eggs & Fridge_SALong Life-Milk_IColes Australian Skim Long Life Milk | 1L",Coles Australian Skim Long Life Milk | 1L,Coles,"Dairy, Eggs & Fridge",Long Life-Milk,Long-Life-Milk,,$1.60,,,$1.60 per 1L,7667244,"Better Together with Australian Farmers The hard work and dedicated spirit of dairy farmers is embedded in the fabric of our country. That's why Coles is proud to directly partner with dairy farmers in New South Wales offering longer term agreements and helping farmers better plan for their future. We know each and every farmer we source our milk from and that's what makes us better together. The fresh, creamy goodness of milk is a source of protein and is rich in calcium for healthy teeth and bones. Enjoy the nourishment of Coles milk every day",,,"Per 100g/ml
Per Serving
%DI
Energy
141
354
4
Protein
3.3
8.3
17
Total Fat
LESS THAN 1g
LESS THAN 1g
0
Carbohydrate
4.8
12.0
4
Sugars
5
12.5
Calcium
120
300
Sodium
40
100
4
Saturated
0.1
0.25
Energy (Cal)
33.83
84.57
Fat
0.1
0.25
Dietary Fibre (total)
0
0
Potassium
149
372.5
* Percentage Daily Intakes are based on an average adult diet of 8700 kJ. Your daily intakes may be higher or lower depending on your energy needs.",,https://www.coles.com.au/product/coles-australian-skim-long-life-milk-1l-7667244,,,2024-06-17T16:47:40.167107-04:00
"Ind54SColes_ADairy, Eggs & Fridge_SALong Life-Milk_IAustralias Own Barista Macadamia Milk | 1L",Australias Own Barista Macadamia Milk | 1L,Australias Own,"Dairy, Eggs & Fridge",Long Life-Milk,Almond Long Life Milk,,$3.60,,$4.50,$3.60 per 1L,3793510,"Barista Macadamia
Barista Quality - Plant Milks

Our Barista range has been developed so you can enjoy cafe quality drinks, at home. 

This delicious plant-based alternative is specially formulated to steam, froth & aerate. 

Perfect for coffee, tea or any one of your favorite hot beverages. Best enjoyed in those quiet moments alone or over a catch up with friends and family. 

With Australia's Own Barista, the cafe is always with you, at home. 
Perfect plant-based milk for coffee at the comfort of your own home

Quality core ingredients

Creamy plant-based milks",,,"Per 100g/ml
Per Serving
%DI
Energy
125kJ
314kJ
4%
Protein
0.5g
1.2g
2%
Total Fat
1.9g
4.7g
7%
Saturated Fat
0.3g
0.8g
3%
Carbohydrate
2.6g
6.4g
2%
Sugars
1.7g
4.2g
5%
Cholesterol
Not detected
Not detected
Not detected
Lactose
Not detected
Not detected
Not detected
Sodium
40mg
101mg
4%
Monounsaturated
1.5g
3.7g
Energy (Cal)
30cal
75cal
Polyunsaturated
0.1g
0.2g
Galactose
Not detected
Not detected
Not detected
Gluten
Not detected
Not detected
Not detected
Trans
0.0g
0.0g
* Percentage Daily Intakes are based on an average adult diet of 8700 kJ. Your daily intakes may be higher or lower depending on your energy needs.",,https://www.coles.com.au/product/australias-own-barista-macadamia-milk-1l-3793510,,,2024-06-17T16:47:53.101379-04:00
"Ind54SColes_ADairy, Eggs & Fridge_SALong Life-Milk_IA2 Full Cream Instant Milk Powder | 1kg",A2 Full Cream Instant Milk Powder | 1kg,A2,"Dairy, Eggs & Fridge",Long Life-Milk,Powdered Long Life Milk,,$19.00,,,$1.90 per 100g,2412654,a2 Milk Full Cream Milk Powder has been spray dried to preserve all the Natural goodnes and special benefits of a2 Milk. It is high in calcium and comes in an airtight reselable pouch to maintain its freshness.,,,"Per 100g/ml
Per Serving
%DI
Energy
299kJ
748kJ
Protein
3.4g
8.5g
Total Fat
4g
10g
Saturated Fat
2.7g
6.8g
Carbohydrate
5.5g
13.8g
Sugars
5.5g
13.8g
Calcium
112mg
280mg
35%
Sodium
32mg
81mg
Potassium
130mg
326mg
* Percentage Daily Intakes are based on an average adult diet of 8700 kJ. Your daily intakes may be higher or lower depending on your energy needs.",,https://www.coles.com.au/product/a2-full-cream-instant-milk-powder-1kg-2412654,,,2024-06-17T16:48:04.772026-04:00
"Ind54SColes_ADairy, Eggs & Fridge_SALong Life-Milk_IMinor Figures Barista Oat Milk | 1L",Minor Figures Barista Oat Milk | 1L,Minor Figures,"Dairy, Eggs & Fridge",Long Life-Milk,Oats & Rice Long Life Milk,,$4.80,Buy 2 for $7,,$4.80 per 1L,4309124,"'Better for your coffee. Better for the planet. Minor Figures Oat Milk is formulated by baristas, for baristas.",,,"Per 100g/ml
Per Serving
%DI
Energy
206kJ
413kJ
Protein
0.2g
0.5g
Total Fat
2.1g
4.3g
Saturated Fat
0.2g
0.4g
Carbohydrate
7.1g
14.3g
Sugars
3.4g
6.8g
Sodium
45mg
90mg
* Percentage Daily Intakes are based on an average adult diet of 8700 kJ. Your daily intakes may be higher or lower depending on your energy needs.",,https://www.coles.com.au/product/minor-figures-barista-oat-milk-1l-4309124,,,2024-06-17T16:48:16.066911-04:00
"Ind54SColes_ADairy, Eggs & Fridge_SALong Life-Milk_IAustralia's Own Unsweetened Organic Almond Milk | 1L",Australia's Own Unsweetened Organic Almond Milk | 1L,Australias Own,"Dairy, Eggs & Fridge",Long Life-Milk,Organic Long Life Milk,,$3.10,,,$3.10 per 1L,2412370,"Australian Natural Goodness

We believe Australia is packed full of nature's good stuff... from hiking in the bush, to strolling down a beach and wiggling your toes in the sand.

Australia's Own is all about the power of nature, nurturing us on the inside and feeling good on the outside. We only use pure and simple certified organic ingredients.

Our range of products is the way nature intended... simply good for you!

Organic farming, doing good for the planet

- Chemical-free from synthetic herbicides and pesticides, growing cleaner food and saving our waterways.
- Sustainable farming systems promoting greater biodiversity.
- GMO's are prohibited on organic farms, ensuring methods of production are as close as nature intended.
Certified Organic

No added sweetener, no cane sugar, no gluten and no lactose",,,"Per 100g/ml
Per Serving
%DI
Energy
82kJ
205kJ
2%
Protein
0.6g
1.5g
3%
Total Fat
1.7g
4.3g
6%
Saturated Fat
0.1g
0.3g
1%
Carbohydrate
0.4g
0.9g
0%
Sugars
0.1g
0.3g
0%
Cholesterol
Not Detected
Not Detected
Lactose
Not Detected
Not Detected
Sodium
40mg
100mg
4%
Monounsaturated
1.1g
2.9g
Energy (Cal)
20Cal
49Cal
Dietary Fibre (total)
<0.5g
<0.1g
3%
Polyunsaturated
0.4g
0.9g
Galactose
Not Detected
Not Detected
Gluten
Not Detected
Not Detected
Trans
<0.1g
<0.1g
* Percentage Daily Intakes are based on an average adult diet of 8700 kJ. Your daily intakes may be higher or lower depending on your energy needs.",,https://www.coles.com.au/product/australia's-own-unsweetened-organic-almond-milk-1l-2412370,,,2024-06-17T16:48:27.315417-04:00
"Ind54SColes_ADairy, Eggs & Fridge_SA_IColes Australian Lite Long Life Milk | 1L",Coles Australian Lite Long Life Milk | 1L,Coles,"Dairy, Eggs & Fridge",,,,$1.60,,,$1.60 per 1L,7239433,"Better Together with Australian Farmers The hard work and dedicated spirit of dairy farmers is embedded in the fabric of our country. That's why Coles is proud to directly partner with dairy farmers in New South Wales offering longer term agreements and helping farmers better plan for their future. We know each and every farmer we source our milk from and that's what makes us better together. The fresh, creamy goodness of milk is a source of protein and is rich in calcium for healthy teeth and bones. Enjoy the nourishment of Coles milk every day",,,"Per 100g/ml
Per Serving
%DI
Energy
179
449
5
Protein
3.1
7.75
Saturated Fat
LESS THAN 1g
2.1
9
Carbohydrate
5
12.5
Sugars
5
12.5
Calcium
120
300
Sodium
40
100
4
Saturated
1
2.5
Energy (Cal)
46.22
115.55
Fat
1.5
3.75
Dietary Fibre (total)
0
0
Potassium
149
372.5
* Percentage Daily Intakes are based on an average adult diet of 8700 kJ. Your daily intakes may be higher or lower depending on your energy needs.",,https://www.coles.com.au/product/coles-australian-lite-long-life-milk-1l-7239433,,,2024-06-17T16:48:38.562056-04:00
"Ind54SColes_ADairy, Eggs & Fridge_SAHealth Foods Sports Nutrition & Diet_IAmazonia Isolate Chocolate Coconut Raw Protein Powder | 390g",Amazonia Isolate Chocolate Coconut Raw Protein Powder | 390g,Amazonia,"Dairy, Eggs & Fridge",Health Foods Sports Nutrition & Diet,Nutrition Powders,,$28.80,,$36.00,$7.38 per 100g,4304368,"Amazonia Raw Protein Isolate is a market leader Certified Organic, vegan protein offering a complete amino acid profile. This gentle formula has been designed for easy digestion and is enhanced with plant-based digestive enzyme, Bromelain, for premium bioavailability. With over 80% organic sprouted and fermented protein, Raw Protein Isolate has been specifically formulated with a blend of golden pea and brown rice to provide a complete amino acid profile. Increase your daily protein intake and support muscle repair and tissue repair with this delicious formula.",,,"Per 100g/ml
Per Serving
%DI
Energy
1630kJ
490kJ
Protein
390g
20.9g
Total Fat
69.7g
2.5g
Saturated Fat
8.3g
0.7g
Carbohydrate
8.9g
2.7g
Sugars
2.9g
0.9g
Sodium
980mg
294mg
Iron
39.7mg
11.9mg
99%
Zinc
5mg
1.5mg
12%
* Percentage Daily Intakes are based on an average adult diet of 8700 kJ. Your daily intakes may be higher or lower depending on your energy needs.",,https://www.coles.com.au/product/amazonia-isolate-chocolate-coconut-raw-protein-powder-390g-4304368,,,2024-06-17T16:48:51.888467-04:00
"Ind54SColes_ADairy, Eggs & Fridge_SALong Life-Milk_IVitasoy Oat Milky Chilled | 1L",Vitasoy Oat Milky Chilled | 1L,Vitasoy,"Dairy, Eggs & Fridge",Long Life-Milk,Oats & Rice Long Life Milk,,$3.10,,,$3.10 per 1L,6403939,,,,,,https://www.coles.com.au/product/vitasoy-oat-milky-chilled-1l-6403939,,,2024-06-17T16:49:00.895740-04:00
"Ind54SColes_ADairy, Eggs & Fridge_SALong Life-Milk_ISanitarium So Good Long Life No Added Sugar Oat Milk | 1L",Sanitarium So Good Long Life No Added Sugar Oat Milk | 1L,Sanitarium,"Dairy, Eggs & Fridge",Long Life-Milk,Long-Life Flavoured Milk,,$1.95,,$2.80,$1.95 per 1L,4204352,"So Good Oat Milk's mild and creamy taste is perfect with cereal, in a smoothie, or added to a saucy pasta dish.

We're proud to use Australian grown oats, that are softly milled and blended with the best ingredients to create an oat milk that is deliciously creamy in taste.

Aussie Made

High in Calcium

Vitamins B12 + B2 + D + A
No Artificial Colours or Flavours

No Lactose

No Cholesterol

No Dairy",,,"Per 100g/ml
Per Serving
%DI
Energy
194kJ
485kJ
Protein
0.8g
2.1g
Total Fat
1.9g
4.8g
Saturated Fat
0.2g
0.5g
Carbohydrate
6.3g
15.8g
Sugars
2.0g
5.0g
Vitamin B2
0.17mg
0.43mg
25%
Calcium
120mg
300mg
37%
Vitamin B12
0.4ug
1.0ug
50%
Cholesterol
0.0mg
0.0mg
Vitamin A
40ug
100ug
13%
Lactose
0.0g
0.0g
Vitamin D
0.5ug
1.2ug
12%
Sodium
45mg
113mg
Monounsaturated
0.6g
1.6g
Energy (Cal)
46Cal
116Cal
Dietary Fibre (total)
0.4g
1.0g
Polyunsaturated
0.6g
1.5g
Galactose
0.0g
0.0g
Potassium
174mg
435mg
Trans
0.0g
0.0g
* Percentage Daily Intakes are based on an average adult diet of 8700 kJ. Your daily intakes may be higher or lower depending on your energy needs.",,https://www.coles.com.au/product/sanitarium-so-good-long-life-no-added-sugar-oat-milk-1l-4204352,,,2024-06-17T16:49:12.338240-04:00
"Ind54SColes_ADairy, Eggs & Fridge_SABeverages_IAustralia's Own Smooth As Almond Milk | 1L",Australia's Own Smooth As Almond Milk | 1L,Australias Own,"Dairy, Eggs & Fridge",Beverages,Milk & milk additives,,$2.70,,,"$2.70 per 1L
Was $3.00 on Apr 2024",6494581,"Australia's Own Smooth as Almond milk is the perfect dairy free plant based milk with a smooth and neutral taste profile ideal for cereals, smoothies, coffee and tea. Enjoy the tasty Aussie-licious goodness made with 100% Aussie Almonds

This deliciously smooth Almond milk is made with 100% Aussie almonds from our good mates in the Murray and Riverina region.

Lactose Free
Gluten Free
38% of your daily calcium needs
Low Sugar
100% Aussie Almonds
Low Sugar

Free from dairy, lactose, gluten, and cholesterol

Good source of calcium

Made with Aussie Almonds

Source of Vitamin E",,,"Per 100g/ml
Per Serving
%DI
Energy
109
273
3
Protein
0.6g
1.6g
3
Total Fat
1.9g
4.8g
7
Saturated Fat
0.2
0.4g
2
Carbohydrate
1.2g
3.1g
1
Sugars
1.2g
2.9g
3
Calcium
120mg
300mg
5
Lactose
Not Detected
Not Detected
Not Detected
Sodium
42mg
104mg
5
Vitamin E
0.7mg
1.7mg
17
Monounsaturated
1.3g
3.1g
Energy (Cal)
26
65
Dietary Fibre (total)
<0.5g
<1g
3
Polyunsaturated
0.5g
1.2g
Galactose
Not Detected
Not Detected
Not Detected
Gluten
Not Detected
Not Detected
Not Detected
Trans
0.0
0.0g
0
* Percentage Daily Intakes are based on an average adult diet of 8700 kJ. Your daily intakes may be higher or lower depending on your energy needs.",,https://www.coles.com.au/product/australia's-own-smooth-as-almond-milk-1l-6494581,,,2024-06-17T16:49:24.555377-04:00
"Ind54SColes_ADairy, Eggs & Fridge_SALong Life-Milk_IPureharvest Organic Long Life Oat Milk | 1L",Pureharvest Organic Long Life Oat Milk | 1L,Pureharvest,"Dairy, Eggs & Fridge",Long Life-Milk,Organic Long Life Milk,,$2.10,,$3.00,$2.10 per 1L,6684146,"PureHarvest Organic Oat milk was the first oat milk introduced to the Australian market back in 1995.

For over 25 years we have been producing a creamy, nutritious oat milk using whole organic oats with no unnecessary additives.

That means no oat flour, no gums, no emulsifiers & no preservatives; just simple, organic ingredients, produced right here in Australia.
Organic

Vegan

No added cane sugar

No Artificial Colours or Flavours

GMO Free",,,"Per 100g/ml
Per Serving
%DI
Energy
203kJ
508kJ
Protein
1.4g
3.5g
Total Fat
1.3g
3.3g
Saturated Fat
0.2g
0.5g
Carbohydrate
7.7g
19.3g
Sugars
3.5g
8.8g
Calcium
120mg
300mg
Sodium
45mg
113mg
Monounsaturated
0.7g
1.8g
Dietary Fibre (total)
<1g
<1g
Polyunsaturated
0.4g
1.0g
Trans
NIL
NIL
* Percentage Daily Intakes are based on an average adult diet of 8700 kJ. Your daily intakes may be higher or lower depending on your energy needs.","Filtered Water, Organic Whole Oats (15%), Organic Hi Oleic Sunflower Oil, Plant Calcium, Sea Salt",https://www.coles.com.au/product/pureharvest-organic-long-life-oat-milk-1l-6684146,,,2024-06-17T16:49:35.515189-04:00
"Ind54SColes_ADairy, Eggs & Fridge_SALong Life-Milk_IMilklab Almond Milk | 250mL",Milklab Almond Milk | 250mL,Milklab,"Dairy, Eggs & Fridge",Long Life-Milk,Almond Long Life Milk,,$2.00,Pick any 3 for $5,,$8.00 per 1L,6501075," Australia's #1 barista almond milk for coffee is now available for the home barista!

Crafted with baristas, for baristas MILKLAB Almond has been designed to texture and stretch with high performance and perfectly complement coffee with its smooth, nutty flavour and rich, velvety mouthfeel.

Now available in a convenient single serve' pack size so you can replicate the quality of a barista-made coffee from the comfort of your own home.",,,"Per 100g/ml
Per Serving
%DI
Energy
155
387
4
Protein
0.8
2.0
4
Total Fat
2.5
6.2
9
Saturated Fat
0.2
0.5
2
Carbohydrate
2.8
6.9
2
Sugars
1.7
4.3
5
Calcium
120mg
300mg
38
Sodium
40mg
100mg
5
Energy (Cal)
37
92
4
Dietary Fibre (total)
<0.5
<1
2
* Percentage Daily Intakes are based on an average adult diet of 8700 kJ. Your daily intakes may be higher or lower depending on your energy needs.","Australian water, Australian almonds (3.5%), sugar, vegetable oil (canola or sunflower), maltodextrin (from corn), acidity regulators (potassium citrate, dipotassium phosphate), mineral (calcium), vegetable gums (gellan gum, xanthan gum, locust bean gum), emulsifier (sunflower lecithin), salt.",https://www.coles.com.au/product/milklab-almond-milk-250ml-6501075,,,2024-06-17T16:49:47.641740-04:00
"Ind54SColes_ADairy, Eggs & Fridge_SALong Life-Milk_IAustralia's Own Almond Barista Milk | 1L",Australia's Own Almond Barista Milk | 1L,Australias Own,"Dairy, Eggs & Fridge",Long Life-Milk,Almond Long Life Milk,,$3.60,,$4.50,$3.60 per 1L,3492670,"Barista Almond
Barista Quality - Plant Milk

Our Barista range has been developed so you can enjoy cafe quality drinks, at home.

This delicious plant-based alternative is specially formulated to steam, froth & aerate.

Perfect for coffee, tea or any one of your favourite hot beverages. Best enjoyed in those quiet moments alone or over a catch up with friends and family.

With Australia's Own Barista, the cafe is always with you, at home.
Perfect for coffee, tea or any one of your favourite hot beverages",,,"Per 100g/ml
Per Serving
%DI
Energy
155kJ
387kJ
4%
Protein
0.8g
2.0g
4%
Total Fat
2.5g
6.2g
9%
Saturated Fat
0.2g
0.5g
2%
Carbohydrate
2.8g
6.9g
2%
Sugars
1.7g
4.3g
5%
Cholesterol
Not Detected
Not Detected
Not Detected
Lactose
Not Detected
Not Detected
Not Detected
Sodium
42mg
104mg
5%
Monounsaturated
1.7g
4.3g
Energy (Cal)
37cal
92cal
Polyunsaturated
0.6g
1.4g
Galactose
Not Detected
Not Detected
Not Detected
Gluten
Not Detected
Not Detected
Not Detected
Trans
0.0g
0.0g
* Percentage Daily Intakes are based on an average adult diet of 8700 kJ. Your daily intakes may be higher or lower depending on your energy needs.",,https://www.coles.com.au/product/australia's-own-almond-barista-milk-1l-3492670,,,2024-06-17T16:50:00.340685-04:00
"Ind54SColes_ADairy, Eggs & Fridge_SALong Life-Milk_IAustralias Own Chocolate Kids Milk 200mL | 6 pack",Australias Own Chocolate Kids Milk 200mL | 6 pack,Australias Own,"Dairy, Eggs & Fridge",Long Life-Milk,Long-Life Flavoured Milk,,$4.90,,$6.20,$4.08 per 1L,4311363,"Proudly to be the Winner in the 2024 Healthy Food Guide Lunchbox Awards Australia.

This delicious Kid's Milk contains 7 nutrients found naturally in dairy milk. It's also a good source of calcium for strong healthy bones and contains protein for healthy growing muscles. More reason to love this tasty chocolate drink!
Source of Protein

Good Source of Calcium

No artificial colours, flavours or preservatives

Proudly Australian made & owned",,,"Per 100g/ml
Per Serving
%DI
Energy
246
492
6
Protein
3.3
6.6
13
Total Fat
1.0
2.0
3
Saturated Fat
0.7
1.4
6
Carbohydrate
8.9
17.8
6
Sugars
8.8
17.6
20
Vitamin B2
0.2mg
0.4mg
24%RDI
Vitamin B3
0.54mg
1.08mg
11%RDI
Calcium
120mg
240mg
30%RDI
Vitamin B12
0.57ug
1.14ug
57%RDI
Sodium
42mg
84mg
4
Energy (Cal)
118
Iodine
26mg
52mg
35%RDI
* Percentage Daily Intakes are based on an average adult diet of 8700 kJ. Your daily intakes may be higher or lower depending on your energy needs.","Low Fat Milk (95%), Sugar, Cocoa Powder (0.6%), Vegetable Gums (460, 466, 407), Natural Flavours",https://www.coles.com.au/product/australias-own-chocolate-kids-milk-200ml-6-pack-4311363,,,2024-06-17T16:50:11.938159-04:00
"Ind54SColes_ADairy, Eggs & Fridge_SALong Life-Milk_IDevondale Semi Skim Long Life Milk | 1L",Devondale Semi Skim Long Life Milk | 1L,Devondale,"Dairy, Eggs & Fridge",Long Life-Milk,Long-Life-Milk,,$2.20,,,$2.20 per 1L,4824856,"Devondale Semi Skim Long Life Milk contains all the natural goodness of full cream milk, with only 2% fat and contains no added preservatives. Simply heated and sealed into a convenient stay-fresh pack, we lock in the goodness of farm-fresh milk. A natural source of essential nutrients including prosperous, magnesium, potassium and vitamin B12- High in calcium- Source of protein- No preservatives- Homogenised & pasteurised- Long life semi skim UHT Milk",,,"Per 100g/ml
Per Serving
%DI
Energy
143kJ
358kJ
Protein
3.3g
8.3g
Total Fat
0.1g
0.3g
Saturated Fat
0.1g
0.3g
Carbohydrate
4.9g
12.3g
Sugars
4.9g
12.3g
Calcium
120mg
300mg
38%
Sodium
45mg
113mg
* Percentage Daily Intakes are based on an average adult diet of 8700 kJ. Your daily intakes may be higher or lower depending on your energy needs.",,https://www.coles.com.au/product/devondale-semi-skim-long-life-milk-1l-4824856,,,2024-06-17T16:50:26.967373-04:00
"Ind54SColes_ADairy, Eggs & Fridge_SA_IAnnie's Orchard Unsweetened Oat Milk | 1L",Annie's Orchard Unsweetened Oat Milk | 1L,Annies Orchard,"Dairy, Eggs & Fridge",,,,$3.30,,,$3.30 per 1L,6450214,"Annie's Orchard Unsweetened Oat Milk is made from 100% Aussie oats, sourced from local farmers and growers.",,,"Per 100g/ml
Per Serving
%DI
Energy
224kJ
560kJ
6%
Protein
1g
2.5g
5%
Total Fat
1.9g
4.8g
7%
Saturated Fat
0.3g
0.8g
3%
Carbohydrate
8.1g
20.3g
7%
Sugars
1.4g
3.5g
4%
Calcium
80mg
200mg
25%
Sodium
39mg
98mg
4%
Dietary Fibre (total)
3.5g
8.8g
29%
* Percentage Daily Intakes are based on an average adult diet of 8700 kJ. Your daily intakes may be higher or lower depending on your energy needs.",,https://www.coles.com.au/product/annie's-orchard-unsweetened-oat-milk-1l-6450214,,,2024-06-17T16:50:38.289245-04:00
"Ind54SColes_ADairy, Eggs & Fridge_SALong Life-Milk_IDevondale Full Cream Long Life Milk | 1L",Devondale Full Cream Long Life Milk | 1L,Devondale,"Dairy, Eggs & Fridge",Long Life-Milk,Long-Life-Milk,,$2.20,,,$2.20 per 1L,301721,"Devondale Full Cream Long Life Milk is deliciously rich and creamy and contains no added preservatives. Simply heated and sealed into a convenient stay-fresh pack, we lock in the goodness of farm-fresh milk. A natural source of essential nutrients including prosperous, magnesium, potassium and vitamin B12- High in Calcium- Source of Protein- No Preservatives- Homogenised & Pasteurised Milk- Long life full cream UHT Milk",,,"Per 100g/ml
Per Serving
%DI
Energy
264kJ
660kJ
Protein
3.3g
8.3g
Total Fat
3.4g
8.5g
Saturated Fat
2.3g
5.8g
Carbohydrate
4.8g
12g
Sugars
4.8g
12g
Calcium
120mg
300mg
38%
Sodium
45mg
113mg
* Percentage Daily Intakes are based on an average adult diet of 8700 kJ. Your daily intakes may be higher or lower depending on your energy needs.",,https://www.coles.com.au/product/devondale-full-cream-long-life-milk-1l-301721,,,2024-06-17T16:50:49.234144-04:00
"Ind54SColes_ADairy, Eggs & Fridge_SALong Life-Milk_IAustralia's Own Cholesterol Lowering Milk | 1L",Australia's Own Cholesterol Lowering Milk | 1L,Australias Own,"Dairy, Eggs & Fridge",Long Life-Milk,Long-Life-Milk,,$2.80,,,$2.80 per 1L,6506589,"Get your daily dose of plant sterols with Australia's Own and say goodbye to high cholesterol*.
Switch to a healthier option and enjoy fresh tasting dairy milk that is:

 Low fat
 98 % fat free
 Low in sodium
 Source of protein
 High in calcium
 5 Health Star rated
Available at Woolworths in the long-life milk section.

* One serve contains 0.8g plant sterols, which helps lower cholesterol as part of a healthy and varied diet low in saturated fat and containing 2g plant sterols a day. See pack for more information.

As we age, we are more likely to develop high cholesterol which may lead to heart disease.

Research shows that having foods or drinks enriched with plant sterols can help reduce LDL cholesterol levels, known as the bad cholesterol, which is associated with increased risk of heart disease^.

Milk is also a nutrient powerhouse, including protein, calcium and potassium, which can help support overall health and wellness.

^Ras, et al. Br J Nutr, 2014. 112(2): 214-9
What are plant sterols?
Plant sterols are naturally present in plants and have been scientifically proven to help lower total and LDL (Low-density lipoprotein) cholesterol by blocking the absorption of dietary cholesterol in the digestive system.
We have simply added the power of plant sterols to a 5 Health Star rated low fat milk which makes it a convenient and efficient way to take good care of your cholesterol each and everyday.
Lowers Cholesterol

98% fat free

Low in sodium

Source of protein

High in calcium

5 Health Star rated.",,,"Per 100g/ml
Per Serving
%DI
Energy
177
442
5
Protein
3.3
8.2
16
Total Fat
1.1
2.6
4
Saturated Fat
0.6
1.4
6
Carbohydrate
4.8
12.0
4
Sugars
4.8
12.0
13
Calcium
120mg
300
38
Lactose
4.8
12.0
Sodium
40mg
100mg
4
Monounsaturated
0.2
0.5
Energy (Cal)
42
106
5
Dietary Fibre (total)
0.0
0.0
0
Polyunsaturated
0.2
0.5
Trans
0.1
0.3
* Percentage Daily Intakes are based on an average adult diet of 8700 kJ. Your daily intakes may be higher or lower depending on your energy needs.",,https://www.coles.com.au/product/australia's-own-cholesterol-lowering-milk-1l-6506589,,,2024-06-17T16:51:00.396988-04:00
"Ind54SColes_ADairy, Eggs & Fridge_SALong Life-Milk_IDevondale Full Cream Long Life Milk | 2L",Devondale Full Cream Long Life Milk | 2L,Devondale,"Dairy, Eggs & Fridge",Long Life-Milk,Long-Life-Milk,,$3.90,,,$1.95 per 1L,5230904,"Devondale Full Cream Long Life Milk is deliciously rich and creamy and contains no added preservatives. Simply heated and sealed into a convenient stay-fresh pack, we lock in the goodness of farm-fresh milk. A natural source of essential nutrients including prosperous, magnesium, potassium and vitamin B12- High in Calcium- Source of Protein- No Preservatives- Homogenised & Pasteurised Milk- Long life full cream UHT Milk",,,"Per 100g/ml
Per Serving
%DI
Energy
264kJ
660kJ
Protein
3.3g
8.3g
Total Fat
3.4g
8.5g
Saturated Fat
2.3g
5.8g
Carbohydrate
4.8g
12g
Sugars
4.8g
12g
Calcium
120mg
300mg
38%
Sodium
45mg
113mg
* Percentage Daily Intakes are based on an average adult diet of 8700 kJ. Your daily intakes may be higher or lower depending on your energy needs.",,https://www.coles.com.au/product/devondale-full-cream-long-life-milk-2l-5230904,,,2024-06-17T16:51:12.484112-04:00
"Ind54SColes_ADairy, Eggs & Fridge_SALong Life-Milk_IDevondale Moo Chocolate Flavoured Multipack Milk 200mL | 6 pack",Devondale Moo Chocolate Flavoured Multipack Milk 200mL | 6 pack,Devondale,"Dairy, Eggs & Fridge",Long Life-Milk,Long-Life Flavoured Milk,,$6.50,,$7.45,$5.42 per 1L,1262240,"Delicious Devondale Moo Chocolate Flavoured Milk is made with the natural goodness of full cream milk. Packed in a convenient lunch box friendly stay-fresh UHT pack, kids will love the creamy taste of Devondale Moo when they are on-the-go.- High in calcium- A source of protein - No added artificial colours or flavours- Convenient lunchbox multipack- Long life UHT Milk",,,"Per 100g/ml
Per Serving
%DI
Energy
333kJ
666kJ
Protein
3g
6g
Total Fat
3.4g
6.8g
Saturated Fat
2.3g
4.6g
Carbohydrate
9.2g
18.4g
Sugars
9.1g
18.2g
Calcium
104mg
208mg
26%
Sodium
50mg
100mg
* Percentage Daily Intakes are based on an average adult diet of 8700 kJ. Your daily intakes may be higher or lower depending on your energy needs.",,https://www.coles.com.au/product/devondale-moo-chocolate-flavoured-multipack-milk-200ml-6-pack-1262240,,,2024-06-17T16:51:24.648430-04:00
"Ind54SColes_ADairy, Eggs & Fridge_SALong Life-Milk_ISanitarium So Good Barista Oat Uht Milk | 1L",Sanitarium So Good Barista Oat Uht Milk | 1L,Sanitarium,"Dairy, Eggs & Fridge",Long Life-Milk,Long-Life Flavoured Milk,,$3.00,,$4.00,$3.00 per 1L,5318947,"So Good has worked with baristas to develop the ideal formulation, so you get that cafe quality experience in the comfort of your own home.

Aussie Made

High in Calcium

Vitamins B12 + B2 + A
No Artificial Colours or Flavours

No Lactose

No Cholesterol

No Dairy",,,"Per 100g/ml
Per Serving
%DI
Energy
239kJ
598kJ
Protein
1.0g
2.5g
Total Fat
3.1g
7.7g
Saturated Fat
0.4g
1.0g
Carbohydrate
6.0g
15.1g
Sugars
2.0g
5.1g
Vitamin B2
0.17mg
0.43mg
25%
Calcium
120mg
300mg
37%
Vitamin B12
0.4ug
1.0ug
50%
Cholesterol
0.0mg
0.0mg
Vitamin A
40ug
100ug
13%
Lactose
0.0g
0.0g
Sodium
41mg
102mg
Monounsaturated
1.3g
3.3g
Energy (Cal)
57Cal
143Cal
Dietary Fibre (total)
0.6g
1.6g
Polyunsaturated
1.4g
3.4g
Galactose
0.0g
0.0g
Potassium
237mg
593mg
Trans
0.0g
0.0g
* Percentage Daily Intakes are based on an average adult diet of 8700 kJ. Your daily intakes may be higher or lower depending on your energy needs.","Filtered water, Australian oat flour (9%), vegetable oils (sunflower, canola), acidity regulator (potassium phosphate), mineral (calcium), salt, antioxidant (ascorbic acid), vitamins (B12, A, B2, B1).",https://www.coles.com.au/product/sanitarium-so-good-barista-oat-uht-milk-1l-5318947,,,2024-06-17T16:51:35.935500-04:00
"Ind54SColes_ADairy, Eggs & Fridge_SALong Life-Milk_IOatly Oat Milk Barista Edition | 1L",Oatly Oat Milk Barista Edition | 1L,Oatly,"Dairy, Eggs & Fridge",Long Life-Milk,Long-Life Flavoured Milk,,$4.40,,$5.50,$4.40 per 1L,3488980,"Here you are reading about Barista Edition oat milk. That's a great start. If you happen to be a barista you will want to know that liquid oats aren't overly sweet or excessively heavy. What they are is fully foamable putting you in total control over the density and performance of your foam so you can showcase your latte art skillz, sorry, we mean skills.You should probably give it a try and see what you think.
If you don't happen to be a barista, that's cool. Just heat this Barista Edition oat milk in a container while giving it a whirl until it foams up nicely and then pour yourself an oat latte. And if you don't feel like a latte you will be happy to know that this product tastes just as amazing if you drink it straight or pour it on your granola or put it to work with your cooking skills. But let's keep that to us non-baristas, okay?
100% cool for vegans. Free from dairy and soy.",,,"Per 100g/ml
Per Serving
%DI
Energy
247kJ
617kJ
Protein
1g
2.5g
Total Fat
3g
7.5g
Saturated Fat
0.3g
0.8g
Carbohydrate
6.6g
16.5g
Sugars
4g
10g
Vitamin B2
0.2mg
0.5mg
31%
Calcium
120mg
300mg
37%
Sodium
42mg
105mg
Dietary Fibre (total)
0.8g
2g
Vitamin B12
0.4ug
1ug
48%
Potassium
222mg
555mg
* Percentage Daily Intakes are based on an average adult diet of 8700 kJ. Your daily intakes may be higher or lower depending on your energy needs.","Water, Oats (10%), Vegetable Oil (Rapeseed), Acidity Regulator (Dibasic Potassium Phosphate), Minerals (Calcium Carbonate, Calcium Phosphate), Iodised Salt (Salt, Iodine).",https://www.coles.com.au/product/oatly-oat-milk-barista-edition-1l-3488980,,,2024-06-17T16:51:48.671287-04:00
"Ind54SColes_ADairy, Eggs & Fridge_SALong Life-Milk_ISanitarium So Good Long Life Unsweetened Almond & Coconut Milk | 1L",Sanitarium So Good Long Life Unsweetened Almond & Coconut Milk | 1L,Sanitarium,"Dairy, Eggs & Fridge",Long Life-Milk,Almond Long Life Milk,,$2.00,,$2.90,$2.00 per 1L,1987118,"So Good Almond & Coconut Milk's refreshing taste is perfect with cereal, in a smoothie, or added to your favourite desserts or baking.

We're proud to use Australian almonds (supporting our local farming communities), which are roasted and churned into butter, making a delicious and nutritious nut milk.

Aussie Made

High in Calcium

Vitamins B12 + B2 + E
No Artificial Colours or Flavours

No Lactose

No Gluten

No Cholesterol

No Dairy

No Added Sugar.",,,"Per 100g/ml
Per Serving
%DI
Energy
72kJ
180kJ
Protein
0.5g
1.3g
Total Fat
1.5g
3.7g
Saturated Fat
0.3g
0.8g
Carbohydrate
0.3g
0.9g
Sugars
0.2g
0.5g
Vitamin B2
0.17mg
0.43mg
25%
Calcium
120mg
300mg
37%
Vitamin B12
0.4ug
1.0ug
50%
Cholesterol
0.0mg
0.0mg
Lactose
0.0g
0.0g
Sodium
31mg
79mg
Vitamin E
0.6mg
1.5mg
15%
Monounsaturated
0.8g
2.0g
Energy (Cal)
17Cal
43Cal
Dietary Fibre (total)
0.3g
0.7g
Polyunsaturated
0.4g
0.9g
Galactose
0.0g
0.0g
Gluten
Not Detected
Not Detected
Potassium
20mg
51mg
Trans
0.0g
0.0g
* Percentage Daily Intakes are based on an average adult diet of 8700 kJ. Your daily intakes may be higher or lower depending on your energy needs.",,https://www.coles.com.au/product/sanitarium-so-good-long-life-unsweetened-almond-and-coconut-milk-1l-1987118,,,2024-06-17T16:52:01.181336-04:00
"Ind54SColes_ADairy, Eggs & Fridge_SALong Life-Milk_IPauls Zymil Skim Long Life Milk | 1L",Pauls Zymil Skim Long Life Milk | 1L,Pauls,"Dairy, Eggs & Fridge",Long Life-Milk,Lactose Free-Milk,,$3.00,,,$3.00 per 1L,4311829,"At Pauls, we love dairy. We're pretty passionate about making great tasting products packed with real dairy goodness. We put that devotion into every Pauls milk, cream, custard and yoghurt we make. Milk is a natural source of protein, vitamins and minerals essential for good health. Rich in calcium, Pauls Zymil is simply milk which is easy to digest (As part of a healthy and varied diet, consuming Zymil instead of regular milk helps ease digestion in those who are sensitive to lactose). Plus Pauls Zymil is lactose free and made from real milk so it has all of the natural goodness of regular milk. Lactose free, easy to digest and rich in calcium.",,,"Per 100g/ml
Per Serving
%DI
Energy
153kJ
382kJ
Protein
3.5g
8.7g
Total Fat
Less than 1g
Less than 1g
Saturated Fat
Less than 1g
Less than 1g
Carbohydrate
5.2g
13.0g
Sugars
5.2g
13.0g
Vitamin B2
0.2mg
0.4mg
25% RDI*
Calcium
118mg
295mg
38% RDI*
Lactose
NIL
NIL
Sodium
45mg
113mg
Energy (Cal)
36Cal
90Cal
Dietary Fibre (total)
0.0g
0.0g
Galactose
2.6g
6.5g
* Percentage Daily Intakes are based on an average adult diet of 8700 kJ. Your daily intakes may be higher or lower depending on your energy needs.",,https://www.coles.com.au/product/pauls-zymil-skim-long-life-milk-1l-4311829,,,2024-06-17T16:52:13.634800-04:00
"Ind54SColes_ADairy, Eggs & Fridge_SALong Life-Milk_IDevondale Skim Long Life Milk | 1L",Devondale Skim Long Life Milk | 1L,Devondale,"Dairy, Eggs & Fridge",Long Life-Milk,Long-Life-Milk,,$2.20,,,$2.20 per 1L,455849,"Devondale Skim Long Life Milk is delicious and contains all the goodness of milk without the fat. Simply heated and sealed into a convenient stay-fresh pack, we lock in the goodness of farm-fresh milk. 99.9% fat free and with no added preservatives, it is a natural source of essential nutrients including prosperous, magnesium, potassium and vitamin B12- High in calcium- Source of protein- No preservatives- Homogenised & pasteurised- Long life UHT Skim Milk",,,"Per 100g/ml
Per Serving
%DI
Energy
210kJ
525kJ
Protein
3.3g
8.3g
Total Fat
2g
5g
Saturated Fat
1.4g
3.5g
Carbohydrate
4.7g
11.8g
Sugars
4.7g
11.8g
Calcium
120mg
300mg
38%
Sodium
45mg
113mg
* Percentage Daily Intakes are based on an average adult diet of 8700 kJ. Your daily intakes may be higher or lower depending on your energy needs.",,https://www.coles.com.au/product/devondale-skim-long-life-milk-1l-455849,,,2024-06-17T16:52:25.412652-04:00
"Ind54SColes_ADairy, Eggs & Fridge_SALong Life-Milk_IColes Drink Soy Regular | 1L",Coles Drink Soy Regular | 1L,Coles,"Dairy, Eggs & Fridge",Long Life-Milk,Soy Milk Long Life Milk,,$1.15,,,$1.15 per 1L,4499631,"Source of protein to support muscle growth^ Source of vitamin A, B2 and B12 Low in saturated fat Suitable for vegans Lactose free",,,"Per 100g/ml
Per Serving
%DI
Energy
269.90
674.75
Protein
3.60
9.00
Total Fat
3.3
8.3
12
Saturated Fat
0.20
0.50
Carbohydrate
5.00
12.50
Sugars
1.60
4.00
Calcium
110.00
275.00
Saturated
0.20
0.50
Vitamin B12
0.30
0.75
Cholesterol
1.00
2.50
Vitamin A
40.00
100.00
Lactose
0.00
0.00
Sodium
60.00
150.00
Monounsaturated
2.00
5.00
Energy (Cal)
64.57
161.42
Fat
3.30
8.25
Dietary Fibre (total)
0.20
0.50
Riboflavin (Vitamin B2)
0.17
0.43
Polyunsaturated
0.80
2.00
Galactose
0.00
0.00
Gluten
0.00
0.00
Potassium
198.00
495.00
Trans
0.10
0.25
trans
LESS THAN 1g
LESS THAN 1g
* Percentage Daily Intakes are based on an average adult diet of 8700 kJ. Your daily intakes may be higher or lower depending on your energy needs.",,https://www.coles.com.au/product/coles-drink-soy-regular-1l-4499631,,,2024-06-17T16:52:37.402531-04:00
"Ind54SColes_ADairy, Eggs & Fridge_SALong Life-Milk_ISanitarium So Good Almond Vanilla Long Life Milk | 1L",Sanitarium So Good Almond Vanilla Long Life Milk | 1L,Sanitarium,"Dairy, Eggs & Fridge",Long Life-Milk,Almond Long Life Milk,,$2.00,,$3.20,$2.00 per 1L,1760101,"So Good Vanilla Almond Milk has a smooth and creamy taste with a hint of vanilla flavour.

It's also high in calcium with added vitamins and minerals.

It's delicious straight from the glass, added to your favourite smoothie blend, or used in baking.

Aussie Made

High in Calcium

Vitamins B12 + B2 + E
No Artificial Colours or Flavours

No Lactose

No Gluten

No Cholesterol

No Dairy",,,"Per 100g/ml
Per Serving
%DI
Energy
143kJ
357kJ
Protein
0.5g
1.3g
Total Fat
1.3g
3.2g
Saturated Fat
0.1g
0.3g
Carbohydrate
5.0g
12.4g
Sugars
4.8g
12.1g
Vitamin B2
0.17mg
0.43mg
25%
Calcium
120mg
300mg
37%
Vitamin B12
0.4ug
1.0ug
50%
Cholesterol
0.0mg
0.0mg
Lactose
0.0g
0.0g
Sodium
32mg
79mg
Vitamin E
0.6mg
1.5mg
15%
Monounsaturated
0.8g
2.0g
Energy (Cal)
34Cal
85Cal
Dietary Fibre (total)
0.2g
0.6g
Polyunsaturated
0.4g
0.9g
Galactose
0.0g
0.0g
Gluten
Not Detected
Not Detected
Potassium
16mg
41mg
Trans
0.0g
0.0g
* Percentage Daily Intakes are based on an average adult diet of 8700 kJ. Your daily intakes may be higher or lower depending on your energy needs.","Filtered water, cane sugar, almonds (2.5%), mineral (calcium), natural flavour, emulsifier (sunflower lecithin), salt, mineral salt (sodium bicarbonate), vegetable gum (gellan), antioxidant (ascorbic acid), vitamins (B12, B2, B1). All ingredients are of non-animal origin.",https://www.coles.com.au/product/sanitarium-so-good-almond-vanilla-long-life-milk-1l-1760101,,,2024-06-17T16:52:50.562146-04:00
"Ind54SColes_ADairy, Eggs & Fridge_SALong Life-Milk_IVitasoy Almond Milky | 1L",Vitasoy Almond Milky | 1L,Vitasoy,"Dairy, Eggs & Fridge",Long Life-Milk,Almond Long Life Milk,,$2.00,,$3.00,$2.00 per 1L,3019027,,,,,,https://www.coles.com.au/product/vitasoy-almond-milky-1l-3019027,,,2024-06-17T16:53:00.061130-04:00
"Ind54SColes_ADairy, Eggs & Fridge_SALong Life-Milk_IDevondale Moo Vanilla 6X200Ml | 6 pack",Devondale Moo Vanilla 6X200Ml | 6 pack,Devondale,"Dairy, Eggs & Fridge",Long Life-Milk,Long-Life Flavoured Milk,,$7.45,,,$6.21 per 1L,6538585,"Delicious Devondale Moo Vanilla Flavoured Milk is made with the natural goodness of full cream milk. Packed in a convenient lunch box friendly stay-fresh UHT pack, kids will love the creamy taste of Devondale Moo when they are on-the-go.- High in calcium- A source of protein - No added artificial colours or flavours- Convenient lunchbox multipack- Long life UHT Milk",,,"Per 100g/ml
Per Serving
%DI
Energy
340kJ
680kJ
Protein
3.2g
6.4g
Total Fat
3.4g
6.8g
Saturated Fat
2.3g
4.6g
Carbohydrate
9.4g
18.8g
Sugars
9.3g
18.6g
Calcium
110mg
220mg
28%
Sodium
37mg
74mg
* Percentage Daily Intakes are based on an average adult diet of 8700 kJ. Your daily intakes may be higher or lower depending on your energy needs.",,https://www.coles.com.au/product/devondale-moo-vanilla-6x200ml-6-pack-6538585,,,2024-06-17T16:53:11.549553-04:00
"Ind54SColes_ADairy, Eggs & Fridge_SALong Life-Milk_IColes Almond Milk Unsweetened | 1L",Coles Almond Milk Unsweetened | 1L,Coles,"Dairy, Eggs & Fridge",Long Life-Milk,Almond Long Life Milk,,$2.00,,,$2.00 per 1L,1852210,Calcium for healthy teeth and bones^ No Added Sugar Low in cholesterol Suitable for vegans Lactose free,,,"Per 100g/ml
Per Serving
%DI
Energy
80.56
201.40
Protein
0.56
1.40
Total Fat
1.5
3.8
5
Saturated Fat
0.10
0.25
Carbohydrate
0.82
2.05
Sugars
0.10
0.25
Calcium
100.00
250.00
Saturated
0.09
0.23
Cholesterol
1.00
2.50
Lactose
0.00
0.00
Sodium
45.00
112.50
Vitamin E
0.60
1.50
Monounsaturated
0.83
2.08
Energy (Cal)
19.27
48.18
Fat
1.50
3.75
Dietary Fibre (total)
0.20
0.50
Polyunsaturated
0.38
0.95
Galactose
0.00
0.00
Gluten
0.00
0.00
Potassium
20.00
50.00
Trans
0.09
0.23
trans
LESS THAN 0.1g
LESS THAN 1g
* Percentage Daily Intakes are based on an average adult diet of 8700 kJ. Your daily intakes may be higher or lower depending on your energy needs.",,https://www.coles.com.au/product/coles-almond-milk-unsweetened-1l-1852210,,,2024-06-17T16:53:23.790883-04:00
"Ind54SColes_ADairy, Eggs & Fridge_SALong Life-Milk_ISanitarium So Good High Protein Almond Milk | 1L",Sanitarium So Good High Protein Almond Milk | 1L,Sanitarium,"Dairy, Eggs & Fridge",Long Life-Milk,Almond Long Life Milk,,$2.00,,$3.40,$2.00 per 1L,3782932,"So Good High Protein Almond is made with high quality protein from both almond and soy, providing a complete protein source.

Whether you hit the gym every day, or enjoy a walk whenever you can, protein is an important part of a healthy diet to support muscles and bones. Great with cereal, in smoothies, or hot drinks.

Aussie Made

High in Calcium

10g Plant Protein
No Artificial Colours or Flavours

No Lactose

No Gluten

No Cholesterol

No Dairy

No Added Sugar.",,,"Per 100g/ml
Per Serving
%DI
Energy
161kJ
404kJ
Protein
4.1g
10.2g
Total Fat
2.3g
5.7g
Saturated Fat
0.2g
0.5g
Carbohydrate
0.3g
0.8g
Sugars
0.2g
0.6g
Vitamin B2
0.17mg
0.43mg
25%
Calcium
120mg
300mg
37%
Vitamin B12
0.4ug
1.0ug
50%
Cholesterol
0.0mg
0.0mg
Lactose
0.0g
0.0g
Sodium
35mg
87mg
Vitamin E
1.0mg
2.5mg
25%
Monounsaturated
1.5g
3.7g
Energy (Cal)
39Cal
96Cal
Dietary Fibre (total)
0.3g
0.7g
Polyunsaturated
0.5g
1.4g
Galactose
0.0g
0.0g
Gluten
Not Detected
Not Detected
Potassium
47mg
118mg
Trans
0.0g
0.0g
* Percentage Daily Intakes are based on an average adult diet of 8700 kJ. Your daily intakes may be higher or lower depending on your energy needs.","Filtered water, ground almonds (4%), soy protein (3.5%), mineral (calcium), vegetable gum (gellan), antioxidant (ascorbic acid), vitamins (B12, B2, B1).",https://www.coles.com.au/product/sanitarium-so-good-high-protein-almond-milk-1l-3782932,,,2024-06-17T16:53:34.849117-04:00
"Ind54SColes_ADairy, Eggs & Fridge_SALong Life-Milk_IAustralias Own Strawberry Kids Milk 200mL | 6 pack",Australias Own Strawberry Kids Milk 200mL | 6 pack,Australias Own,"Dairy, Eggs & Fridge",Long Life-Milk,Long-Life Flavoured Milk,,$4.90,,$6.20,$4.08 per 1L,4311385,"Australia's Own Strawberry Flavoured Kids Milk contains 6
nutrients found naturally in dairy milk. It is also a good source of calcium, for strong healthy bones and contains protein for healthy growing muscles. More reasons to love this tasty strawberry milk!
Source of Protein

Good source of calcium

No artificial colours, flavours or preservatives

Proudly Australian made & owned",,,"Per 100g/ml
Per Serving
%DI
Energy
244
488
6
Protein
3.2
6.4
13
Total Fat
0.9
1.8
3
Saturated Fat
0.7
1.4
6
Carbohydrate
9.2
18.4
6
Sugars
8.9
17.8
20
Vitamin B2
0.2mg
0.4mg
24%RDI
Vitamin B3
0.54mg
1.08mg
11%RDI
Calcium
120mg
240mg
30%RDI
Vitamin B12
0.57ug
1.14ug
57%RDI
Sodium
41mg
82mg
4
Energy (Cal)
116
Iodine
26mg
52mg
35%RDI
* Percentage Daily Intakes are based on an average adult diet of 8700 kJ. Your daily intakes may be higher or lower depending on your energy needs.",,https://www.coles.com.au/product/australias-own-strawberry-kids-milk-200ml-6-pack-4311385,,,2024-06-17T16:53:46.357752-04:00
"Ind54SColes_ADairy, Eggs & Fridge_SALong Life-Milk_IDevondale Instant Full Cream Milk Powder | 1kg",Devondale Instant Full Cream Milk Powder | 1kg,Devondale,"Dairy, Eggs & Fridge",Long Life-Milk,Powdered Long Life Milk,,$14.00,,$16.50,$1.40 per 100g,2067115,"Devondale Full Cream Milk Powder, contains the delicious taste and natural goodness of dairy, the whole family can enjoy. Starting with Devondale fresh full cream milk, our process involves removing the water and packing the powder in a stay fresh pouch, locking in the freshness and creamy taste of dairy milk. Use in beverages or dishes to add a creamy richness or drink on its own for the nutritional goodness dairy milk can provide. It is the perfect to keep on hand in the pantry to add extra nutrients to cooking or take on camping adventures.- Full Cream Milk- 1kg makes 7L of milk- Source of Protein- Preservative Free- Milk Powder",,,"Per 100g/ml
Per Serving
%DI
Energy
303kJ
758kJ
Protein
3.5g
8.8g
Total Fat
4g
10g
Saturated Fat
2.7g
6.8g
Carbohydrate
5.6g
14g
Sugars
5.6g
14g
Calcium
117mg
293mg
37%
Sodium
47mg
118mg
* Percentage Daily Intakes are based on an average adult diet of 8700 kJ. Your daily intakes may be higher or lower depending on your energy needs.",,https://www.coles.com.au/product/devondale-instant-full-cream-milk-powder-1kg-2067115,,,2024-06-17T16:53:58.728763-04:00
"Ind54SColes_ADairy, Eggs & Fridge_SALong Life-Milk_IColes Lactose Free UHT Milk Low Fat | 1L",Coles Lactose Free UHT Milk Low Fat | 1L,Coles,"Dairy, Eggs & Fridge",Long Life-Milk,Lactose Free-Milk,,$1.60,,,$1.60 per 1L,1850667,Coles Lactose Free Uht Milk Low Fat 1 Litre handy to have in the pantry,,,"Per 100g/ml
Per Serving
%DI
Energy
178
446
5
Protein
3.3
8.3
17
Total Fat
1.1
2.8
4
Saturated Fat
1.0
2.5
10
Carbohydrate
4.8
12.0
4
Sugars
5.00
12.50
14
Calcium
120
300
lactose
NOT DETECTED
NOT DETECTED
Lactose
NOT DETECTED
NOT DETECTED
Sodium
40
100
4
Energy (Cal)
43
107
Dietary Fibre (total)
0.00
0.00
0
Galactose
2.4
6.0
* Percentage Daily Intakes are based on an average adult diet of 8700 kJ. Your daily intakes may be higher or lower depending on your energy needs.",,https://www.coles.com.au/product/coles-lactose-free-uht-milk-low-fat-1l-1850667,,,2024-06-17T16:54:09.777611-04:00
"Ind54SColes_ADairy, Eggs & Fridge_SALong Life-Milk_IMilklab Oat Milk | 1L",Milklab Oat Milk | 1L,Milklab,"Dairy, Eggs & Fridge",Long Life-Milk,Long-Life Flavoured Milk,,$5.50,,,$5.50 per 1L,7493518,,,,,,https://www.coles.com.au/product/milklab-oat-milk-1l-7493518,,,2024-06-17T16:54:18.889476-04:00
"Ind54SColes_ADairy, Eggs & Fridge_SA_IDevondale Moo Flavoured Milk Strawberry 6x200mL | 6 pack",Devondale Moo Flavoured Milk Strawberry 6x200mL | 6 pack,Devondale,"Dairy, Eggs & Fridge",,,,$6.50,,$7.45,$5.42 per 1L,1948466,"Delicious Devondale Moo Strawberry Flavoured Milk is made with the natural goodness of full cream milk. Packed in a convenient lunch box friendly stay-fresh UHT pack, kids will love the creamy taste of Devondale Moo when they are on-the-go.- High in calcium- A source of protein - No added artificial colours or flavours- Convenient lunchbox multipack- Long life UHT Milk",,,"Per 100g/ml
Per Serving
%DI
Energy
340kJ
680kJ
Protein
3.2g
6.4g
Total Fat
3.4g
6.8g
Saturated Fat
2.3g
4.6g
Carbohydrate
9.4g
18.8g
Sugars
9.3g
18.8g
Calcium
110mg
220mg
28%
Sodium
37mg
74mg
* Percentage Daily Intakes are based on an average adult diet of 8700 kJ. Your daily intakes may be higher or lower depending on your energy needs.",,https://www.coles.com.au/product/devondale-moo-flavoured-milk-strawberry-6x200ml-6-pack-1948466,,,2024-06-17T16:54:30.863024-04:00
"Ind54SColes_ADairy, Eggs & Fridge_SALong Life-Milk_IMilklab Oat Milk | 250mL",Milklab Oat Milk | 250mL,Milklab,"Dairy, Eggs & Fridge",Long Life-Milk,Long-Life Flavoured Milk,,$2.00,Pick any 3 for $5,,$8.00 per 1L,6501188,"MILKLAB Oat is now available for the home barista! 

Crafted with baristas, for baristas MILKLAB Oat is a creamy dairy milk alternative that has been designed to texture and stretch with high performance and perfectly complement coffee with a creamy mouthfeel and subtle, naturally sweet oat taste.

Now available in a convenient single serve' pack size so you can replicate the quality of a barista-made coffee from the comfort of your own home.",,,"Per 100g/ml
Per Serving
%DI
Energy
246
615
7
Protein
0.6
1.5
3
Total Fat
2.8
6.9
10
Saturated Fat
0.4
0.9
4
Carbohydrate
8
20
6
Sugars
2.3
5.8
6
Calcium
120
300mg
38
Sodium
55mg
137mg
6
Energy (Cal)
58
145
7
Dietary Fibre (total)
<0.5
<1
2
* Percentage Daily Intakes are based on an average adult diet of 8700 kJ. Your daily intakes may be higher or lower depending on your energy needs.",,https://www.coles.com.au/product/milklab-oat-milk-250ml-6501188,,,2024-06-17T16:54:43.100166-04:00
"Ind54SColes_ADairy, Eggs & Fridge_SALong Life-Milk_IPauls Zymil Low Fat Long Life Milk | 1L",Pauls Zymil Low Fat Long Life Milk | 1L,Pauls,"Dairy, Eggs & Fridge",Long Life-Milk,Lactose Free-Milk,,$3.00,,,$3.00 per 1L,8893963,"At Pauls, we love dairy. We're pretty passionate about making great tasting products packed with real dairy goodness. We put that devotion into every Pauls milk, cream, custard and yoghurt we make. Milk is a natural source of protein, vitamins and minerals essential for good health. Rich in calcium, Pauls Zymil is simply milk which is easy to digest (As part of a healthy and varied diet, consuming Zymil instead of regular milk helps ease digestion in those who are sensitive to lactose). Plus Pauls Zymil is lactose free and made from real milk so it has all of the natural goodness of regular milk. Lactose free, easy to digest and rich in calcium.
Low fat milk
Lactose free
Gluten free",,,"Per 100g/ml
Per Serving
%DI
Energy
194
485
Protein
3.4
8.5
Total Fat
1.3
3.3
Saturated Fat
0.9
2.3
Sugars
5.0
12.5
Lactose
nil
nil
Calcium
40
293
37
Sodium
40
100
Energy (Cal)
46
116
Dietary Fibre (total)
0.0g
0.0
Gluten
nil
nil
* Percentage Daily Intakes are based on an average adult diet of 8700 kJ. Your daily intakes may be higher or lower depending on your energy needs.",,https://www.coles.com.au/product/pauls-zymil-low-fat-long-life-milk-1l-8893963,,,2024-06-17T16:54:55.389197-04:00
"Ind54SColes_ADairy, Eggs & Fridge_SALong Life-Milk_IColes Organic Full Cream Milk UHT | 1L",Coles Organic Full Cream Milk UHT | 1L,Coles,"Dairy, Eggs & Fridge",Long Life-Milk,Organic Long Life Milk,,$2.35,,,$2.35 per 1L,9456002,"Full Cream Milk Gently twist cap to break inner seal and pour Do not apply excessive force For detailed opening information, see base of pack. Our one-step easy-opening twist cap makes it simple and hygienic for you to enjoy our products. As you twist the cap, the inner seal is hygienically punctured, making the pack ready to pour. No need to manually detach the inner seal as the twist cap does it automatically for you; no fiddly tabs or ring pulls. After pouring, just recap and put in fridge. Please enjoy this quality product.",,,"Per 100g/ml
Per Serving
%DI
Energy
272.60
681.50
Protein
3.50
8.75
Carbohydrate
4.70
11.75
Sugars
4.50
11.25
Calcium
125.00
312.50
Sodium
39.00
97.50
Saturated
2.50
6.25
Energy (Cal)
65.22
163.04
Fat
3.60
9.00
Dietary Fibre (total)
0.00
0.00
Potassium
162.00
405.00
* Percentage Daily Intakes are based on an average adult diet of 8700 kJ. Your daily intakes may be higher or lower depending on your energy needs.",,https://www.coles.com.au/product/coles-organic-full-cream-milk-uht-1l-9456002,,,2024-06-17T16:55:06.625211-04:00
"Ind54SColes_ADairy, Eggs & Fridge_SABeverages_IAustralia's Own Smooth As Oat Milk | 1L",Australia's Own Smooth As Oat Milk | 1L,Australias Own,"Dairy, Eggs & Fridge",Beverages,Milk & milk additives,,$2.70,,,"$2.70 per 1L
Was $3.00 on Apr 2024",6494515,"Our tastier, smoother drinking Oat milk is dairy free and Aussie-licious. Naturally delicious perfect to enjoy in smoothies, cereals, tea and coffee.

This deliciously smooth Oat milk is made with 100% Aussie Oats from our good mates in central Victoria.

- Lactose Free
- 38% of your daily calcium needs
- Unsweetened
- 100% Aussie Oats
No Added Sugar

Free from dairy, lactose, and cholesterol

Good source of calcium

100% Aussie grown oats

Suitable for vegetarians and vegans",,,"Per 100g/ml
Per Serving
%DI
Energy
200
500
6
Protein
0.6g
1.5g
3
Total Fat
1.9g
4.8g
7
Saturated Fat
0.2g
0.5g
2
Carbohydrate
7.0g
18.0g
Sugars
2.8g
7.0g
Calcium
120mg
300mg
38
Sodium
45mg
113mg
5
Monounsaturated
1.0g
2.5g
Energy (Cal)
48
120
Dietary Fibre (total)
2.8g
<1g
2
Polyunsaturated
0.6g
1.5g
Trans
0.0g
0.0g
* Percentage Daily Intakes are based on an average adult diet of 8700 kJ. Your daily intakes may be higher or lower depending on your energy needs.",,https://www.coles.com.au/product/australia's-own-smooth-as-oat-milk-1l-6494515,,,2024-06-17T16:55:17.678113-04:00
"Ind54SColes_ADairy, Eggs & Fridge_SALong Life-Milk_IColes Australian Full Cream Long Life Milk | 1L",Coles Australian Full Cream Long Life Milk | 1L,Coles,"Dairy, Eggs & Fridge",Long Life-Milk,Long-Life-Milk,,$1.60,,,$1.60 per 1L,7667368,"Better Together with Australian Farmers The hard work and dedicated spirit of dairy farmers is embedded in the fabric of our country. That's why Coles is proud to directly partner with dairy farmers in New South Wales offering longer term agreements and helping farmers better plan for their future. We know each and every farmer we source our milk from and that's what makes us better together. The fresh, creamy goodness of milk is a source of protein and is rich in calcium for healthy teeth and bones. Enjoy the nourishment of Coles milk every day",,,"Per 100g/ml
Per Serving
%DI
Energy
264
660
8
Protein
3.30
8.25
Sodium
40.00
100.00
Saturated
2.20
5.50
Fat
3.50
8.75
Dietary Fibre (total)
0.01
0.03
* Percentage Daily Intakes are based on an average adult diet of 8700 kJ. Your daily intakes may be higher or lower depending on your energy needs.",,https://www.coles.com.au/product/coles-australian-full-cream-long-life-milk-1l-7667368,,,2024-06-17T16:55:28.679827-04:00
"Ind54SColes_ADairy, Eggs & Fridge_SALong Life-Milk_IBonsoy Soy Milk | 1L",Bonsoy Soy Milk | 1L,Bonsoy,"Dairy, Eggs & Fridge",Long Life-Milk,Soy Milk Long Life Milk,,$4.50,,,$4.50 per 1L,5357053,"Bonsoy has been doing it better since 83. While health fads come and go, and those hitching onto the vegan/health train have well and truly left the station, our commitment to quality, all-natural soy milk hasnt changed. Weve earned our place in the hearts, homes and businesses of our fans around the world (even on the bodies of several Bonsoy tattoo-sporting fanatics). We know because you tell us. You might love us because we use whole, certified vegan organic soybeans. And because lifes sweet enough already, we dont do artificial sweeteners. Plant-based, non-genetically modified food isnt a fad. At Bonsoy its our past, present and future. We humbly suggest it ought to be part of yours, too.",,,"Per 100g/ml
Per Serving
%DI
Energy
241kJ
483kJ
Protein
4.1g
8.2g
Total Fat
2.2g
4.4g
Saturated Fat
0.3g
0.6g
Carbohydrate
5.5g
11g
Sugars
2.2g
4.4g
Sodium
47mg
94mg
* Percentage Daily Intakes are based on an average adult diet of 8700 kJ. Your daily intakes may be higher or lower depending on your energy needs.",,https://www.coles.com.au/product/bonsoy-soy-milk-1l-5357053,,,2024-06-17T16:55:40.096477-04:00
"Ind54SColes_ADairy, Eggs & Fridge_SADairy, chilled & frozen_IChobani Oat Milk Barista Edition | 1L",Chobani Oat Milk Barista Edition | 1L,Chobani,"Dairy, Eggs & Fridge","Dairy, chilled & frozen",Milk & eggs,,$4.00,,,"$4.00 per 1L
Was $5.00 on Apr 2024",5443825,"Perfect partner for any coffee.
Easy to steam and stretch for latte art.
No sugar added.
Good source of calcium. ",,,"Per 100g/ml
Per Serving
%DI
Energy
273kJ
682kJ
Protein
0.8g
2.0g
Total Fat
3.4g
8.5g
Saturated Fat
0.3g
0.8g
Carbohydrate
7.6g
19.0g
Sugars
4.9g
12.3g
Lactose
0.0g
0.0g
Calcium
120mg
300mg
38% RDI^
Sodium
53mg
133mg
Energy (Cal)
65Cal
163Cal
Dietary Fibre (total)
0.5g
1.3g
Galactose
0.0g
0.0g
* Percentage Daily Intakes are based on an average adult diet of 8700 kJ. Your daily intakes may be higher or lower depending on your energy needs.",,https://www.coles.com.au/product/chobani-oat-milk-barista-edition-1l-5443825,,,2024-06-17T16:55:51.088088-04:00
"Ind54SColes_ADairy, Eggs & Fridge_SALong Life-Milk_IColes Organic Soy Milk | 1L",Coles Organic Soy Milk | 1L,Coles,"Dairy, Eggs & Fridge",Long Life-Milk,Soy Milk Long Life Milk,,$1.60,,,$1.60 per 1L,3492954,"Coles Organic Soy Milk 1L. A dairy free, vegan Australian made milk, fortified with calcium. Our organic soy milk is a versatile, dairy alternative with 15% whole soy beans, cholesterol free and low in saturated fat. Its perfect for cereal, tea, smoothies, cooking, baking and more!",,,"Per 100g/ml
Per Serving
%DI
Energy
275.80
689.50
Protein
3.10
7.75
Carbohydrate
5.80
14.50
Sugars
1.80
4.50
Calcium
132.00
330.00
Saturated
0.39
0.98
Cholesterol
1.00
2.50
Lactose
0.00
0.00
Sodium
41.00
102.50
Monounsaturated
1.85
4.63
Energy (Cal)
65.98
164.95
Fat
3.30
8.25
Dietary Fibre (total)
0.30
0.75
Polyunsaturated
0.97
2.43
Galactose
0.00
0.00
Gluten
0.00
0.00
Trans
0.09
0.23
* Percentage Daily Intakes are based on an average adult diet of 8700 kJ. Your daily intakes may be higher or lower depending on your energy needs.",,https://www.coles.com.au/product/coles-organic-soy-milk-1l-3492954,,,2024-06-17T16:56:02.050043-04:00
"Ind54SColes_ADairy, Eggs & Fridge_SA_IColes Unsweetened Oat Milk | 1L",Coles Unsweetened Oat Milk | 1L,Coles,"Dairy, Eggs & Fridge",,,,$2.00,,,$2.00 per 1L,6337674,Calcium for healthy teeth and bones^ Low in saturated fat Suitable for vegans Lactose Free,,,"Per 100g/ml
Per Serving
%DI
Energy
227.65
569.13
Protein
1.00
2.50
Total Fat
2.3
5.6
8
Saturated Fat
LESS THAN 1g
LESS THAN 1g
3
Carbohydrate
7.40
18.50
Sugars
2.80
7.00
beta-glucan
0.00
0.00
Calcium
100.00
250.00
Saturated
0.29
0.73
lactose
NOT DETECTED
NOT DETECTED
Cholesterol
0.09
0.23
Lactose
0.00
0.00
Sodium
55.00
137.50
Monounsaturated
1.47
3.68
Energy (Cal)
54.46
136.15
Fat
2.25
5.63
Dietary Fibre (total)
0.20
0.50
Polyunsaturated
0.39
0.98
Galactose
0.00
0.00
Trans
0.09
0.23
trans
LESS THAN 0.1g
LESS THAN 1g
* Percentage Daily Intakes are based on an average adult diet of 8700 kJ. Your daily intakes may be higher or lower depending on your energy needs.",,https://www.coles.com.au/product/coles-unsweetened-oat-milk-1l-6337674,,,2024-06-17T16:56:13.665768-04:00
"Ind54SColes_ADairy, Eggs & Fridge_SA_IAustralia's Own Organic Oat Milk | 1L",Australia's Own Organic Oat Milk | 1L,Australias Own,"Dairy, Eggs & Fridge",,,,$2.80,,,"$2.80 per 1L
Was $3.50 on Apr 2024",4930638,"This delicious Unsweetened Oat Milk contains the goodness of organic oats, with the nutritional benefits of calcium, no added sweetener, no cane sugar and no lactose.

Best of all, it is Certified Organic.

- Lactose Free
- Soy Free
- No added Cane Sugar
- No Cholesterol
Available in 1L
Certified Organic",,,"Per 100g/ml
Per Serving
%DI
Energy
210
525
6
Protein
1.0
2.5
5
Total Fat
2.0
5.0
7
Saturated Fat
0.2
0.5
2
Carbohydrate
7.2
18.1
6
Sugars
2.7
6.8
8
Calcium
120
300
38
Sodium
42
106
5
Monounsaturated
1.5
3.6
Energy (Cal)
50
125
Dietary Fibre (total)
<0.5
<1.0
3
Polyunsaturated
0.5
1.2
Trans
0.0
0.0
* Percentage Daily Intakes are based on an average adult diet of 8700 kJ. Your daily intakes may be higher or lower depending on your energy needs.",,https://www.coles.com.au/product/australia's-own-organic-oat-milk-1l-4930638,,,2024-06-17T16:56:25.401036-04:00
"Ind54SColes_ADairy, Eggs & Fridge_SALong Life-Milk_ISuncoast Gold Macadamia Unsweetened Long Life Milk 1L | 1L",Suncoast Gold Macadamia Unsweetened Long Life Milk 1L | 1L,Suncoast,"Dairy, Eggs & Fridge",Long Life-Milk,Almond Long Life Milk,,$4.30,,,$4.30 per 1L,2412632,"Macadamia milk is produced using Australian macadamias and is rich, smooth and creamy.  Ideal for smoothies, hot drinks, baking and on cereals.
Made in Australia
Native Australian macadamias
Soy free
Lactose free
Gluten free
Vegan.",,,"Per 100g/ml
Per Serving
%DI
Energy
94kJ
235kJ
Protein
0.3g
0.8g
Total Fat
2.0g
5.0g
Saturated Fat
0.3g
0.8g
Carbohydrate
0.5g
1.3g
Sugars
0.2g
0.5g
Cholesterol
Nil Detected
Nil Detected
Lactose
Nil Detected
Nil Detected
Sodium
69mg
173mg
Monounsaturated
1.6g
4.0g
Dietary Fibre (total)
0.5g
1.3g
Polyunsaturated
0.1g
0.3g
Galactose
Nil Detected
Nil Detected
Gluten
Nil Detected
Nil Detected
Trans
Nil Detected
Nil Detected
* Percentage Daily Intakes are based on an average adult diet of 8700 kJ. Your daily intakes may be higher or lower depending on your energy needs.",,https://www.coles.com.au/product/suncoast-gold-macadamia-unsweetened-long-life-milk-1l-1l-2412632,,,2024-06-17T16:56:38.010686-04:00
"Ind54SColes_ADairy, Eggs & Fridge_SALong Life-Milk_IMilklab Macadamia Milk | 1L",Milklab Macadamia Milk | 1L,Milklab,"Dairy, Eggs & Fridge",Long Life-Milk,Almond Long Life Milk,,$5.50,,,$5.50 per 1L,7497836,,,,,,https://www.coles.com.au/product/milklab-macadamia-milk-1l-7497836,,,2024-06-17T16:56:48.232181-04:00
"Ind54SColes_ADairy, Eggs & Fridge_SA_IDevondale Skim Long Life Milk 6 pack | 1.2L",Devondale Skim Long Life Milk 6 pack | 1.2L,Devondale,"Dairy, Eggs & Fridge",,,,$6.00,,,$5.00 per 1L,5994046,"Devondale Skim Long Life Milk is delicious and contains all the goodness of milk without the fat. Simply heated and sealed into a convenient stay-fresh pack, we lock in the goodness of farm-fresh milk. 99.9% fat free and with no added preservatives, it is a natural source of essential nutrients including prosperous, magnesium, potassium and vitamin B12- High in calcium- Source of protein- No preservatives- Homogenised & pasteurised- Long life UHT Skim Milk",,,"Per 100g/ml
Per Serving
%DI
Energy
143kJ
286kJ
Protein
3.3g
6.6g
Total Fat
0.1g
0.2g
Saturated Fat
0.1g
0.2g
Carbohydrate
4.9g
9.8g
Sugars
4.9g
9.8g
Calcium
120mg
240mg
30%
Sodium
45mg
90mg
* Percentage Daily Intakes are based on an average adult diet of 8700 kJ. Your daily intakes may be higher or lower depending on your energy needs.","Pure, Natural SemiSkim milk",https://www.coles.com.au/product/devondale-skim-long-life-milk-6-pack-1.2l-5994046,,,2024-06-17T16:57:00.762493-04:00
"Ind54SColes_ADairy, Eggs & Fridge_SALong Life-Milk_ISanitarium So Good Oat Milk Chocolate | 1L",Sanitarium So Good Oat Milk Chocolate | 1L,Sanitarium,"Dairy, Eggs & Fridge",Long Life-Milk,Long-Life Flavoured Milk,,$2.60,,$3.50,$2.60 per 1L,6501315,"So Good Chocolate Oat Milk is deliciously rich & velvety with added vitamins and minerals.

We proudly use Australian oats which are softly milled and blended with the best ingredients, making a delicious plant-based treat.

Drink cold, or warm gently in the microwave for an instant hot choc.

Aussie Made

High in Calcium

Vitamins B12 + B2 + D + A
No Artificial Colours or Flavours

No Lactose

Low in Saturated Fat

No Cholesterol

No Dairy",,,"Per 100g/ml
Per Serving
%DI
Energy
323kJ
808kJ
Protein
1.0g
2.5g
Total Fat
2.7g
6.8g
Saturated Fat
0.3g
0.8g
Carbohydrate
11.8g
30g
Sugars
7.2g
18g
Vitamin B2
0.17mg
0.43mg
25%
Calcium
120mg
300mg
38%
Vitamin B12
0.4ug
1.0ug
50%
Cholesterol
0.0mg
0.0mg
Vitamin A
40ug
100ug
13%
Lactose
0.0g
0.0g
Vitamin D
0.5ug
1.2ug
12%
Sodium
36mg
90mg
Monounsaturated
1.4g
3.5g
Energy (Cal)
77Cal
193Cal
Dietary Fibre (total)
0.9g
2.3g
Polyunsaturated
1.0g
2.5g
Galactose
0.0g
0.0g
Potassium
194mg
488mg
Trans
0.0g
0.0g
* Percentage Daily Intakes are based on an average adult diet of 8700 kJ. Your daily intakes may be higher or lower depending on your energy needs.","Filtered water, milled oats (8%), cane sugar, vegetable oils, cocoa powder (1%), minerals (calcium, phosphorus), emulsifier (sunflower lecithin), natural flavours, salt, vegetable gum (gellan), antioxidant (ascorbic acid), vitamins (B12, A, B2, D2, B1).",https://www.coles.com.au/product/sanitarium-so-good-oat-milk-chocolate-1l-6501315,,,2024-06-17T16:57:12.299064-04:00
"Ind54SColes_ADairy, Eggs & Fridge_SA_IColes Lactose Free Long Life Full Cream Milk | 1L",Coles Lactose Free Long Life Full Cream Milk | 1L,Coles,"Dairy, Eggs & Fridge",,,,$1.60,,,$1.60 per 1L,1850656,Coles Lactose Free Long Life Milk Full Cream 1 Litre handy to have in the pantry,,,"Per 100g/ml
Per Serving
%DI
Energy
264
659
8
Protein
3.3
8.3
17
Total Fat
3.4
8.5
12
Saturated Fat
2.2
5.5
23
Carbohydrate
4.8
12.0
4
Sugars
5.00
12.50
14
Calcium
120
300
lactose
NOT DETECTED
NOT DETECTED
Lactose
NOT DETECTED
NOT DETECTED
Sodium
40
100
4
Energy (Cal)
63
158
Dietary Fibre (total)
0.00
0.00
0
Galactose
2.4
6.0
* Percentage Daily Intakes are based on an average adult diet of 8700 kJ. Your daily intakes may be higher or lower depending on your energy needs.",,https://www.coles.com.au/product/coles-lactose-free-long-life-full-cream-milk-1l-1850656,,,2024-06-17T16:57:25.669204-04:00
"Ind54SColes_ADairy, Eggs & Fridge_SALong Life-Milk_IPureharvest Unsweetened Almond Milk | 1L",Pureharvest Unsweetened Almond Milk | 1L,Pureharvest,"Dairy, Eggs & Fridge",Long Life-Milk,Almond Long Life Milk,,$3.40,,,$3.40 per 1L,2807109,"We make our organic almond milk from organic activated almonds. The almonds are soaked in the traditional manner and by soaking the nut, we begin the germination process which helps to bring the nut to life'. Almond milk is a great addition to anyone's diet and our 100% natural recipe provides you with another delicious non-dairy milk to enjoy. All our products are carrageenan free.
Organic

Vegan

No added sugar

Made in Australia

No GMO

Gluten Free.

No artificial colours or flavours.",,,,"Filtered Water, Organic Whole Activated Almonds (7%), Organic Brown Rice, Plant Calcium, Sea Salt.",https://www.coles.com.au/product/pureharvest-unsweetened-almond-milk-1l-2807109,,,2024-06-17T17:53:46.074977-04:00
"Ind54SColes_ADairy, Eggs & Fridge_SAMilk_IDevondale Light Milk | 2L",Devondale Light Milk | 2L,Devondale,"Dairy, Eggs & Fridge",Milk,Full cream milk,,$4.40,,,$2.20 per 1L,1911604,"Devondale fresh light milk contains all the goodness of full cream milk, with only 1.3% fat. A natural source of essential nutrients, including prosperous, magnesium, potassium and vitamin B12 making it a great source of nutrition.- Delicious and creamy light milk- High in Calcium- Source of Protein- No Preservatives- Homogenised and Pasteurised Milk",,,"Per 100g/ml
Per Serving
%DI
Energy
188kJ
470kJ
Protein
3.6g
9g
Total Fat
1.3g
3.3g
Saturated Fat
1.3g
2.2g
Carbohydrate
4.6g
11.5g
Sugars
4.6g
11.5g
Calcium
126mg
315mg
39%
Sodium
37mg
93mg
* Percentage Daily Intakes are based on an average adult diet of 8700 kJ. Your daily intakes may be higher or lower depending on your energy needs.",Pasteurised & Homogenised Low fat Milk. Fresh Milk from VIC & NSW.,https://www.coles.com.au/product/devondale-light-milk-2l-1911604,,,2024-06-17T16:59:28.460526-04:00
"Ind54SColes_ADairy, Eggs & Fridge_SAMilk_INutty Bruce Organic Unsweetened Almond Milk | 1L",Nutty Bruce Organic Unsweetened Almond Milk | 1L,Nutty Bruce,"Dairy, Eggs & Fridge",Milk,Soy & almond milk,,$6.00,,,$6.00 per 1L,3268440,"Nutty Bruce Unsweetened Activated Almond Milk is a delicious and nutritious plant-powered, non-dairy milk made from 100% whole organic activated almonds. It has none of the thickeners and gums that you see in some almond milks - just filtered water, organic activated almonds, organic brown rice and sea salt. Simple and natural.",,,"Per 100g/ml
Per Serving
%DI
Energy
129kJ
322kJ
Protein
<1g
1.5g
Total Fat
1.7g
4.3g
Saturated Fat
<1g
<1g
Carbohydrate
3.2g
8g
Sugars
1.6g
4g
Sodium
44mg
109mg
* Percentage Daily Intakes are based on an average adult diet of 8700 kJ. Your daily intakes may be higher or lower depending on your energy needs.",,https://www.coles.com.au/product/nutty-bruce-organic-unsweetened-almond-milk-1l-3268440,,,2024-06-17T16:59:39.932992-04:00
"Ind54SColes_ADairy, Eggs & Fridge_SA_IGreat Ocean Road Full Cream Milk | 3L",Great Ocean Road Full Cream Milk | 3L,Great Ocean Road,"Dairy, Eggs & Fridge",,,,$6.30,,,$2.10 per 1L,4490331,"Delicious full cream milk with all the goodness of dairy. Born on the Great Ocean Road in Victoria, our products are made with 100% Australian milk sourced predominately from farmers in South West Victoria.- Full Cream Milk",,,"Per 100g/ml
Per Serving
%DI
Energy
270kJ
675kJ
Protein
3.3g
8.3g
Total Fat
3.5g
8.8g
Saturated Fat
2.1g
5.3g
Carbohydrate
5.1g
12.8g
Sugars
4.6g
11.5g
Calcium
114mg
285mg
36%
Sodium
55mg
138mg
* Percentage Daily Intakes are based on an average adult diet of 8700 kJ. Your daily intakes may be higher or lower depending on your energy needs.",,https://www.coles.com.au/product/great-ocean-road-full-cream-milk-3l-4490331,,,2024-06-17T16:59:51.023595-04:00
"Ind54SColes_ADairy, Eggs & Fridge_SA_IDare Hazelnut Latte Flavoured Milk | 750mL",Dare Hazelnut Latte Flavoured Milk | 750mL,Dare,"Dairy, Eggs & Fridge",,,,$5.25,,,$7.00 per 1L,7070230,"KEEP SAYING PACIFIC INSTEAD OF SPECIFIC?
A DARE FIX'LL FIX IT.

Dare Hazelnut Limited Edition Latte Flavour is made with a blend of hazelnut flavour and real Robusta & Arabica coffee. A big coffee kick without the big cafe queue!
Aussie Owned, Made & Loved

Made with Fresh Australian Milk

Real Rainforest Alliance Certified Arabica & Robusta Coffee

Working with the Rainforest Alliance to support coffee farmers and their communities",,,"Per 100g/ml
Per Serving
%DI
Energy
350kJ (100mL)
875kJ
10%
Protein
3.4g (100mL)
8.5g
17%
Total Fat
3.5g (100mL)
8.8g
13%
Saturated Fat
2.2g (100mL)
5.5g
23%
Carbohydrate
9.7g (100mL)
24.3g
8%
Sugars
9.2g (100mL)
23.0g
26%
Calcium
113mg (100mL)
283mg
Sodium
43g (100mL)
108g
5%
Monounsaturated
0
0
0
Energy (Cal)
0
0
0
Dietary Fibre (total)
0.0g (100mL)
0.0g
0%
Polyunsaturated
0
0
0
Trans
0
0
0
Caffeine
21mg (100mL)
53mg
0
* Percentage Daily Intakes are based on an average adult diet of 8700 kJ. Your daily intakes may be higher or lower depending on your energy needs.",,https://www.coles.com.au/product/dare-hazelnut-latte-flavoured-milk-750ml-7070230,,,2024-06-17T17:00:02.980931-04:00
"Ind54SColes_ADairy, Eggs & Fridge_SA_IFarmers Union Iced Coffee | 2L",Farmers Union Iced Coffee | 2L,Farmers Union,"Dairy, Eggs & Fridge",,,,$6.50,,,$3.25 per 1L,3223679,"Farmers Union Iced Coffee is made with real coffee. Pasteurised iced coffee flavoured reduced fat (contains 50% less fat vs regular fat flavoured milk with 3.4% fat) milk with 8 nutrients.
Delicious iconic coffee flavour

Provides the wholesome goodness of milk with 8 essential nutrients

Reduced fat milk

Perfect as a morning or afternoon pick me up

Farmers Union Iced Coffee is South Australia's iconic much loved beverage for over 40 years

FUIC is available in 300ml, 500mL, 600ml, 750ml & 2 litre packs.",,,"Per 100g/ml
Per Serving
%DI
Energy
276kJ
690kJ
8%
Protein
3.2g
8.0g
16%
Total Fat
1.7g
4.3g
6%
Saturated Fat
1.1g
2.8g
11%
Carbohydrate
9.3g
23.3g
8%
Sugars
9.1g
22.8g
25%
Vitamin B2
0.2mg
0.50mg
29% RDI*
Calcium
120mg
300mg
38% RDI*
Vitamin B12
0.32ug
0.80ug
40% RDI*
Sodium
45mg
113mg
5%
Energy (Cal)
66Cal
165Cal
Potassium
146mg
365mg
Vitamin B5
0.25mg
0.63mg
13% RDI*
Iodine
25ug
63ug
42% RDI*
* Percentage Daily Intakes are based on an average adult diet of 8700 kJ. Your daily intakes may be higher or lower depending on your energy needs.",,https://www.coles.com.au/product/farmers-union-iced-coffee-2l-3223679,,,2024-06-17T17:00:14.514481-04:00
"Ind54SColes_ADairy, Eggs & Fridge_SAMilk_IPauls Zymil Chocolate Lactose Free Milk | 400mL",Pauls Zymil Chocolate Lactose Free Milk | 400mL,Pauls,"Dairy, Eggs & Fridge",Milk,Milk flavoured,,$4.00,,,$10.00 per 1L,3187724,"At Pauls, we love dairy. We're pretty passionate about making great tasting products packed with real dairy goodness. We put that devotion into every Pauls milk, cream, custard and yoghurt we make. Milk is a natural source of protein, vitamins and minerals essential for good health. Rich in calcium, Pauls Zymil is simply milk which is easy to digest (As part of a healthy and varied diet, consuming Zymil instead of regular milk helps ease digestion in those who are sensitive to lactose). Plus Pauls Zymil is lactose free and made from real milk so it has all of the natural goodness of regular milk. Lactose free, easy to digest and rich in calcium.",,,"Per 100g/ml
Per Serving
%DI
Energy
318kJ
1272kJ
Protein
3.3g
13.2g
Total Fat
3.1g
12.4g
Saturated Fat
2.0g
8.0g
Carbohydrate
8.5g
34.0g
Sugars
8.4g
33.6g
Lactose
Nil
Nil
Calcium
105mg
420mg
54% Recommended Dietary Intake
Sodium
40mg
160mg
Energy (Cal)
76Cal
304Cal
Dietary Fibre (total)
0.4g
1.6g
Galactose
2.6g
10.4g
* Percentage Daily Intakes are based on an average adult diet of 8700 kJ. Your daily intakes may be higher or lower depending on your energy needs.",,https://www.coles.com.au/product/pauls-zymil-chocolate-lactose-free-milk-400ml-3187724,,,2024-06-17T17:00:26.533590-04:00
"Ind54SColes_ADairy, Eggs & Fridge_SAMilk_IIce Break Regular Strength Iced Coffee Flavoured Milk | 2L",Ice Break Regular Strength Iced Coffee Flavoured Milk | 2L,Ice Break,"Dairy, Eggs & Fridge",Milk,Milk flavoured,,$6.50,,,$3.25 per 1L,4569839,Ice Break Regular Strength is a 2 shot real coffee recharge made with Aussie milk.,,,"Per 100g/ml
Per Serving
%DI
Energy
289 kJ
1445 kJ
Protein
3.3 g
16.5 g
Total Fat
1.6 g
8.0 g
Saturated Fat
1.0 g
5.0 g
Carbohydrate
10.3 g
51.5 g
Sugars
9.8 g
49.0 g
Calcium
109 mg
545 mg
68% RDI
Sodium
37 mg
185 mg
Energy (Cal)
69
345
Caffeine
29 mg
145 mg
* Percentage Daily Intakes are based on an average adult diet of 8700 kJ. Your daily intakes may be higher or lower depending on your energy needs.","Reduced fat milk, sugar, coffee.",https://www.coles.com.au/product/ice-break-regular-strength-iced-coffee-flavoured-milk-2l-4569839,,,2024-06-17T17:00:37.830273-04:00
"Ind54SColes_ADairy, Eggs & Fridge_SAMilk_IDairy Farmers No Added Sugar Chocolate Flavoured Milk | 500mL",Dairy Farmers No Added Sugar Chocolate Flavoured Milk | 500mL,Dairy Farmers,"Dairy, Eggs & Fridge",Milk,Milk flavoured,,$3.30,,$3.90,$6.60 per 1L,3762720,"From Aussie farms for your family to enjoy - the Dairy Farmers brand has a rich heritage dating back to 1900. We're proud to honour the generous spirit of our farming communities by continuing to bring high quality and nutritious dairy products across milk, flavoured yoghurt, flavoured milk and culinary products .
No Sugar Added
Proudly Aussie made and owned
Made with fresh Australian milk
Milk is a natural source of protein
Rich in calcium
Enjoy as part of a healthy and balanced diet.
Made in Australia from at least 98% Australian ingredients.",,,"Per 100g/ml
Per Serving
%DI
Energy
230kJ
1150kJ
13.00%
Protein
3.2g
16.0g
32.00%
Total Fat
2.5g
12.5g
18.00%
Saturated Fat
1.6g
8.0g
33.00%
Carbohydrate
4.9g
24.5g
8.00%
Sugars
4.4g
22.0g
25.00%
Calcium
115mg
575mg
72% RDI*
Sodium
44mg
220mg
10.00%
Energy (Cal)
55Cal
275Cal
Dietary Fibre (total)
0g
0g
* Percentage Daily Intakes are based on an average adult diet of 8700 kJ. Your daily intakes may be higher or lower depending on your energy needs.",,https://www.coles.com.au/product/dairy-farmers-no-added-sugar-chocolate-flavoured-milk-500ml-3762720,,,2024-06-17T17:00:51.379069-04:00
"Ind54SColes_ADairy, Eggs & Fridge_SA_IBig M Strawberry Flavoured Milk | 300mL",Big M Strawberry Flavoured Milk | 300mL,Big M,"Dairy, Eggs & Fridge",,,,$1.90,,$2.50,$6.33 per 1L,3034428,"Big M Strawberry Flavoured Milk is a pasteurised reduced fat (26% less fat vs regular fat flavoured milk with 3.4g fat per 100mL) strawberry flavoured milk with protein, energy & electrolytes. Fuel up with Big M!
Pasteurised reduced fat (26% less fat vs. regular fat flavoured milk)

No preservatives.",,,"Per 100g/ml
Per Serving
%DI
Energy
293kJ
879kJ
10%
Protein
3.2g
9.6g
19%
Total Fat
2.5g
7.5g
11%
Saturated Fat
1.6g
4.8
20%
Carbohydrate
8.6g
25.8g
8%
Sugars
8.6g
25.8
29%
Calcium
117mg
351mg
44% RDI*
Iron
0
0
0
Molybdenum
0
0
0
Zinc
0
0
0
Sodium
43mg
129mg
6%
Monounsaturated
0
0
0
Energy (Cal)
70 Cal
210 Cal
0
Chromium
0
0
0
Dietary Fibre (total)
0
0
0
Magnesium
0
0
0
Polyunsaturated
0
0
0
Selenium
0
0
0
Copper
0
0
0
Potassium
153mg
459mg
0
Trans
0
0
0
Iodine
0
0
0
Manganese
0
0
0
* Percentage Daily Intakes are based on an average adult diet of 8700 kJ. Your daily intakes may be higher or lower depending on your energy needs.",,https://www.coles.com.au/product/big-m-strawberry-flavoured-milk-300ml-3034428,,,2024-06-17T17:01:03.507041-04:00
"Ind54SColes_ADairy, Eggs & Fridge_SA_IPauls Bluey Strawberry Flavoured Milk | 250mL",Pauls Bluey Strawberry Flavoured Milk | 250mL,Pauls,"Dairy, Eggs & Fridge",,,,$2.40,,,$9.60 per 1L,4165501,"BLUEY TM and BLUEY character logos TM &  Ludo Studio Pty Ltd 2018.
30% Less Sugar

No Artificial Flavours or Sweeteners

Bluey

Strawberry Flavoured Milk

Australian Milk",,,"Per 100g/ml
Per Serving
%DI
Energy
235 kJ
587 kJ
Protein
3.7 g
9.2 g
Total Fat
1.3 g
3.2 g
Saturated Fat
0.8 g
2.0 g
Carbohydrate
7.4 g
18.5 g
Sugars
7.1 g
17.7 g
Calcium
131 mg
327 mg
40% RDI*
Sodium
49 mg
122 mg
Energy (Cal)
56 Cal
140 Cal
Dietary Fibre (total)
0.0 g
0.0 g
* Percentage Daily Intakes are based on an average adult diet of 8700 kJ. Your daily intakes may be higher or lower depending on your energy needs.",,https://www.coles.com.au/product/pauls-bluey-strawberry-flavoured-milk-250ml-4165501,,,2024-06-17T17:01:16.089921-04:00
"Ind54SColes_ADairy, Eggs & Fridge_SAMilk_IA2 Lactose Free Light Milk | 2L",A2 Lactose Free Light Milk | 2L,A2,"Dairy, Eggs & Fridge",Milk,Specialty milk,,$6.90,,$7.30,$3.45 per 1L,5458243,"This reduced fat milk comes from 100% Australian cows and is lite on fat, but full on flavour. As the number 1 producer of A1 protein free milk in Australia, our purpose is to pioneer the future of dairy for good.
For more information on the a2 Milk difference visit www.a2milk.com.au
This delicious and creamy fresh milk contains just 1.3g of fat per 100mL

Lactose Free Milk is easy to digest for people with intolerance or sensitivity to lactose**a2 Milk Lactose Freemay be easy to digestcompared to ordinarymilk for some peoplewho are sensitive tolactose, when consumedas part of a healthy,varied diet.

Naturally all A2-type beta-casein protein type, and no A1Some people may be sensitive to a protein called A1 beta-casein commonly found in milk.

The perfect milk for all occasions! Use a2 Milk in tea and coffee, baking, cooking, with cereal, with cookies, or simply enjoy on its own.

a2 Milk has been proudly partnering with Landcare Australia since 2017 to support our farmers with initiatives to protect, enhance and restore the natural environment

Good source of calcium.

The only naturally A1 protein free milk that is also lactose free!.",,,"Per 100g/ml
Per Serving
%DI
Energy
193kJ
484kJ
0
Protein
3.3g
8.3g
0
Total Fat
1.3g
3.3g
0
Saturated Fat
0.9g
2.3g
0
Carbohydrate
5.2g
13.0g
0
Sugars
5.2g
13.0g
0
Calcium
117mg
293mg
36.00%
Lactose
Not Detected
Not Detected
0
Sodium
44mg
110mg
0
Monounsaturated
0
0
0
Energy (Cal)
46 Cal
116 Cal
0
Dietary Fibre (total)
0.0g
0.0g
0
Polyunsaturated
0
0
0
Galactose
2.6g
6.5g
0
Potassium
150mg
375mg
0
Trans
0
0
0
* Percentage Daily Intakes are based on an average adult diet of 8700 kJ. Your daily intakes may be higher or lower depending on your energy needs.","Reduced Fat Milk, Enzyme (Lactase).",https://www.coles.com.au/product/a2-lactose-free-light-milk-2l-5458243,,,2024-06-17T17:01:44.696629-04:00
"Ind54SColes_ADairy, Eggs & Fridge_SAMilk_IDare Espresso Favoured Milk | 750mL",Dare Espresso Favoured Milk | 750mL,Dare,"Dairy, Eggs & Fridge",Milk,Milk flavoured,,$5.25,,,$7.00 per 1L,3034010,"WALKED INTO A STATIONARY OBJECT AND SAID 'SORRY'?
...A DARE FIX'LL FIX IT!

Made with real Robusta & Arabica coffee and fresh milk. A big coffee kick without the big cafe queue!
Made with Fresh Australian Milk

Aussie Owned, Made & Loved

Real Rainforest Alliance Certified Arabica & Robusta Coffee

Working with the Rainforest Alliance to support coffee farmers and their communities",,,"Per 100g/ml
Per Serving
%DI
Energy
341kJ (Ave. Qty. per 100mL)
853kJ
10%
Protein
3.4g (Ave. Qty. per 100mL)
8.5g
17%
Total Fat
3.5g(Ave. Qty. per 100mL)
8.8g
13%
Saturated Fat
2.2g (Ave. Qty. per 100mL)
5.5g
23%
Carbohydrate
9.0g (Ave. Qty. per 100mL)
22.5g
7%
Sugars
8.7g (Ave. Qty. per 100mL)
21.8g
24%
Calcium
123mg (Ave. Qty. per 100mL)
308mg
39% RDI*
Sodium
43mg (Ave. Qty. per 100mL)
108mg
5%
Dietary Fibre (total)
0.0g(Ave. Qty. per 100mL)
0.0g
Caffeine
16mg (Ave. Qty. per 100mL)
40mg
* Percentage Daily Intakes are based on an average adult diet of 8700 kJ. Your daily intakes may be higher or lower depending on your energy needs.",,https://www.coles.com.au/product/dare-espresso-favoured-milk-750ml-3034010,,,2024-06-17T17:01:57.457064-04:00
"Ind54SColes_ADairy, Eggs & Fridge_SAMilk_IGippsland Jersey Full Cream Milk | 2L",Gippsland Jersey Full Cream Milk | 2L,Gippsland,"Dairy, Eggs & Fridge",Milk,Full cream milk,,$5.80,,,$2.90 per 1L,4201117,"Gippsland Jersey Full Cream Milk 2L.The OG product - our award winning Full Cream Milk. Our beautiful jersey girls are the reason we are creme de la creme of all milks. Jersey milk is renowned for its rich creaminess, higher levels of protein - including the A2 Protein and is seriously delicious!Milk is one of the best sources of calcium as well as many vitamins and minerals - like Vitamin A, E and D, magnesium and potassium. But did you know that milk from Jersey cows is even better? It has a higher protein content and is naturally higher in nutrients and vitamins. On average Jersey milk has 20% more calcium and 18% more protein than most other milks.Our cows are purebred heritage breed originating from the British Isle of Jersey, with naturally superior milk. Because our beautiful cows largely graze on Gippsland's lush green grass their milk also contains more omega-3s and beneficial fatty acids than milk from other cows. In fact, Jersey milk is even often better tolerated by lactose intolerant people because it mostly contains A2 protein which is easier on our digestive system! There is so much to love about our milk, and its great taste is simply one small reason! Gippsland Jersey proudly does things differently, sourcing milk from smaller, family farms with incredible dairy farmers paying farmers a fair price for what they produce. By sidestepping large milk processors and value-adding already premium jersey local milk, we ensure a healthy wage for farmers and a clear choice for consumers.And by manufacturing in regional Victoria (Lakes Entrance) it keeps the dollars local, as well as delivering random acts of kindness to the Gippsland farming community, and creating social change in rural mental health by championing emotional wellbeing of dairy farmers who may be struggling.",,,,,https://www.coles.com.au/product/gippsland-jersey-full-cream-milk-2l-4201117,,,2024-06-17T17:02:07.482843-04:00
"Ind54SColes_ADairy, Eggs & Fridge_SAMilk_IColes Unsweetened Coconut Milk | 1L",Coles Unsweetened Coconut Milk | 1L,Coles,"Dairy, Eggs & Fridge",Milk,Specialty milk,,$2.00,,,$2.00 per 1L,6338826,A delicious vegan alternative to dairy milk Lactose Free.Made in Australia Low sodium No Added Sugar,,,"Per 100g/ml
Per Serving
%DI
Energy
79.93
199.83
Protein
0.19
0.48
Total Fat
1.8
4.5
6
Saturated Fat
1.6
4.0
17
Carbohydrate
0.50
1.25
Sugars
0.20
0.50
Saturated
1.60
4.00
lactose
NOT DETECTED
NOT DETECTED
Cholesterol
1.00
2.50
Lactose
0.00
0.00
Sodium
44.00
110.00
Monounsaturated
0.09
0.23
Energy (Cal)
19.12
47.81
Fat
1.80
4.50
Dietary Fibre (total)
0.20
0.50
Polyunsaturated
0.01
0.03
Galactose
0.00
0.00
Gluten
0.00
0.00
Potassium
31.00
77.50
Trans
0.09
0.23
* Percentage Daily Intakes are based on an average adult diet of 8700 kJ. Your daily intakes may be higher or lower depending on your energy needs.","INGREDIENTS: Water, Coconut Cream (8%), Sea Salt, Vegetable Gums (Locust Bean Gum, Sodium Alginate, Guar Gum).",https://www.coles.com.au/product/coles-unsweetened-coconut-milk-1l-6338826,,,2024-06-17T17:02:18.913527-04:00
"Ind54SColes_ADairy, Eggs & Fridge_SAMilk_IA2 Full Cream Milk | 1L",A2 Full Cream Milk | 1L,A2,"Dairy, Eggs & Fridge",Milk,Full cream milk,,$3.90,,,$3.90 per 1L,9760070,"a2 Milk is no ordinary milk!

It is real milk that may be easier on digestion for some people*.

As the number 1 producer of of A1 protein free milk in Australia, our purpose is to pioneer the future of dairy for good.

For more information on the a2 Milk difference visit www.a2milk.com.au

*a2 Milk comes from cows specially selected to naturally produce milk with only the A2-type beta-casein protein so may be easier on digestion than ordinary milk for some milk intolerant individuals when consumed as part of a healthy, varied diet.

All natural with no additives, this delicious and creamy fresh milk with less than 4g of fat per 100mL

Easier on digestion for some**a2 Milk comes from cows specially selected to naturally produce milk with only the A2-type beta-casein protein so may be easier on digestion than regular milk for some milk intolerant individuals when consumed as part of a healthy, varied diet.

Naturally all A2-type beta-casein protein type, and no A1Some people may be sensitive to a protein called A1 beta-casein commonly found in milk.

The perfect milk for all occasions! Use a2 Milk in tea and coffee, smoothies, baking, cooking, with cereal, with cookies, or simply enjoy on its own.

a2 Milk has been proudly partnering with Landcare Australia since 2017 to support our farmers with initiatives to protect, enhance and restore the natural environment

Good source of calcium.

Contains Protein.",,,"Per 100g/ml
Per Serving
%DI
Energy
275kJ
688kJ
0
Protein
3.3g
8.3g
0
Total Fat
3.5g
8.8g
0
Saturated Fat
2.4g
6.0g
0
Carbohydrate
5.0g
12.5g
0
Sugars
4.7g
11.8g
0
Calcium
109mg
273mg
34.0%
Sodium
33mg
83mg
0
Monounsaturated
0
0
0
Energy (Cal)
65 Cal
163 Cal
0
Dietary Fibre (total)
0
0
0
Polyunsaturated
0
0
0
Potassium
147mg
368mg
0
Trans
0
0
0
* Percentage Daily Intakes are based on an average adult diet of 8700 kJ. Your daily intakes may be higher or lower depending on your energy needs.",,https://www.coles.com.au/product/a2-full-cream-milk-1l-9760070,,,2024-06-17T17:02:30.483140-04:00
"Ind54SColes_ADairy, Eggs & Fridge_SAMilk_IColes Lactose Free Full Cream Milk | 1L",Coles Lactose Free Full Cream Milk | 1L,Coles,"Dairy, Eggs & Fridge",Milk,Specialty milk,,$3.10,,,$3.10 per 1L,2635444,This Lactose Free Full Cream Milk has all the goodness of fresh cow's milk but without the Lactose,,,"Per 100g/ml
Per Serving
%DI
Energy
260
650
7
Protein
3.3
8.3
17
Total Fat
3.3
8.3
12
Saturated Fat
2.20
5.50
Carbohydrate
4.8
12.0
4
Sugars
4.80
12.00
Calcium
106
265
lactose
NOT DETECTED
NOT DETECTED
Lactose
NOT DETECTED
NOT DETECTED
Sodium
33
83
4
Energy (Cal)
62
155
Dietary Fibre (total)
0.00
0.00
Galactose
2.3
5.8
* Percentage Daily Intakes are based on an average adult diet of 8700 kJ. Your daily intakes may be higher or lower depending on your energy needs.",,https://www.coles.com.au/product/coles-lactose-free-full-cream-milk-1l-2635444,,,2024-06-17T17:02:43.412122-04:00
"Ind54SColes_ADairy, Eggs & Fridge_SAMilk_IColes Full Cream Milk | 2L",Coles Full Cream Milk | 2L,Coles,"Dairy, Eggs & Fridge",Milk,Full cream milk,,$3.10,,,$1.55 per 1L,439693,"Coles Australian Dairy Full Cream Milk, 2L. Fresh full cream milk sourced from Australian farmers for wholesome goodness. Better together with Australian Farmers.",,,"Per 100g/ml
Per Serving
%DI
Energy
258.40
646.00
Protein
3.40
8.50
Total Fat
3.40
8.50
Carbohydrate
4.40
11.00
Sugars
4.40
11.00
Calcium
118.00
295.00
Sodium
44.00
110.00
Saturated
2.30
5.75
Energy (Cal)
61.82
154.55
Dietary Fibre (total)
0.00
0.00
* Percentage Daily Intakes are based on an average adult diet of 8700 kJ. Your daily intakes may be higher or lower depending on your energy needs.",,https://www.coles.com.au/product/coles-full-cream-milk-2l-439693,,,2024-06-17T17:02:54.768168-04:00
"Ind54SColes_ADairy, Eggs & Fridge_SAMilk_IIce Break Regular Strength Iced Coffee | 500mL",Ice Break Regular Strength Iced Coffee | 500mL,Ice Break,"Dairy, Eggs & Fridge",Milk,Milk flavoured,,$4.10,,,$8.20 per 1L,6166527,"Nothing quite satisfies like an ice cold Ice Break Regular Strength.
Made with real coffee, real milk and no added flavours to deliver a real caffeine kick.",,,"Per 100g/ml
Per Serving
%DI
Energy
289kJ
1445kJ
Protein
3.3
16.5
Total Fat
1.6g
8.0g
Saturated Fat
1.0g
5.0g
Carbohydrate
10.3g
51.5g
Sugars
9.8g
49.0g
Calcium
109mg
545mg
68% RDI*
Sodium
37mg
185mg
Energy (Cal)
69
345
Caffeine
29mg
145mg
* Percentage Daily Intakes are based on an average adult diet of 8700 kJ. Your daily intakes may be higher or lower depending on your energy needs.",,https://www.coles.com.au/product/ice-break-regular-strength-iced-coffee-500ml-6166527,,,2024-06-17T17:03:06.002561-04:00
"Ind54SColes_ADairy, Eggs & Fridge_SAMilk_IDevondale Light Milk | 3L",Devondale Light Milk | 3L,Devondale,"Dairy, Eggs & Fridge",Milk,Skim & low fat milk,,$5.95,,,$1.98 per 1L,1909952,"Devondale fresh light milk contains all the goodness of full cream milk, with only 1.3% fat. A natural source of essential nutrients, including prosperous, magnesium, potassium and vitamin B12 making it a great source of nutrition.- Delicious and creamy light milk- High in Calcium- Source of Protein- No Preservatives- Homogenised and Pasteurised Milk",,,"Per 100g/ml
Per Serving
%DI
Energy
188kJ
470kJ
Protein
3.6g
9g
Total Fat
1.3g
3.3g
Saturated Fat
1.3g
2.2g
Carbohydrate
4.6g
11.5g
Sugars
4.6g
11.5g
Calcium
126mg
315mg
Sodium
37mg
93mg
* Percentage Daily Intakes are based on an average adult diet of 8700 kJ. Your daily intakes may be higher or lower depending on your energy needs.",,https://www.coles.com.au/product/devondale-light-milk-3l-1909952,,,2024-06-17T17:03:17.765461-04:00
"Ind54SColes_ADairy, Eggs & Fridge_SAMilk_IDare Mocha Flavoured Milk | 750mL",Dare Mocha Flavoured Milk | 750mL,Dare,"Dairy, Eggs & Fridge",Milk,Milk flavoured,,$5.25,,,$7.00 per 1L,3034031,"FORGOT YOU DROVE TO WORK AND CAUGHT THE TRAIN HOME?....A DARE FIX'LL FIX IT

Dare Iced Coffee Mocha is made with real Robusta & Arabica coffee, chocolate flavour and fresh milk. A big coffee kick without the big cafe queue!
Made with Fresh Australian Milk

Aussie Owned, Made & Loved

Real Rainforest Alliance Certified Arabica & Robusta Coffee

Working with the Rainforest Alliance to support coffee farmers and their communities",,,"Per 100g/ml
Per Serving
%DI
Energy
368kJ; Per 750mL: 2760kJ
920kJ
11.0%
Protein
3.3g; Per 750mL: 24.8g
8.3g
17.0%
Total Fat
3.5g; Per 750mL: 26.3g
8.8g
13.0%
Saturated Fat
2.2g; Per 750mL: 16.5g
5.5g
23.0%
Carbohydrate
10.7g; Per 750mL: 80.3g
26.8g
9.0%
Sugars
10.2g; Per 750mL: 76.5g
25.5g
28.0%
Calcium
113mg; Per 750mL: 848mg
283mg
Sodium
44mg; Per 750mL: 330mg
110mg
5.0%
Caffeine
25mg; Per 750mL: 188mg
63mg
* Percentage Daily Intakes are based on an average adult diet of 8700 kJ. Your daily intakes may be higher or lower depending on your energy needs.",,https://www.coles.com.au/product/dare-mocha-flavoured-milk-750ml-3034031,,,2024-06-17T17:03:29.365351-04:00
"Ind54SColes_ADairy, Eggs & Fridge_SAMilk_IA2 Light Milk | 2L",A2 Light Milk | 2L,A2,"Dairy, Eggs & Fridge",Milk,Specialty milk,,$6.90,,,$3.45 per 1L,9759944,"a2 Milk is no ordinary milk!

It is real milk that may be easier on digestion for some people*.

As the number 1 producer of A1 protein free milk in Australia, our purpose is to pioneer the future of dairy for good.


For more information on the a2 Milk difference visit www.a2milk.com.au

*a2 Milk comes from cows specially selected to naturally produce milk with only the A2-type beta-casein protein so may be easier on digestion than ordinary milk for some milk intolerant individuals when consumed as part of a healthy, varied diet.
All natural with no additives, this delicious and creamy lite fresh milk contains just 1.3g of fat per 100ml

Easier on digestion for some**a2 Milk comes from cows specially selected to naturally produce milk with only the A2-type beta-casein protein so may be easier on digestion than regular milk for some milk intolerant individuals when consumed as part of a healthy, varied diet.

Naturally all A2-type beta-casein protein type, and no A1Some people may be sensitive to a protein called A1 beta-casein commonly found in milk.

The perfect milk for all occasions! Use a2 Milk in tea and coffee, baking, cooking, with cereal, with cookies, or simply enjoy on its own.

a2 Milk has been proudly partnering with Landcare Australia since 2017 to support our farmers with initiatives to protect, enhance and restore the natural environment

Good source of calcium.

Contains Protein.",,,"Per 100g/ml
Per Serving
%DI
Energy
189kJ
473kJ
0
Protein
3.3g
8.3g
0
Total Fat
1.3g
3.3g
0
Saturated Fat
0.9g
2.3g
0
Carbohydrate
5.2g
13.0g
0
Sugars
5.2g
13.0g
0
Calcium
117mg
293mg
36.0%
Sodium
48mg
120mg
0
Monounsaturated
0
0
0
Energy (Cal)
45 Cal
113 Cal
0
Dietary Fibre (total)
0
0
0
Polyunsaturated
0
0
0
Potassium
150mg
375mg
0
Trans
0
0
0
* Percentage Daily Intakes are based on an average adult diet of 8700 kJ. Your daily intakes may be higher or lower depending on your energy needs.",Reduced Fat Milk,https://www.coles.com.au/product/a2-light-milk-2l-9759944,,,2024-06-17T17:03:41.723159-04:00
"Ind54SColes_ADairy, Eggs & Fridge_SAMilk_IRokeby Farms Probiotic Filmjolk Natural Yoghurt | 750g",Rokeby Farms Probiotic Filmjolk Natural Yoghurt | 750g,Rokeby Farms,"Dairy, Eggs & Fridge",Milk,Probiotic milk,,$4.00,,$5.00,$0.53 per 100g,3186561,"Filmjolk is a traditional cultured yoghurt from Sweden that dates back to the Viking days. Made with fresh milk sourced from local Gippsland farms, our probiotic yoghurt is slow fermented the authentic Swedish way.With 15 live and active cultures and 50+ billion good bacteria per serve, probiotic yoghurt helps maintain healthy gut flora and regulate your digestive system.Natural probiotic yoghurt with 15 cultures and probiotics. 50+ billion good bacteria 15 live cultures & probiotics Fresh yoghurt For digestive health",,,"Per 100g/ml
Per Serving
%DI
Energy
267kJ
669kJ
Protein
3.5g
8.7g
Total Fat
3.9g
9.6g
Saturated Fat
2.6g
6.5g
Carbohydrate
3.9g
9.6g
Sugars
3g
7.5g
Lactose
0.5g
1.2g
Calcium
132mg
330mg
Sodium
39mg
96mg
Galactose
2.5g
6.3g
* Percentage Daily Intakes are based on an average adult diet of 8700 kJ. Your daily intakes may be higher or lower depending on your energy needs.","Whole milk, live cultures and probiotics, lactase enzyme, Bifidobacterium infantis, Bifidobacterium lactis, Lactobacillus acidophilus, Lactobacillus delbrueckii subsp. Lactis, Lactobacillus fermentum, Lactobacillus paracasei, Bifidobacterium animalis subsp. Lactis, Lactobacillus rhamnosus, Lactococcus lactis subsp. Cremoris, Lactococcus lactis subsp. Lactis, Lactococcus lactis sub. lactis biovar diacetylactis, Leuconostoc mesenteroides, Leuconostoc pseudomesenteroides, Streptococcus thermophiles and Lactobacillus delbrueckii subsp. Bulgaricus.",https://www.coles.com.au/product/rokeby-farms-probiotic-filmjolk-natural-yoghurt-750g-3186561,,,2024-06-17T17:03:52.841393-04:00
"Ind54SColes_ADairy, Eggs & Fridge_SAMilk_IPauls Rev Low Fat Milk | 1L",Pauls Rev Low Fat Milk | 1L,Pauls,"Dairy, Eggs & Fridge",Milk,Skim & low fat milk,,$3.50,,,$3.50 per 1L,387192,"At Pauls we love dairy. We're pretty passionate about making great tasting products packed with real dairy goodness. We put that devotion into every Pauls milk, cream, custard and yoghurt we make.

Pauls Rev is a natural source of calcium, protein, vitamins and minerals, which are important for good nutrition, while also being lower in fat, making it a great choice for you and your family.",,,"Per 100g/ml
Per Serving
%DI
Energy
194kJ
485kJ
Protein
3.2g
8.0g
Total Fat
1.2g
3.0g
Saturated Fat
0.8g
2.0g
Carbohydrate
5.5g
13.8g
Sugars
5.5g
13.8
Vitamin B2
0.16mg
0.40mg
24%
Calcium
113mg
283mg
35%
Vitamin B12
0.43ug
1.08ug
54%
Sodium
37mg
93mg
Energy (Cal)
46Cal
116Cal
Potassium
147mg
368mg
Iodine
20ug
49ug
33%
* Percentage Daily Intakes are based on an average adult diet of 8700 kJ. Your daily intakes may be higher or lower depending on your energy needs.",,https://www.coles.com.au/product/pauls-rev-low-fat-milk-1l-387192,,,2024-06-17T17:04:05.090290-04:00
"Ind54SColes_ADairy, Eggs & Fridge_SA_IAnnie's Orchard Unsweetened Almond Milk | 1L",Annie's Orchard Unsweetened Almond Milk | 1L,Annies Orchard,"Dairy, Eggs & Fridge",,,,$3.30,,,$3.30 per 1L,6450203,Annie's Orchard Unsweetened Almond Milk is made from whole almonds sourced from 100% local Aussie farms.,,,"Per 100g/ml
Per Serving
%DI
Energy
128kJ
320kJ
4%
Protein
1g
2.5g
5%
Total Fat
2.6g
6.5g
9%
Saturated Fat
0.2g
0.5g
2%
Carbohydrate
0.9g
2.3g
1%
Sugars
0.4g
1g
1%
Calcium
80mg
200mg
25%
Sodium
34mg
85mg
4%
Dietary Fibre (total)
1.9g
4.8g
16%
* Percentage Daily Intakes are based on an average adult diet of 8700 kJ. Your daily intakes may be higher or lower depending on your energy needs.",,https://www.coles.com.au/product/annie's-orchard-unsweetened-almond-milk-1l-6450203,,,2024-06-17T17:04:16.452014-04:00
"Ind54SColes_ADairy, Eggs & Fridge_SA_IPauls Zymil Lactose Free Full Cream Milk | 1L",Pauls Zymil Lactose Free Full Cream Milk | 1L,Pauls,"Dairy, Eggs & Fridge",,,,$3.90,,,$3.90 per 1L,5891600,"At Pauls, we love dairy. We're pretty passionate about making great tasting products packed with real dairy goodness. We put that devotion into every Pauls milk, cream, custard and yoghurt we make. Milk is a natural source of protein, vitamins and minerals essential for good health. Rich in calcium, Pauls Zymil is simply milk which is easy to digest (As part of a healthy and varied diet, consuming Zymil instead of regular milk helps ease digestion in those who are sensitive to lactose). Plus Pauls Zymil is lactose free and made from real milk so it has all of the natural goodness of regular milk. Lactose free, easy to digest and rich in calcium.
Full cream milk

Lactose free",,,"Per 100g/ml
Per Serving
%DI
Energy
270kJ
675kJ
Protein
3.4g
8.5g
Total Fat
3.6g
9.0g
Saturated Fat
2.3g
5.8g
Carbohydrate
4.7g
11.8g
Sugars
4.7g
11.8g
Lactose
Nil
Nil
Vitamin B2
0.2mg
0.4mg
25% RDI*
Calcium
125mg
313mg
39% RDI*
Sodium
40mg
100mg
Dietary Fibre (total)
0.0g
0.0g
Galactose
2.4g
6.0g
* Percentage Daily Intakes are based on an average adult diet of 8700 kJ. Your daily intakes may be higher or lower depending on your energy needs.",,https://www.coles.com.au/product/pauls-zymil-lactose-free-full-cream-milk-1l-5891600,,,2024-06-17T17:04:28.618591-04:00
"Ind54SColes_ADairy, Eggs & Fridge_SAMilk_IRokeby Farms Smoothie Dutch Chocolate | 425mL",Rokeby Farms Smoothie Dutch Chocolate | 425mL,Rokeby Farms,"Dairy, Eggs & Fridge",Milk,Milk flavoured,,$4.65,,,$10.94 per 1L,1944192,"A 'whole protein' provides all nine essential amino acids which your body needs but can't produce on its own, so it must be supplied daily from food.
Protein is essential for the building and recovery of muscle tissue and organs. Research has also shown that eating a protein-rich breakfast can help stimulate and sustain a feeling of fullness and set the tone for your day.
Loaded with real cocoa for natural chocolate goodness.
High protein
High calcium
Fresh milk
Low fat
Low lactose
No powders or soy
For our full range of products & more, visit our website www.rokebyfarms.com.au and follow us @rokebyfarms",,,"Per 100g/ml
Per Serving
%DI
Energy
282kJ
1200kJ
Protein
7.1g
30g
Total Fat
1.5g
6.4g
Saturated Fat
1.1g
4.7g
Carbohydrate
6.4g
27.2g
Sugars
5.9g
25.1g
Lactose
0.5g
2.1g
Calcium
196mg
833mg
Sodium
25mg
106mg
Galactose
0.8g
3.4g
* Percentage Daily Intakes are based on an average adult diet of 8700 kJ. Your daily intakes may be higher or lower depending on your energy needs.",,https://www.coles.com.au/product/rokeby-farms-smoothie-dutch-chocolate-425ml-1944192,,,2024-06-17T17:04:39.978033-04:00
"Ind54SColes_ADairy, Eggs & Fridge_SA_IDare Double Espresso Flavoured Milk | 500mL",Dare Double Espresso Flavoured Milk | 500mL,Dare,"Dairy, Eggs & Fridge",,,,$3.30,,$4.15,$6.60 per 1L,3033946,"Pasteurised iced coffee flavoured milk.

Is this the $10,000 Fix?

Find the Dare-mergency tape in this bottle and you'll win $10,000!

Grab a fix now, There's 10 Dare-mergency bottles to be found.

Promo starts 29/7/19 AEDT ends 30/9/19 AEDT. Purchase any specially marked Dare Iced Coffee 500mL or 750mL, unscrew the lid to see if you have won. Winners: keep receipt, winning tape and claim prize by 5pm AEDT 3/1/20. To enter second chance draw, complete the entry form at www.facebook.com/dareicedcoffee during the promotional period. Entry open AU residents 18+ only. Total prizes: 10.
Promoter: LD&D Australia Pty Ltd 1800 677 852. See www.dareicedcoffee.com.au/daremergency for full T&Cs.
Permit Nos: ACT TP19/03268, NSW LTPS/19/34385 and SA T19/697.",,,"Per 100g/ml
Per Serving
%DI
Energy
352kJ
1760kJ
20.0%
Protein
3.4g
17.0g
34.0%
Total Fat
3.5g
17.5g
25.0%
Saturated Fat
2.2g
11.0g
46.0%
Carbohydrate
9.7g
48.5g
16.0%
Sugars
9.0g
45.0g
50.0%
Calcium
118mg
590mg
74% RDI*
Sodium
41mg
205mg
9.0%
Caffeine
32mg
160mg
* Percentage Daily Intakes are based on an average adult diet of 8700 kJ. Your daily intakes may be higher or lower depending on your energy needs.","Fresh Milk, Sugar, Coffee Powder (0.76%)(Robusta, Arabica), Colour (150c), Flavours.",https://www.coles.com.au/product/dare-double-espresso-flavoured-milk-500ml-3033946,,,2024-06-17T17:04:52.319164-04:00
"Ind54SColes_ADairy, Eggs & Fridge_SAMilk_IPauls Smarter White Milk 2% Fat Full Cream Taste Bottle | 1L",Pauls Smarter White Milk 2% Fat Full Cream Taste Bottle | 1L,Pauls,"Dairy, Eggs & Fridge",Milk,Skim & low fat milk,,$3.20,,,$3.20 per 1L,9411773,"At Pauls, we love dairy. We're pretty passionate about making great tasting products packed with real dairy goodness. We put that devotion into every Pauls milk, cream, custard and yoghurt we make.
Pauls Smarter White Milk has all the goodness and taste of full cream milk with only 2% fat.
Full cream taste

Only 2% Fat.

Fresh Australian Milk

Good Source Calcium

Goodness and taste of full cream milk",,,"Per 100g/ml
Per Serving
%DI
Energy
236 kJ
570 kJ
Protein
3.8 g
9.5 g
Total Fat
2.0 g
5.0 g
Saturated Fat
1.3 g
3.3 g
Carbohydrate
5.3 g
13.3 g
Sugars
5.3 g
13.3 g
Calcium
132 mg
330 mg
41% RDI*
Iron
0.0
0.0
Vitamin A
0.0
0.0
Coenzyme Q10
0.0
0.0
Vitamin E
0.0
0.0
Vitamin B
0.0
0.0
Vitamin C
0.0
0.0
Dietary Fibre (total)
0.0
0.0
Omega - 6
0.0
0.0
Magnesium
0.0
0.0
Selenium
0.0
0.0
Copper
0.0
0.0
Trans
0.0
0.0
Iodine
0.0
0.0
Bioflavoids
0.0
Folic Acid
0.0
0.0
Biotin
0.0
0.0
Molybdenum
0.0
0.0
Zinc
0.0
0.0
Sodium
42 mg
105 mg
Choline
0.0
0.0
Monounsaturated
0.0
0.0
Chromium
0.0
0.0
Polyunsaturated
0.0
0.0
Potassium
0.0
0.0
Manganese
0.0
0.0
* Percentage Daily Intakes are based on an average adult diet of 8700 kJ. Your daily intakes may be higher or lower depending on your energy needs.","Reduced fat milk, milk solids.",https://www.coles.com.au/product/pauls-smarter-white-milk-2percent-fat-full-cream-taste-bottle-1l-9411773,,,2024-06-17T17:05:04.132972-04:00
"Ind54SColes_ADairy, Eggs & Fridge_SAMilk_IIce Break Iced Coffee No Added Sugar | 750mL",Ice Break Iced Coffee No Added Sugar | 750mL,Ice Break,"Dairy, Eggs & Fridge",Milk,Milk flavoured,,$4.00,,$5.10,$5.33 per 1L,5074060,THE REAL COFFEE CREDENTIALS OF ICE BREAK EXPERTLY BLENDED WITH OAK CHOCOLATE MILK.,,,"Per 100g/ml
Per Serving
%DI
Energy
360kJ
1800kJ
Protein
3.4g
17g
Total Fat
3.4g
17g
Saturated Fat
2.2g
11g
Carbohydrate
10.3g
51.5g
Sugars
9.7g
48.5g
Calcium
112mg
560mg
(70% RDI*)
Sodium
36mg
180mg
Energy (Cal)
86
431
Caffeine
28mg
140 mg
* Percentage Daily Intakes are based on an average adult diet of 8700 kJ. Your daily intakes may be higher or lower depending on your energy needs.",,https://www.coles.com.au/product/ice-break-iced-coffee-no-added-sugar-750ml-5074060,,,2024-06-17T17:05:16.868925-04:00
"Ind54SColes_ADairy, Eggs & Fridge_SAMilk_IDare Oat Milk Dairy Free Double Espresso | 400mL",Dare Oat Milk Dairy Free Double Espresso | 400mL,Dare,"Dairy, Eggs & Fridge",Milk,Milk flavoured,,$3.30,,$4.15,$8.25 per 1L,7841658,Dare Oat Milk Double Espresso is a UHT coffee flavoured oat milk. Contains robusta & arabica coffee.,,,"Per 100g/ml
Per Serving
%DI
Energy
248kJ
992kJ
11%
Protein
0.5g
2.0g
4%
Total Fat
1.6g
6.4g
9%
Saturated Fat
0.2g
0.8g
3%
Carbohydrate
10.1g
40.4g
13%
Sugars
6.9g
27.6g
31%
Calcium
57mg
228mg
Sodium
28mg
112mg
5%
Monounsaturated
0
0
0
Energy (Cal)
59Cal
236Cal
0
Dietary Fibre (total)
<1.0g
<1.0g
<1%
Polyunsaturated
0
0
0
Trans
0
0
0
Caffeine
57mg
140mg
0
* Percentage Daily Intakes are based on an average adult diet of 8700 kJ. Your daily intakes may be higher or lower depending on your energy needs.",,https://www.coles.com.au/product/dare-oat-milk-dairy-free-double-espresso-400ml-7841658,,,2024-06-17T17:05:28.386692-04:00
"Ind54SColes_ADairy, Eggs & Fridge_SAMilk_IColes Full Cream Milk | 3L",Coles Full Cream Milk | 3L,Coles,"Dairy, Eggs & Fridge",Milk,Full cream milk,,$4.50,,,$1.50 per 1L,8150288,Coles is committed to bringing you high quality fresh milk from dairy farms across Australia,,,"Per 100g/ml
Per Serving
%DI
Energy
260
650
7
Protein
3.40
8.50
Sugars
4.30
10.75
Dietary Fibre (total)
0.00
0.00
* Percentage Daily Intakes are based on an average adult diet of 8700 kJ. Your daily intakes may be higher or lower depending on your energy needs.",,https://www.coles.com.au/product/coles-full-cream-milk-3l-8150288,,,2024-06-17T17:05:40.459230-04:00
"Ind54SColes_ADairy, Eggs & Fridge_SAMilk_IGreat Ocean Road Fresh Full Cream Milk | 1L",Great Ocean Road Fresh Full Cream Milk | 1L,Great Ocean Road,"Dairy, Eggs & Fridge",Milk,Full cream milk,,$2.90,,,$2.90 per 1L,9317935,"Delicious full cream milk with all the goodness of dairy. Born on the Great Ocean Road in Victoria, our products are made with 100% Australian milk sourced predominately from farmers in South West Victoria.- Full Cream Milk",,,"Per 100g/ml
Per Serving
%DI
Energy
270kJ
675kJ
Protein
3.3g
8.3g
Total Fat
3.5g
8.8g
Saturated Fat
2.1g
5.3g
Carbohydrate
5.1g
12.8g
Sugars
4.6g
11.5g
Calcium
114mg
285mg
36%
Sodium
55mg
138mg
* Percentage Daily Intakes are based on an average adult diet of 8700 kJ. Your daily intakes may be higher or lower depending on your energy needs.",,https://www.coles.com.au/product/great-ocean-road-fresh-full-cream-milk-1l-9317935,,,2024-06-17T17:05:51.636084-04:00
"Ind54SColes_ADairy, Eggs & Fridge_SAMilk_IVitasoy Calci-Plus Soymilk Chilled | 1L",Vitasoy Calci-Plus Soymilk Chilled | 1L,Vitasoy,"Dairy, Eggs & Fridge",Milk,Soy & almond milk,,$3.35,,,$3.35 per 1L,9067496,"Made with 100% Australian Grown soy beans and with 50% of your daily calcium needs in every serving, Vitasoy Calci-Plus is a natural source of protein. With no artificial colours, flavours or preservatives, it is suitable for vegans and vegetarians.

Enjoy with your bowl of cereal, in a smoothie or simply on its own!
50% of your daily calcium",,,"Per 100g/ml
Per Serving
%DI
Energy
269
673
Protein
3.2
8
Total Fat
3g
7.5g
11
Saturated Fat
0.4g
1g
4
Carbohydrate
5.8g
14.5g
5
Sugars
3.2g
8g
9
Vitamin B2
0.3mg
0.75mg
44
Calcium
160mg
400mg
50
Vitamin B12
0.4ug
1.0ug
50
Vitamin A
54ug
135ug
18
Vitamin D
2.0ug
5.0ug
50
Sodium
60mg
150mg
7
Monounsaturated
1.2g
3g
Energy (Cal)
160
Dietary Fibre (total)
0.6g
1.5g
5
Magnesium
20mg
50mg
16
Polyunsaturated
1.2g
3g
Trans
0
0
* Percentage Daily Intakes are based on an average adult diet of 8700 kJ. Your daily intakes may be higher or lower depending on your energy needs.",,https://www.coles.com.au/product/vitasoy-calci-plus-soymilk-chilled-1l-9067496,,,2024-06-17T17:06:02.980654-04:00
"Ind54SColes_ADairy, Eggs & Fridge_SA_IPauls Zymil Lactose Free Milk Full Cream | 3L",Pauls Zymil Lactose Free Milk Full Cream | 3L,Pauls,"Dairy, Eggs & Fridge",,,,$8.90,,,$2.97 per 1L,4228656,"At Pauls, we love dairy. We're pretty passionate about making great tasting products packed with real dairy goodness. We put that devotion into every Pauls milk, cream, custard and yoghurt we make. Milk is a natural source of protein, vitamins and minerals essential for good health. Rich in calcium, Pauls Zymil is simply milk which is easy to digest (As part of a healthy and varied diet, consuming Zymil instead of regular milk helps ease digestion in those who are sensitive to lactose). Plus Pauls Zymil is lactose free and made from real milk so it has all of the natural goodness of regular milk. Lactose free, easy to digest and rich in calcium.",,,,,https://www.coles.com.au/product/pauls-zymil-lactose-free-milk-full-cream-3l-4228656,,,2024-06-17T17:06:12.919971-04:00
"Ind54SColes_ADairy, Eggs & Fridge_SA_IVitasoy Soy Milky Lite Chilled | 1L",Vitasoy Soy Milky Lite Chilled | 1L,Vitasoy,"Dairy, Eggs & Fridge",,,,$2.85,,,$2.85 per 1L,4514510,"Every whole soybean that makes this milk great is grown in Australia
Beneath the watchful eyes of Aussie farmers, every whole soybean squeezed into our Soy Milky was planted and picked at just the right moment. It's why our great milky taste is hard to beat.

For us, it's a daily obsession that's been growing across the globe since the Vitasoy brand first started in 1940. Bringing you a simple yet delicious soy milk, brimming with the good stuff-and less than 2% Fat.

This is why our glass is always full.

Grown by Aussie Farmers
Our whole soybeans are harvested from February to April and delivered to our Wodonga factory.
Only the best beans make it...

Blended by us
We dehull and grind our beans, then blend the good bits with filtered water and other ingredients including calcium.
Perfected and packed for your fridge...

Enjoyed by you
Your Vitasoy is ready to be soaked up and savoured with all your favourites.

- Australian grown whole soybeans.
- 1/3 of your daily calcium needs in every serving.
- Naturally free from gluten, dairy, lactose and cholesterol.
- Natural source of protein.
- No artificial colours, flavours or preservatives.
- Non-genetically modified.
- Suitable For vegans and vegetarians.

The protein in this product is derived from Australian grown whole soybeans. It may appear as white sediment so make sure you shake the product well before consuming it.",,,"Per 100g/ml
Per Serving
%DI
Energy
162kJ
405kJ
5.00%
Protein
3.0g
7.5g
15.00%
Total Fat
1.8g
4.5g
6.00%
Saturated Fat
0.3g
0.8g
3.00%
Carbohydrate
2.5g
6.2g
2.00%
Sugars
1.6g
4.0g
4.00%
Calcium
120mg
300mg
38% RDI#
Cholesterol
0mg
0mg
Lactose
0g
0g
Sodium
80mg
200mg
9.00%
Monounsaturated
0.4g
1.0g
Energy (Cal)
39Cal
98Cal
Dietary Fibre (total)
0.2g
0.5g
2.00%
Polyunsaturated
1.1g
2.8g
Galactose
0g
0g
Gluten
0mg
0mg
Trans
0g
0g
* Percentage Daily Intakes are based on an average adult diet of 8700 kJ. Your daily intakes may be higher or lower depending on your energy needs.",,https://www.coles.com.au/product/vitasoy-soy-milky-lite-chilled-1l-4514510,,,2024-06-17T17:06:25.287793-04:00
"Ind54SColes_ADairy, Eggs & Fridge_SA_IDevondale Full Cream Milk | 3L",Devondale Full Cream Milk | 3L,Devondale,"Dairy, Eggs & Fridge",,,,$5.95,,,$1.98 per 1L,1909941,"Devondale rich and creamy, fresh full cream milk. A natural source of essential nutrients, including prosperous, magnesium, potassium and vitamin B12 making it a great source of nutrition.- Delicious and creamy full cream milk- High in Calcium- Source of Protein- No preservatives- Homogenised and Pasteurised Milk",,,"Per 100g/ml
Per Serving
%DI
Energy
266kJ
650kJ
Protein
3.4g
8.8g
Total Fat
3.3g
8.3g
Saturated Fat
2.3g
5.8g
Carbohydrate
4.6g
11.5g
Sugars
4.6g
11.5g
Calcium
123mg
308mg
38%
Sodium
36mg
90mg
* Percentage Daily Intakes are based on an average adult diet of 8700 kJ. Your daily intakes may be higher or lower depending on your energy needs.",,https://www.coles.com.au/product/devondale-full-cream-milk-3l-1909941,,,2024-06-17T17:06:37.243067-04:00
"Ind54SColes_ADairy, Eggs & Fridge_SAMilk_IA2 Light Fat Milk | 1L",A2 Light Fat Milk | 1L,A2,"Dairy, Eggs & Fridge",Milk,Specialty milk,,$3.90,,,$3.90 per 1L,9760047,"a2 Milk is no ordinary milk!

It is real milk that may be easier on digestion for some people*.

As the number 1 producer of A1 protein free milk in Australia, our purpose is to pioneer the future of dairy for good.


For more information on the a2 Milk difference visit www.a2milk.com.au

*a2 Milk comes from cows specially selected to naturally produce milk with only the A2-type beta-casein protein so may be easier on digestion than ordinary milk for some milk intolerant individuals when consumed as part of a healthy, varied diet.
All natural with no additives, this delicious and creamy lite fresh milk contains just 1.3g of fat per 100ml

Easier on digestion for some**a2 Milk comes from cows specially selected to naturally produce milk with only the A2-type beta-casein protein so may be easier on digestion than regular milk for some milk intolerant individuals when consumed as part of a healthy, varied diet.

Naturally all A2-type beta-casein protein type, and no A1Some people may be sensitive to a protein called A1 beta-casein commonly found in milk.

The perfect milk for all occasions! Use a2 Milk in tea and coffee, smoothies, baking, cooking, with cereal, with cookies, or simply enjoy on its own.

a2 Milk has been proudly partnering with Landcare Australia since 2017 to support our farmers with initiatives to protect, enhance and restore the natural environment

Good source of calcium.

Contains Protein.",,,"Per 100g/ml
Per Serving
%DI
Energy
189kJ
473kJ
0
Protein
3.3g
8.3g
0
Total Fat
1.3g
3.3g
0
Saturated Fat
0.9g
2.3g
0
Carbohydrate
5.2g
13.0g
0
Sugars
5.2g
13.0g
0
Calcium
117mg
293mg
36.0%
Sodium
48mg
120mg
0
Monounsaturated
0
0
0
Energy (Cal)
45 Cal
113 Cal
0
Dietary Fibre (total)
0
0
0
Polyunsaturated
0
0
0
Potassium
150mg
375mg
0
Trans
0
0
0
* Percentage Daily Intakes are based on an average adult diet of 8700 kJ. Your daily intakes may be higher or lower depending on your energy needs.",,https://www.coles.com.au/product/a2-light-fat-milk-1l-9760047,,,2024-06-17T17:06:48.609016-04:00
"Ind54SColes_ADairy, Eggs & Fridge_SA_IIce Break Iced Coffee Triple Shot | 750mL",Ice Break Iced Coffee Triple Shot | 750mL,Ice Break,"Dairy, Eggs & Fridge",,,,$4.00,,$5.10,$5.33 per 1L,8224533,Ice Break Triple Shot is a 3 shot real coffee recharge made with Aussie milk.,,,"Per 100g/ml
Per Serving
%DI
Energy
293
1465
Protein
3.3g
16.5g
Total Fat
1.6g
8.0g
Saturated Fat
1.0g
5.0g
Carbohydrate
10.5g
52.5g
Sugars
9.9g
49.5g
Calcium
108mg
540mg
67% RDI*
Sodium
36mg
180mg
Energy (Cal)
70
350
Caffeine
41mg
205mg
* Percentage Daily Intakes are based on an average adult diet of 8700 kJ. Your daily intakes may be higher or lower depending on your energy needs.","REDUCED FAT MILK, SUGAR, COFFEE (1%), MILK SOLIDS.",https://www.coles.com.au/product/ice-break-iced-coffee-triple-shot-750ml-8224533,,,2024-06-17T17:07:01.411924-04:00
"Ind54SColes_ADairy, Eggs & Fridge_SADairy, chilled & frozen_IGreat Ocean Road Fresh Skim Milk | 2L",Great Ocean Road Fresh Skim Milk | 2L,Great Ocean Road,"Dairy, Eggs & Fridge","Dairy, chilled & frozen",Milk & eggs,,$4.50,,,"$2.25 per 1L
Was $4.70 on Apr 2024",9321047,"Taste the goodness of dairy with Great Ocean Road Skim MilkBorn on the Great Ocean Road in Victoria, our products are made with 100% Australian milk sourced predominately from farmers in South West Victoria.- Skim Milk",,,"Per 100g/ml
Per Serving
%DI
Energy
150kJ
375kJ
Protein
3.6g
9g
Total Fat
<0.1g
0.3g
Saturated Fat
<0.1g
<0.3g
Carbohydrate
5.2g
13g
Sugars
4.9g
12.3g
Calcium
124mg
310mg
39%
Sodium
38mg
95mg
* Percentage Daily Intakes are based on an average adult diet of 8700 kJ. Your daily intakes may be higher or lower depending on your energy needs.",Pasterised Milk,https://www.coles.com.au/product/great-ocean-road-fresh-skim-milk-2l-9321047,,,2024-06-17T17:07:12.506430-04:00
"Ind54SColes_ADairy, Eggs & Fridge_SAMilk_IColes Organic Full Cream Milk | 1L",Coles Organic Full Cream Milk | 1L,Coles,"Dairy, Eggs & Fridge",Milk,Specialty milk,,$2.60,,,$2.60 per 1L,3227159,"Coles certified organic products are grown and pasturised without the use of synthetic chemicals, fertilisers, pesticides, or herbicides. Organic farming uses production practices for a sustainable future",,,"Per 100g/ml
Per Serving
%DI
Energy
282.00
705.00
Protein
3.60
9.00
Total Fat
3.9
9.8
14
Carbohydrate
4.50
11.25
Sugars
4.20
10.50
Calcium
128.00
320.00
Sodium
40.00
100.00
Saturated
2.80
7.00
Energy (Cal)
67.46
168.66
Fat
3.90
9.75
Dietary Fibre (total)
0.00
0.00
* Percentage Daily Intakes are based on an average adult diet of 8700 kJ. Your daily intakes may be higher or lower depending on your energy needs.",Certified Organic Homogenised and Pasteurised Full Cream Milk.,https://www.coles.com.au/product/coles-organic-full-cream-milk-1l-3227159,,,2024-06-17T17:07:24.108158-04:00
"Ind54SColes_ADairy, Eggs & Fridge_SA_INutty Bruce Organic Almond & Coconut Milk | 1L",Nutty Bruce Organic Almond & Coconut Milk | 1L,Nutty Bruce,"Dairy, Eggs & Fridge",,,,$6.00,,,$6.00 per 1L,3187484,"Nutty Bruce Almond & Coconut Milk is a nutritious and delicious plant-powered, non-dairy milk. It's made from 100% whole organic activated almonds and organic coconut. Deliciously creamy, and with none of the thickeners and gums that you see in some almond milks. Just simple and natural ingredients.",,,"Per 100g/ml
Per Serving
%DI
Energy
176kJ
440kJ
Protein
<1g
1.8g
Total Fat
1.7g
4.1g
Saturated Fat
<1g
1.8g
Carbohydrate
6.1g
15.1g
Sugars
2.7g
6.6g
Sodium
37mg
93mg
* Percentage Daily Intakes are based on an average adult diet of 8700 kJ. Your daily intakes may be higher or lower depending on your energy needs.",,https://www.coles.com.au/product/nutty-bruce-organic-almond-and-coconut-milk-1l-3187484,,,2024-06-17T17:07:35.942689-04:00
"Ind54SColes_ADairy, Eggs & Fridge_SAMilk_IA2 Dairy Light Milk | 3L",A2 Dairy Light Milk | 3L,A2,"Dairy, Eggs & Fridge",Milk,Skim & low fat milk,,$9.90,,,$3.30 per 1L,4182384,"a2 Milk is no ordinary milk!

It is real milk that may be easier on digestion for some people*.

As the number 1 producer of A1 protein free milk in Australia, our purpose is to pioneer the future of dairy for good.


For more information on the a2 Milk difference visit www.a2milk.com.au

*a2 Milk comes from cows specially selected to naturally produce milk with only the A2-type beta-casein protein so may be easier on digestion than ordinary milk for some milk intolerant individuals when consumed as part of a healthy, varied diet.
All natural with no additives, this delicious and creamy lite fresh milk contains just 1.3g of fat per 100ml

Easier on digestion for some**a2 Milk comes from cows specially selected to naturally produce milk with only the A2-type beta-casein protein so may be easier on digestion than regular milk for some milk intolerant individuals when consumed as part of a healthy, varied diet.

Naturally all A2-type beta-casein protein type, and no A1Some people may be sensitive to a protein called A1 beta-casein commonly found in milk.

The perfect milk for all occasions! Use a2 Milk in tea and coffee, baking, cooking, with cereal, with cookies, or simply enjoy on its own.

a2 Milk has been proudly partnering with Landcare Australia since 2017 to support our farmers with initiatives to protect, enhance and restore the natural environment

Good source of calcium.

Contains Protein.",,,"Per 100g/ml
Per Serving
%DI
Energy
189kJ
473kJ
0
Protein
3.3g
8.3g
0
Total Fat
1.3g
3.3g
0
Saturated Fat
0.9g
2.3g
0
Carbohydrate
5.2g
13.0g
0
Sugars
5.2g
13.0g
0
Calcium
117mg
293mg
36.00%
Sodium
48mg
120mg
0
Monounsaturated
0
0
0
Energy (Cal)
45 Cal
113 Cal
0
Dietary Fibre (total)
0
0
0
Polyunsaturated
0
0
0
Potassium
150mg
375mg
0
Trans
0
0
0
* Percentage Daily Intakes are based on an average adult diet of 8700 kJ. Your daily intakes may be higher or lower depending on your energy needs.",,https://www.coles.com.au/product/a2-dairy-light-milk-3l-4182384,,,2024-06-17T17:07:47.291546-04:00
"Ind54SColes_ADairy, Eggs & Fridge_SA_IBabushka's Probiotic Kefir Yoghurt Organic Natural | 750mL",Babushka's Probiotic Kefir Yoghurt Organic Natural | 750mL,Babushkas,"Dairy, Eggs & Fridge",,,,$6.20,,,$0.83 per 100g,5658209,,,,,,https://www.coles.com.au/product/babushka's-probiotic-kefir-yoghurt-organic-natural-750ml-5658209,,,2024-06-17T17:07:56.430009-04:00
"Ind54SColes_ADairy, Eggs & Fridge_SAMilk_IPauls Farmhouse Gold Full Cream Milk | 1.5L",Pauls Farmhouse Gold Full Cream Milk | 1.5L,Pauls,"Dairy, Eggs & Fridge",Milk,Full cream milk,,$4.40,,,$2.93 per 1L,2750602,"Farmhouse Gold is perfect for those who love the traditional taste of real milk. Made with fresh wholesome milk from Australian farms, Farmhouse Gold Full Cream has a deliciously rich, extra creamy taste you will savour. Milk, the way it was meant to be. ",,,"Per 100g/ml
Per Serving
%DI
Energy
317 kJ
792 kJ
Protein
3.4g
8.5g
Total Fat
4.7g
11.8g
Saturated Fat
3.1g
7.7g
Carbohydrate
4.8g
12g
Sugars
4.8g
12g
Calcium
123mg
307mg
38%
Sodium
41mg
102mg
Energy (Cal)
76 Cal
189 Cal
* Percentage Daily Intakes are based on an average adult diet of 8700 kJ. Your daily intakes may be higher or lower depending on your energy needs.",,https://www.coles.com.au/product/pauls-farmhouse-gold-full-cream-milk-1.5l-2750602,,,2024-06-17T17:08:07.554593-04:00
"Ind54SColes_ADairy, Eggs & Fridge_SABeverages_IArkadia Spice Chai Tea | 240g",Arkadia Spice Chai Tea | 240g,Arkadia,"Dairy, Eggs & Fridge",Beverages,Coffee & tea,,$6.30,,,"$2.63 per 100g
Was $7.00 on Apr 2024",7490189,,,,,,https://www.coles.com.au/product/arkadia-spice-chai-tea-240g-7490189,,,2024-06-17T17:08:16.560532-04:00
"Ind54SColes_ADairy, Eggs & Fridge_SAMilk_IA2 Dairy Full Cream Milk | 2L",A2 Dairy Full Cream Milk | 2L,A2,"Dairy, Eggs & Fridge",Milk,Full cream milk,,$6.90,,,$3.45 per 1L,9760091,"a2 Milk is no ordinary milk!

It is real milk that may be easier on digestion for some people*.

As the number 1 producer of A1 protein free milk in Australia, our purpose is to pioneer the future of dairy for good.


For more information on the a2 Milk difference visit www.a2milk.com.au

*a2 Milk comes from cows specially selected to naturally produce milk with only the A2-type beta-casein protein so may be easier on digestion than ordinary milk for some milk intolerant individuals when consumed as part of a healthy, varied diet.
All natural with no additives, this delicious and creamy fresh milk with less than 4g of fat per 100mL

Easier on digestion for some**a2 Milk comes from cows specially selected to naturally produce milk with only the A2-type beta-casein protein so may be easier on digestion than regular milk for some milk intolerant individuals when consumed as part of a healthy, varied diet.

Naturally all A2-type beta-casein protein type, and no A1Some people may be sensitive to a protein called A1 beta-casein commonly found in milk.

The perfect milk for all occasions! Use a2 Milk in tea and coffee, baking, cooking, with cereal, with cookies, or simply enjoy on its own.

a2 Milk has been proudly partnering with Landcare Australia since 2017 to support our farmers with initiatives to protect, enhance and restore the natural environment

Good source of calcium.

Contains Protein.",,,"Per 100g/ml
Per Serving
%DI
Energy
275kJ
688kJ
0
Protein
3.3g
8.3g
0
Total Fat
3.5g
8.8g
0
Saturated Fat
2.4g
6.0g
0
Carbohydrate
5.0g
12.5g
0
Sugars
4.7g
11.8g
0
Calcium
109mg
273mg
34.0%
Sodium
33mg
83mg
0
Monounsaturated
0
0
0
Energy (Cal)
65 Cal
163 Cal
0
Dietary Fibre (total)
0
0
0
Polyunsaturated
0
0
0
Potassium
147mg
368mg
0
Trans
0
0
0
* Percentage Daily Intakes are based on an average adult diet of 8700 kJ. Your daily intakes may be higher or lower depending on your energy needs.",Milk,https://www.coles.com.au/product/a2-dairy-full-cream-milk-2l-9760091,,,2024-06-17T17:08:27.888439-04:00
"Ind54SColes_ADairy, Eggs & Fridge_SAMilk_IColes Lactose Free Lite Milk | 1L",Coles Lactose Free Lite Milk | 1L,Coles,"Dairy, Eggs & Fridge",Milk,Specialty milk,,$3.10,,,$3.10 per 1L,3187597,Our Lactose Free Lite Milk has all the goodness of fresh cow's milk but without the Lactose,,,"Per 100g/ml
Per Serving
%DI
Energy
189
472
5
Protein
3.2
8.0
16
Total Fat
1.2
3.0
4
Saturated Fat
0.90
2.25
Carbohydrate
5.3
13.3
4
Sugars
5.00
12.50
Calcium
116
290
lactose
NOT DETECTED
NOT DETECTED
Lactose
NOT DETECTED
NOT DETECTED
Sodium
36
90
4
Energy (Cal)
45
113
Dietary Fibre (total)
0.00
0.00
Galactose
2.5
6.3
* Percentage Daily Intakes are based on an average adult diet of 8700 kJ. Your daily intakes may be higher or lower depending on your energy needs.",,https://www.coles.com.au/product/coles-lactose-free-lite-milk-1l-3187597,,,2024-06-17T17:08:38.792479-04:00
"Ind54SColes_ADairy, Eggs & Fridge_SAMilk_IRokeby Farms Fitmilk Lactose Free | 1L",Rokeby Farms Fitmilk Lactose Free | 1L,Rokeby Farms,"Dairy, Eggs & Fridge",Milk,Specialty milk,,$3.20,,,$3.20 per 1L,5610155,"FitMilk is the perfect nutritional balance of 100% fresh Aussie milk that is lactose free, with 50% more protein and 50% less sugar. Giving you more of what you need, and less of what you don't.",,,"Per 100g/ml
Per Serving
%DI
Energy
269kJ
672kJ
Protein
5g
12.5g
Total Fat
3.8g
9.5g
Saturated Fat
2.5g
6.3g
Carbohydrate
2.5g
6.3g
Sugars
2.3g
5.8g
Calcium
140mg
350mg
Sodium
30mg
75mg
Magnesium
10mg
25mg
Potassium
120mg
300mg
* Percentage Daily Intakes are based on an average adult diet of 8700 kJ. Your daily intakes may be higher or lower depending on your energy needs.",,https://www.coles.com.au/product/rokeby-farms-fitmilk-lactose-free-1l-5610155,,,2024-06-17T17:08:49.822733-04:00
"Ind54SColes_ADairy, Eggs & Fridge_SAMilk_IColes Dairy Full Cream Milk | 1L",Coles Dairy Full Cream Milk | 1L,Coles,"Dairy, Eggs & Fridge",Milk,Full cream milk,,$1.60,,,$1.60 per 1L,9052681,"Coles Australian dairy fresh full cream milk 1L. Better Together with Australian Farmers The hard work and dedicated spirit of dairy farmers is embedded in the fabric of our country. That's why Coles is proud to directly partner with dairy farmers in New South Wales offering longer term agreements and helping farmers better plan for their future. We know each and every farmer we source our milk from and that's what makes us better together. The fresh, creamy goodness of milk is a source of protein and is rich in calcium for healthy teeth and bones. Enjoy the nourishment of Coles milk every day",,,"Per 100g/ml
Per Serving
%DI
Energy
260
650
7
Protein
3.4
8.5
17
Total Fat
3.3
8.3
12
Saturated Fat
2.4
6.0
25
Carbohydrate
4.7
11.8
4
Sugars
4.7
11.8
13
Calcium
125
313
Sodium
38
95
4
Energy (Cal)
62
155
Dietary Fibre (total)
0.00
0.00
* Percentage Daily Intakes are based on an average adult diet of 8700 kJ. Your daily intakes may be higher or lower depending on your energy needs.",,https://www.coles.com.au/product/coles-dairy-full-cream-milk-1l-9052681,,,2024-06-17T17:09:01.846057-04:00
"Ind54SColes_ADairy, Eggs & Fridge_SAMilk_IDairy Farmers Buttermilk | 600mL",Dairy Farmers Buttermilk | 600mL,Dairy Farmers,"Dairy, Eggs & Fridge",Milk,Specialty milk,,$3.05,,,$5.08 per 1L,252739,"Take your cooking to the next level with Dairy Farmers Buttermilk. When buttermilk is combined with either self-raising flour or baking soda it creates aeration resulting in great tasting, light and fluffy baking!

Proudly Australian owned, made and loved.

Each serve of Dairy Farmers buttermilk is a good source of calcium.

With 4.5 health stars, Dairy Farmers Buttermilk is ideal for cooking. Consume as part of a balanced diet. ",,,"Per 100g/ml
Per Serving
%DI
Energy
215kJ
538kJ
6.0%
Protein
3.6g
9.0g
18.0%
Total Fat
1.8g
4.5g
6.0%
Saturated Fat
1.2g
3.0g
13.0%
Carbohydrate
5.1g
12.8g
4.0%
Sugars
5.1g
12.8g
14.000000000000002%
Calcium
128mg
320mg
Sodium
46mg
115mg
5.0%
Energy (Cal)
96Cal
128Cal
* Percentage Daily Intakes are based on an average adult diet of 8700 kJ. Your daily intakes may be higher or lower depending on your energy needs.",,https://www.coles.com.au/product/dairy-farmers-buttermilk-600ml-252739,,,2024-06-17T17:09:13.465026-04:00
"Ind54SColes_ADairy, Eggs & Fridge_SAMilk_IA2 Lactose Free Full Cream Milk | 2L",A2 Lactose Free Full Cream Milk | 2L,A2,"Dairy, Eggs & Fridge",Milk,Specialty milk,,$6.90,,$7.30,$3.45 per 1L,5458210,"This full cream milk comes from 100% Australian cows and is a great lactose free option. As the number 1 producer of A1 protein free milk in Australia, our purpose is to pioneer the future of dairy for good.

For more information on the a2 Milk difference visit www.a2milk.com.au
This delicious and creamy fresh milk contains just 3.5g of fat per 100mL

Lactose Free Milk is easy to digest for people with intolerance or sensitivity to lactose**a2 Milk Lactose Freemay be easy to digestcompared to ordinarymilk for some peoplewho are sensitive tolactose, when consumedas part of a healthy,varied diet.

Naturally all A2-type beta-casein protein type, and no A1Some people may be sensitive to a protein called A1 beta-casein commonly found in milk.

The perfect milk for all occasions! Use a2 Milk in tea and coffee, baking, cooking, with cereal, with cookies, or simply enjoy on its own.

a2 Milk has been proudly partnering with Landcare Australia since 2017 to support our farmers with initiatives to protect, enhance and restore the natural environment

Good source of calcium.

The only naturally A1 protein free milk that is also lactose free!.",,,"Per 100g/ml
Per Serving
%DI
Energy
267kJ
671kJ
0
Protein
3.3g
8.3g
0
Total Fat
3.5g
8.8g
0
Saturated Fat
2.4g
6.0g
0
Carbohydrate
4.8g
12.0g
0
Sugars
4.8g
12.0g
0
Calcium
109mg
273mg
34.00%
Lactose
Not Detected
Not Detected
0
Sodium
40mg
100mg
0
Monounsaturated
0
0
0
Energy (Cal)
64 Cal
160 Cal
0
Dietary Fibre (total)
0.0g
0.0g
0
Polyunsaturated
0
0
0
Galactose
2.4g
6.0g
0
Potassium
147mg
368mg
0
Trans
0
0
0
* Percentage Daily Intakes are based on an average adult diet of 8700 kJ. Your daily intakes may be higher or lower depending on your energy needs.",,https://www.coles.com.au/product/a2-lactose-free-full-cream-milk-2l-5458210,,,2024-06-17T17:09:24.823352-04:00
"Ind54SColes_ADairy, Eggs & Fridge_SAMilk_IDare Lactose Free Double Expresso Flav Milk | 500mL",Dare Lactose Free Double Expresso Flav Milk | 500mL,Dare,"Dairy, Eggs & Fridge",Milk,Milk flavoured,,$3.30,,$4.15,$6.60 per 1L,6264843,"Made with real Arabica & Robusta coffee and fresh lactose free milk, Dare Iced Coffee Double Espresso  offers an easy to digest coffee kick without the cafe queue!
Proudly Australian owned, made and loved, it's Australia's market leading Iced Coffee.

Dare Iced Coffee proudly works with Rainforest Alliance to only use coffee beans that have been grown and harvested in a sustainable way from certified farms and forests.

When you choose dare, you can be confident that you are helping to improve farmers' livelihoods and protect our natural resources.",,,"Per 100g/ml
Per Serving
%DI
Energy
335kJ
1680kJ
19.00%
Protein
3.4g
17.0g
34.00%
Total Fat
3.5g
17.5g
25.00%
Saturated Fat
2.2g
11.0g
46.00%
Carbohydrate
8.7g
43.5g
14.00%
Sugars
7.9g
39.5g
44.00%
Calcium
117mg
585mg
Lactose
Not Detected
Not Detected
>1
Sodium
41mg
205mg
9.00%
Monounsaturated
>1
>1
>1
Energy (Cal)
80Cal
400Cal
>1
Dietary Fibre (total)
0.0g
0.0g
0.00%
Polyunsaturated
>1
>1
>1
Galactose
2.3g
11.5g
>1
Trans
>1
>1
>1
Caffeine
32mg
160mg
>1
* Percentage Daily Intakes are based on an average adult diet of 8700 kJ. Your daily intakes may be higher or lower depending on your energy needs.",,https://www.coles.com.au/product/dare-lactose-free-double-expresso-flav-milk-500ml-6264843,,,2024-06-17T17:09:35.876217-04:00
"Ind54SColes_ADairy, Eggs & Fridge_SAMilk_IBoss Iced Long Black Coffee | 237mL",Boss Iced Long Black Coffee | 237mL,Boss,"Dairy, Eggs & Fridge",Milk,Milk flavoured,,$3.50,,$4.00,$14.77 per 1L,3762710,"We have finally brought Suntory BOSS Coffee to Australia and New Zealand, and with it, our uniquely Japanese brewing process, Flash Brew. These products may be somewhat new to Australia and New Zealand, but originate from a storied 25-year-long-long legacy of masterful expertise.",,,"Per 100g/ml
Per Serving
%DI
Energy
8.4kJ
19.8kJ
0.2%
Protein
<1g
<1g
0%
Total Fat
0g
0g
0%
Saturated Fat
0g
0g
0%
Carbohydrate
<1g
1.4g
0%
Sugars
0g
0g
0%
Sodium
18mg
43mg
2%
Energy (Cal)
2kcal
4.7kcal
* Percentage Daily Intakes are based on an average adult diet of 8700 kJ. Your daily intakes may be higher or lower depending on your energy needs.",,https://www.coles.com.au/product/boss-iced-long-black-coffee-237ml-3762710,,,2024-06-17T17:09:46.996670-04:00
"Ind54SColes_ADairy, Eggs & Fridge_SAMilk_IPauls Skinny Low Fat Free | 2L",Pauls Skinny Low Fat Free | 2L,Pauls,"Dairy, Eggs & Fridge",Milk,Skim & low fat milk,,$5.40,,,$2.70 per 1L,5260188,"At Pauls, we love dairy. We're pretty passionate about making great tasting products packed with real dairy goodness. We put that devotion into every Pauls milk, cream, custard and yoghurt we make.
Pauls Skinny Milk is a natural source of protein, vitamins and minerals essential for good health.

As part of a healthy diet, Pauls Skinny Milk reduces your body's cholesterol level and it tastses great!
(Reduces blood cholesterol levels as part of a healthy diet that is low in saturated fats).
Reduces cholesterol

High calcium

Good Source of protein

Good Source of Riboflavin (B2)

Made from Australian Milk",,,"Per 100g/ml
Per Serving
%DI
Energy
175kJ
438kJ
Protein
4.1g
10.3g
Total Fat
0.1g
0.3g
Saturated Fat
0.1g
0.3g
Carbohydrate
6.0g
15.0g
Sugars
6.0g
15.0g
Vitamin B2
0.2 mg
0.5 mg
29% RDI
Calcium
148 mg
370 mg
46% RDI*
Iron
0
0
Vitamin A
0
0
Coenzyme Q10
0
0
Vitamin E
0
0
Vitamin C
0
0
Dietary Fibre (total)
0.0g
0.0g
Omega - 6
0
0
Magnesium
0
0
Selenium
0
0
Copper
0
0
Trans
0.0g
0.0g
Iodine
0
0
Bioflavoids
0
Folic Acid
0
0
Biotin
0
0
Molybdenum
0
0.0.
Zinc
0
0
Sodium
46mg
115mg
Choline
0
0
Monounsaturated
0.0g
0.0g
Chromium
0
0
Polyunsaturated
0.0g
0.0g
Potassium
0
0
Manganese
0
0
* Percentage Daily Intakes are based on an average adult diet of 8700 kJ. Your daily intakes may be higher or lower depending on your energy needs.",,https://www.coles.com.au/product/pauls-skinny-low-fat-free-2l-5260188,,,2024-06-17T17:09:58.159719-04:00
"Ind54SColes_ADairy, Eggs & Fridge_SA_IColes Lite Reduced Fat Milk | 2L",Coles Lite Reduced Fat Milk | 2L,Coles,"Dairy, Eggs & Fridge",,,,$3.10,,,$1.55 per 1L,8379529,"Coles Australian Dairy Lite Reduced Fat Milk 2L. Better Together with Australian Farmers The hard work and dedicated spirit of dairy farmers is embedded in the fabric of our country. That's why Coles is proud to directly partner with dairy farmers in New South Wales offering longer term agreements and helping farmers better plan for their future. We know each and every farmer we source our milk from and that's what makes us better together. The fresh, creamy goodness of milk is a source of protein and is rich in calcium for healthy teeth and bones. Enjoy the nourishment of Coles milk every day",,,"Per 100g/ml
Per Serving
%DI
Energy
188
469
5
Saturated Fat
LESS THAN 1g
2.3
10
Sodium
36.80
92.00
Dietary Fibre (total)
0.00
0.00
* Percentage Daily Intakes are based on an average adult diet of 8700 kJ. Your daily intakes may be higher or lower depending on your energy needs.",,https://www.coles.com.au/product/coles-lite-reduced-fat-milk-2l-8379529,,,2024-06-17T17:10:10.028640-04:00
"Ind54SColes_ADairy, Eggs & Fridge_SAMilk_IRokeby Farms Protein Smoothie Double Espresso | 425mL",Rokeby Farms Protein Smoothie Double Espresso | 425mL,Rokeby Farms,"Dairy, Eggs & Fridge",Milk,Milk flavoured,,$4.65,,,$10.94 per 1L,6258498,,,,,,https://www.coles.com.au/product/rokeby-farms-protein-smoothie-double-espresso-425ml-6258498,,,2024-06-17T17:10:18.839706-04:00
"Ind54SColes_ADairy, Eggs & Fridge_SAMilk_ITable Of Plenty Kefir Natural Yoghurt | 1Kg",Table Of Plenty Kefir Natural Yoghurt | 1Kg,Table Of Plenty,"Dairy, Eggs & Fridge",Milk,Probiotic milk,,$8.90,,,$0.89 per 100g,2917923,"Table of Plenty Probiotic Kefir Natural Yoghurt is a slow-fermented pourable kefir yoghurt. With 10 culture strains and over 90 billion+ live cultures in every serve, it's a delicious way to create a healthier, happier gut.
Pleasantly tart with a hint of natural fizz, our live Natural Probiotic Kefir is made with fresh milk from grass-fed Gippsland cow's milk with no milk powders, just as nature intended.
Being traditionally slow fermented means all the good bits stay inside the bottle. Because our live Probiotic kefir is made with fresh milk and is slow-fermented, it can get a little lumpy (just like life)! Simply give it a good shake to make it deliciously creamy again!
Enjoy as a great alternative to milk and yogurt and is perfectly paired with all your favourite breakfasts. You can use kefir on its own as a nutritious drink, add it to smoothies, dollop onto your favourite muesli or use it in recipes such as pancakes the options are endless.
90+ billion live friendly bacterial
10 culture strains
Fresh Milk Kefir
Slow fermented
No added sugar",,,,"Fresh Milk, Live Cultures, Live Probiotic Cultures",https://www.coles.com.au/product/table-of-plenty-kefir-natural-yoghurt-1kg-2917923,,,2024-06-17T17:10:27.927662-04:00
"Ind54SColes_ADairy, Eggs & Fridge_SAMilk_IThe Complete Dairy High Protein Full Cream Milk | 1L",The Complete Dairy High Protein Full Cream Milk | 1L,The Complete Dairy,"Dairy, Eggs & Fridge",Milk,Full cream milk,,$3.60,,,$3.60 per 1L,2589981,"Our cold filtration process naturally increases whole protein and reduces lactose to create a nutritious and delicious milk. Complete Dairy does not contain any powders so you can enjoy the taste and goodness of real milk. 

Loaded with 15g of natural protein in every 250 mL cup, Complete Dairy helps keep you feeling fuller for longer* and is great for muscle recovery and bone health as part of a balanced diet. Complete Dairy is a natural fit to help you reach your health and fitness goals. 

4.5 Health Star Rating. 

Complete Diary Milk is proudly Australian owned, made and loved.

^Contains 70% more protein and 25% less lactose vs regular full cream milk with 3.4% protein and 4.4% lactose.

*Compared to low protein foods
High Protein

70% higher in protein

25% lower in Lactose

Healthy Milk

Fresh milk

Full Cream milk.",,,"Per 100g/ml
Per Serving
%DI
Energy
284kJ
710kJ
8.0%
Protein
6.0g
15.0g
30.0%
Total Fat
3.4g
8.5g
12.0%
Saturated Fat
2.4g
6.0g
25.0%
Carbohydrate
3.3g
8.3g
3.0%
Sugars
3.3g
8.3g
9.0%
Vitamin B2
172mg
0.43mg
Calcium
172mg
430mg
Vitamin B12
0.80ug
2.00ug
Lactose
3.3g
8.3g
Sodium
27mg
68mg
3.0%
Energy (Cal)
68Cal
170Cal
Dietary Fibre (total)
0g
0g
Magnesium
13mg
33mg
Galactose
0g
0g
Potassium
113mg
283mg
Vitamin B5
0.20mg
0.50mg
Iodine
24ug
60ug
* Percentage Daily Intakes are based on an average adult diet of 8700 kJ. Your daily intakes may be higher or lower depending on your energy needs.",,https://www.coles.com.au/product/the-complete-dairy-high-protein-full-cream-milk-1l-2589981,,,2024-06-17T17:10:39.599863-04:00
"Ind54SColes_ADairy, Eggs & Fridge_SAMilk_IBig M Coffee Flavoured Milk | 600mL",Big M Coffee Flavoured Milk | 600mL,Big M,"Dairy, Eggs & Fridge",Milk,Milk flavoured,,$3.30,,$3.70,$5.50 per 1L,3034268,"Big day?

With protein, energy & electrolytes fuel up with Big M!

Pasteurised Reduced Fat Iced Coffee Flavoured Milk (25% less fat vs regular fat flavoured milk with 3.4% fat).

No artificial colours, flavours or sweeteners.

No preservatives.
Pasteurised reduced fat (47% less fat vs. regular fat flavoured milk with 3.4% fat.).

No preservatives.",,,,,https://www.coles.com.au/product/big-m-coffee-flavoured-milk-600ml-3034268,,,2024-06-17T17:10:49.030810-04:00
"Ind54SColes_ADairy, Eggs & Fridge_SAMilk_IYakult Gluten Free Fermented Milk Drink 10 pack | 65mL",Yakult Gluten Free Fermented Milk Drink 10 pack | 65mL,Yakult,"Dairy, Eggs & Fridge",Milk,Probiotic milk,,$7.70,,,$11.85 per 1L,8133824,"Yakult is a refreshing fermented milk drink containing 6.5 billion of its unique probiotic, the Lactobacillus casei Shirota strain, proven to survive strong stomach acids to reach your intestines alive.
- no artificial colours
- low fat
- no preservatives
- gluten free
- Made fresh in Australia daily
- low lactose
For everybody, every day.",,,"Per 100g/ml
Per Serving
%DI
Energy
323kJ
210kJ
Protein
1.3g
0.8g
Total Fat
<0.1g
<0.1g
Saturated Fat
<0.1g
<0.1g
Carbohydrate
17.7g
11.5g
Sugars
17.2g
11.2g
Sodium
15.5mg
10.1mg
* Percentage Daily Intakes are based on an average adult diet of 8700 kJ. Your daily intakes may be higher or lower depending on your energy needs.",,https://www.coles.com.au/product/yakult-gluten-free-fermented-milk-drink-10-pack-65ml-8133824,,,2024-06-17T17:11:01.205961-04:00
"Ind54SColes_ADairy, Eggs & Fridge_SA_IRokeby Farms Probiotic Blueberry | 750g",Rokeby Farms Probiotic Blueberry | 750g,Rokeby Farms,"Dairy, Eggs & Fridge",,,,$4.00,,$5.00,$0.53 per 100g,7161449,,,,"Per 100g/ml
Per Serving
%DI
Energy
314kJ
785kJ
Protein
3.2g
8g
Total Fat
3.4g
8.5g
Saturated Fat
2.3g
5.7g
Carbohydrate
7.5g
18.8g
Sugars
5.9g
14.7g
Calcium
115mg
288mg
Sodium
32mg
80mg
* Percentage Daily Intakes are based on an average adult diet of 8700 kJ. Your daily intakes may be higher or lower depending on your energy needs.",,https://www.coles.com.au/product/rokeby-farms-probiotic-blueberry-750g-7161449,,,2024-06-17T17:11:13.291779-04:00
"Ind54SColes_ADairy, Eggs & Fridge_SA_IIce Break Iced Coffee Lactose Free | 500mL",Ice Break Iced Coffee Lactose Free | 500mL,Ice Break,"Dairy, Eggs & Fridge",,,,$4.10,,,$8.20 per 1L,5605213,"Grab your real coffee recharge with Ice Break, now without the lactose so it's easy to digest. Made with 2 shots of real coffee, fresh Zymil Lactose Free milk and no added flavours, Ice Break Lactose Free delivers a real caffeine kick so you''re ready for whatever the day throws at you.
Real Coffee

Lactose Free

Real Coffee Recharge

Aussie Milk

Australian Made",,,"Per 100g/ml
Per Serving
%DI
Energy
281kJ
1405kJ
Protein
3.5g
17.5g
Total Fat
1.6g
8.0g
Saturated Fat
1.0g
5.0g
Carbohydrate
9.6g
48.0g
Sugars
9.1g
45.5g
Calcium
119 mg
595 mg
Sodium
51mg
255mg
Dietary Fibre (total)
0.0
0.0
Caffeine
28 mg
140 mg
* Percentage Daily Intakes are based on an average adult diet of 8700 kJ. Your daily intakes may be higher or lower depending on your energy needs.",,https://www.coles.com.au/product/ice-break-iced-coffee-lactose-free-500ml-5605213,,,2024-06-17T17:11:24.592509-04:00
"Ind54SColes_ADairy, Eggs & Fridge_SAMilk_IBoss Double Espresso Coffee | 237mL",Boss Double Espresso Coffee | 237mL,Boss,"Dairy, Eggs & Fridge",Milk,Milk flavoured,,$3.50,,$4.00,$14.77 per 1L,4476727,"Suntory BOSS Coffee Iced Double Espresso with a dash of milk. A Brazilian blend coffee. Brewed hot or chilled fast. No. 1 canned coffee in Japan (intage, 2020).",,,"Per 100g/ml
Per Serving
%DI
Energy
155kJ
367kJ
4%
Protein
<1g
1.9g
4%
Total Fat
<1g
1.4g
2%
Saturated Fat
<1g
<1g
3%
Carbohydrate
7.1g
16.8g
5%
Sugars
6.2g
14.6g
16%
Sodium
50mg
120mg
5%
Energy (Cal)
37.0kcal
87.7kcal
* Percentage Daily Intakes are based on an average adult diet of 8700 kJ. Your daily intakes may be higher or lower depending on your energy needs.",,https://www.coles.com.au/product/boss-double-espresso-coffee-237ml-4476727,,,2024-06-17T17:11:36.830448-04:00
"Ind54SColes_ADairy, Eggs & Fridge_SAMilk_IDevondale Full Cream Milk | 2L",Devondale Full Cream Milk | 2L,Devondale,"Dairy, Eggs & Fridge",Milk,Full cream milk,,$4.40,,,$2.20 per 1L,1913790,"Devondale rich and creamy, fresh full cream milk. A natural source of essential nutrients, including prosperous, magnesium, potassium and vitamin B12 making it a great source of nutrition.- Delicious and creamy full cream milk- High in Calcium- Source of Protein- No preservatives- Homogenised and Pasteurised Milk",,,"Per 100g/ml
Per Serving
%DI
Energy
266kJ
650kJ
Protein
3.4g
8.8g
Total Fat
3.3g
8.3g
Saturated Fat
2.3g
5.8g
Carbohydrate
4.6g
11.5g
Sugars
4.6g
11.5g
Calcium
123mg
308mg
38%
Sodium
36mg
90mg
* Percentage Daily Intakes are based on an average adult diet of 8700 kJ. Your daily intakes may be higher or lower depending on your energy needs.",,https://www.coles.com.au/product/devondale-full-cream-milk-2l-1913790,,,2024-06-17T17:11:49.076507-04:00
"Ind54SColes_ADairy, Eggs & Fridge_SAMilk_IDairy Farmers Heart Active Milk | 1L",Dairy Farmers Heart Active Milk | 1L,Dairy Farmers,"Dairy, Eggs & Fridge",Milk,Specialty milk,,$3.90,,,$3.90 per 1L,7258880,"Proudly Australian owned, made & loved.

HeartActive milk tastes delicious, making it the simple and easy way to help manage your cholesterol. Good news for your body, great news for your tastebuds.

Enjoy HeartActive milk on your cereal, in tea and coffee, in a delicious fruit smoothie or in cooking. 

5 health star rating. 

Proud supporters of our Australian dairy farming communities for over 120 years, choose high quality, nutritious and delicious milk from Dairy Farmers.

Studies show that consuming milk with plant sterols every day, like HeartActive, can reduce LDL cholesterol after a minimum of three weeks. The highest study reported an average reduction of greater than 10%, and the overall reduction across these studies was 8.53%. Results may vary depending on personal circumstances. For best results, enjoy 2g of plant sterols (2-3 serves of HeartActive milk), as part of a healthy diet, low in saturated fat. More than 3 serves a day provides no additional health benefits. For children under the age of five, pregnant or lactating women and people taking cholesterol-lowering medication, doctor's advice should be sought before using HeartActive, due to their special dietary needs.
Australian milk

Fresh milk

From Australian farmers

Healthy Milk, Rich in calcium, Low fat

Natural source of protein

High quality, nutritious and delicious milk.

Plant sterols.

Reduces cholesterol.",,,"Per 100g/ml
Per Serving
%DI
Energy
174kJ
435kJ
5.0%
Protein
3.3g
8.3g
17.0%
Total Fat
1.0g
2.5g
4.0%
Saturated Fat
0.5g
1.2g
5.0%
Carbohydrate
4.8g
12.0g
4.0%
Sugars
4.8g
12.0g
13.0%
Calcium
123mg
308mg
Sodium
45mg
113mg
5.0%
Monounsaturated
0.2g
0.5g
Energy (Cal)
42Cal
104Cal
Polyunsaturated
0.2g
0.5g
Trans
<0.1g
<0.1g
* Percentage Daily Intakes are based on an average adult diet of 8700 kJ. Your daily intakes may be higher or lower depending on your energy needs.","Low Fat Milk, Plant Sterol Esters (Plant Sterols 0.32%) (contains Soy), Emulsifier (471).",https://www.coles.com.au/product/dairy-farmers-heart-active-milk-1l-7258880,,,2024-06-17T17:12:01.563835-04:00
"Ind54SColes_ADairy, Eggs & Fridge_SA_IYakult Fermented Probiotic Milk 5 pack | 65mL",Yakult Fermented Probiotic Milk 5 pack | 65mL,Yakult,"Dairy, Eggs & Fridge",,,,$4.00,,,$12.31 per 1L,5484243,"Yakult is a refreshing fermented milk drink containing 6.5 billion of its unique probiotic, the Live Shirota strain, proven to survive strong stomach acids to reach your intestines alive, for digestive balance and intestinal health.
- no artificial colours
- low fat
- no preservatives
- gluten free
- Made fresh in Australia daily
- low lactose
For everybody, every day.",,,"Per 100g/ml
Per Serving
%DI
Energy
323kJ
210kJ
Protein
1.3g
0.8g
Total Fat
<0.1g
<0.1g
Saturated Fat
<0.1g
<0.1g
Carbohydrate
17.7g
11.5g
Sugars
17.2g
11.2g
Sodium
15.5mg
10.1mg
* Percentage Daily Intakes are based on an average adult diet of 8700 kJ. Your daily intakes may be higher or lower depending on your energy needs.",,https://www.coles.com.au/product/yakult-fermented-probiotic-milk-5-pack-65ml-5484243,,,2024-06-17T17:12:13.769984-04:00
"Ind54SColes_ADairy, Eggs & Fridge_SAMilk_IIce Break Iced Coffee Strong Espresso + Protein | 500mL",Ice Break Iced Coffee Strong Espresso + Protein | 500mL,Ice Break,"Dairy, Eggs & Fridge",Milk,Milk flavoured,,$4.10,,,$8.20 per 1L,7850783,"Stronger for longer. Ice Break Strong Espresso combines 3 shots of roasted robusta coffee with Aussie milk, and contains 25 g protein per serve.
Iced Coffee

High protein

3 shots

Real coffee

Made from Aussie milk",,,"Per 100g/ml
Per Serving
%DI
Energy
318 kJ
1540 kJ
Protein
5.0 g
25.0 g
Total Fat
1.7 g
8.5 g
Saturated Fat
1.1 g
5.5 g
Carbohydrate
10.0 g
50.0 g
Sugars
9.2 g
46.0 g
Calcium
172 mg
860 mg
107%
Sodium
70 mg
350 mg
Caffeine
42 mg
210 mg
* Percentage Daily Intakes are based on an average adult diet of 8700 kJ. Your daily intakes may be higher or lower depending on your energy needs.",,https://www.coles.com.au/product/ice-break-iced-coffee-strong-espresso-+-protein-500ml-7850783,,,2024-06-17T17:12:26.669894-04:00
"Ind54SColes_ADairy, Eggs & Fridge_SAMilk_IOak Chocolate Flavoured Milk | 600mL",Oak Chocolate Flavoured Milk | 600mL,Oak,"Dairy, Eggs & Fridge",Milk,Milk flavoured,,$3.90,Pick any 2 for $5,,$6.50 per 1L,13079,"What's hungythirsty? It's a state of weak indecision where you're neither hungry nor thirsty but a bit of both. Kill two birds with one steel meteorite of OAK milk - it's full strength, full flavour, full on. With over 50 years' experience and a choice of rich, creamy and authentic flavours, OAK is always the answer.",,,"Per 100g/ml
Per Serving
%DI
Energy
376 kJ
1130 kJ
Protein
3.5 g
10.5 g
Total Fat
3.4 g
10.2 g
Saturated Fat
2.2 g
6.6 g
Carbohydrate
11.0 g
33.0 g
Sugars
10.6 g
31.8 g
Calcium
115 mg
345 mg
43%
Sodium
50 mg
150 mg
* Percentage Daily Intakes are based on an average adult diet of 8700 kJ. Your daily intakes may be higher or lower depending on your energy needs.",,https://www.coles.com.au/product/oak-chocolate-flavoured-milk-600ml-13079,,,2024-06-17T17:12:39.289738-04:00
"Ind54SColes_ADairy, Eggs & Fridge_SAMilk_IPauls Physical Hi Calcium Low Fat Milk Carton | 1L",Pauls Physical Hi Calcium Low Fat Milk Carton | 1L,Pauls,"Dairy, Eggs & Fridge",Milk,Skim & low fat milk,,$3.60,,,$3.60 per 1L,368584,"At Pauls, we love dairy. We're pretty passionate about making great tasting products packed with real dairy goodness. We put that devotion into every Pauls milk, cream, custard and yoghurt we make. 

Pauls PhysiCAL Milk has 40% more calcium* than regular milk, plus added Vitamin D to aid calcium absorption. Just 2 glasses of PhysiCAL provides 100% of your daily calcium requirements.",,,"Per 100g/ml
Per Serving
%DI
Energy
235kJ
588kJ
Protein
5.7g
14
Total Fat
1.4g
3.5g
Saturated Fat
0.9g
2.3g
Carbohydrate
5.1g
12.8g
Sugars
5.1g
12.8g
Sodium
37mg
93mg
Energy (Cal)
56Cal
141Cal
* Percentage Daily Intakes are based on an average adult diet of 8700 kJ. Your daily intakes may be higher or lower depending on your energy needs.",,https://www.coles.com.au/product/pauls-physical-hi-calcium-low-fat-milk-carton-1l-368584,,,2024-06-17T17:12:50.374858-04:00
"Ind54SColes_ADairy, Eggs & Fridge_SADairy, chilled & frozen_IChobani Oat Milk Chocolate | 1L",Chobani Oat Milk Chocolate | 1L,Chobani,"Dairy, Eggs & Fridge","Dairy, chilled & frozen",Milk & eggs,,$4.00,,,"$4.00 per 1L
Was $5.00 on Apr 2024",5638610,"Delicious chocolately taste made from real cocoa. 
Mix in a blender for an instant milkshake.
Heat up for your very own dairy free hot chocolate.
Good source of calcium.",,,"Per 100g/ml
Per Serving
%DI
Energy
264kJ
661kJ
Protein
0.8g
2.0g
Total Fat
2.5g
6.3g
Saturated Fat
0.3g
0.8g
Carbohydrate
9.3g
23.3g
Sugars
7.0g
17.5g
Calcium
120mg
300mg (38% RDI*)
Sodium
52mg
130mg
Energy (Cal)
63Cal
158Cal
Dietary Fibre (total)
<0.5g
<0.5g
* Percentage Daily Intakes are based on an average adult diet of 8700 kJ. Your daily intakes may be higher or lower depending on your energy needs.",,https://www.coles.com.au/product/chobani-oat-milk-chocolate-1l-5638610,,,2024-06-17T17:13:01.770397-04:00
"Ind54SColes_ADairy, Eggs & Fridge_SAHealth Foods Sports Nutrition & Diet_IAmazonia Isolate Chocolate Coconut Raw Protein Powder | 390g",Amazonia Isolate Chocolate Coconut Raw Protein Powder | 390g,Amazonia,"Dairy, Eggs & Fridge",Health Foods Sports Nutrition & Diet,Nutrition Powders,,$28.80,,$36.00,$7.38 per 100g,4304368,"Amazonia Raw Protein Isolate is a market leader Certified Organic, vegan protein offering a complete amino acid profile. This gentle formula has been designed for easy digestion and is enhanced with plant-based digestive enzyme, Bromelain, for premium bioavailability. With over 80% organic sprouted and fermented protein, Raw Protein Isolate has been specifically formulated with a blend of golden pea and brown rice to provide a complete amino acid profile. Increase your daily protein intake and support muscle repair and tissue repair with this delicious formula.",,,"Per 100g/ml
Per Serving
%DI
Energy
1630kJ
490kJ
Protein
390g
20.9g
Total Fat
69.7g
2.5g
Saturated Fat
8.3g
0.7g
Carbohydrate
8.9g
2.7g
Sugars
2.9g
0.9g
Sodium
980mg
294mg
Iron
39.7mg
11.9mg
99%
Zinc
5mg
1.5mg
12%
* Percentage Daily Intakes are based on an average adult diet of 8700 kJ. Your daily intakes may be higher or lower depending on your energy needs.",,https://www.coles.com.au/product/amazonia-isolate-chocolate-coconut-raw-protein-powder-390g-4304368,,,2024-06-17T17:13:12.450037-04:00
"Ind54SColes_ADairy, Eggs & Fridge_SAMilk_IOak Plus No Added Sugar Chocolate Flavoured Milk + Protein | 500mL",Oak Plus No Added Sugar Chocolate Flavoured Milk + Protein | 500mL,Oak,"Dairy, Eggs & Fridge",Milk,Milk flavoured,,$4.00,,,$8.00 per 1L,3900642,"You're sweating hungrythirsty from the eyeballs. Time for an OAK Plus. It's a full strength full on protein punch to the jugular of hungrythirsty that'll wake your spaghetti legs from their siesta. No sugar added? It's proof that even with one fist tied behind its back, OAK still kills hungrythirsty dead.
30g dairy protein

No sugar added

Muscle recovery",,,"Per 100g/ml
Per Serving
%DI
Energy
259kJ
1295kJ
Protein
6.0g
30.0g
Total Fat
1.4g
7.0g
Saturated Fat
0.9g
4.5g
Carbohydrate
5.6g
28.0g
Sugars
5.3g
26.5g
Calcium
185mg
925mg
116% RDI*
Sodium
78mg
390mg
Dietary Fibre (total)
0.9g
4.5g
* Percentage Daily Intakes are based on an average adult diet of 8700 kJ. Your daily intakes may be higher or lower depending on your energy needs.","Skim Milk, Milk, Milk Solids, Polydextrose, Cocoa Powder (1%), Flavours, Salt, Colours (155, 133), Stabiliser (407), Sweeteners (950, 955).",https://www.coles.com.au/product/oak-plus-no-added-sugar-chocolate-flavoured-milk-+-protein-500ml-3900642,,,2024-06-17T17:13:24.842579-04:00
"Ind54SColes_ADairy, Eggs & Fridge_SAMilk_IPura Full Cream Milk | 2L",Pura Full Cream Milk | 2L,Pura,"Dairy, Eggs & Fridge",Milk,Full cream milk,,$4.30,,,$2.15 per 1L,5477930,"Rich, creamy and nutritious, PURA Full Cream Milk naturally provides 8 essential nutrients to support a healthy mind and body: 

Protein - for muscle growth and repair 
Calcium and phosphorous - for strong bones and teeth 
Iodine and vitamin B5 - for healthy brain and cognitive function 
Potassium - for muscle function and hydration 
Vitamin B2 and B12 - for energy maintenance and immune support 

Consume as part of a varied diet.

4 health star rating. 

Proudly Australian owned and supporting local Australian dairy farming communities, choose high quality, nutritious and delicious milk from PURA.
Australian milk

Fresh milk

From Australian farmers

Rich in calcium

Natural source of protein

High quality.

Nutritious and delicious milk.",,,"Per 100g/ml
Per Serving
%DI
Energy
256kJ
640kJ
7%
Protein
3.2g
8.0g
16%
Total Fat
3.4g
8.5g
12%
Saturated Fat
2.2g
5.5g
23%
Carbohydrate
4.5g
11.3g
4%
Sugars
4.5g
11.3g
13%
Vitamin B2
0.15mg
0.38mg
22% RDI*
Calcium
111mg
278mg
35% RDI*
Vitamin B12
0.32ug
0.80ug
40% RDI*
Sodium
43mg
108mg
5%
Energy (Cal)
61Cal
153Cal
Potassium
143mg
358mg
Vitamin B5
0.28mg
0.70mg
14% RDI*
Iodine
17ug
43ug
28% RDI*
* Percentage Daily Intakes are based on an average adult diet of 8700 kJ. Your daily intakes may be higher or lower depending on your energy needs.",,https://www.coles.com.au/product/pura-full-cream-milk-2l-5477930,,,2024-06-17T17:13:37.105301-04:00
"Ind54SColes_ADairy, Eggs & Fridge_SA_IPauls Smarter White Milk 2% Fat Full Cream Taste | 3L",Pauls Smarter White Milk 2% Fat Full Cream Taste | 3L,Pauls,"Dairy, Eggs & Fridge",,,,$6.95,,,$2.32 per 1L,9759886,"At Pauls, we love dairy. We're pretty passionate about making great tasting products packed with real dairy goodness. We put that devotion into every Pauls milk, cream, custard and yoghurt we make. Pauls Smarter White has all the benefits of a reduced fat milk without having to compromise on taste. With the rich, creamy taste of full cream milk, Pauls Smarter White contains only 2% fat.
Full cream taste

Only 2% fat",,,"Per 100g/ml
Per Serving
%DI
Energy
236kJ
590kJ
Protein
3.8g
9.5g
Total Fat
2.0g
5.0g
Saturated Fat
1.3g
3.3g
Carbohydrate
5.9g
14.8g
Sugars
5.9g
14.8g
Sodium
44mg
110mg
* Percentage Daily Intakes are based on an average adult diet of 8700 kJ. Your daily intakes may be higher or lower depending on your energy needs.","Reduced fat milk (2.0% fat), Milk Solids.",https://www.coles.com.au/product/pauls-smarter-white-milk-2percent-fat-full-cream-taste-3l-9759886,,,2024-06-17T17:13:48.526865-04:00
"Ind54SColes_ADairy, Eggs & Fridge_SA_IBig M Chocolate Flavoured Milk | 300mL",Big M Chocolate Flavoured Milk | 300mL,Big M,"Dairy, Eggs & Fridge",,,,$1.90,,$2.50,$6.33 per 1L,3034406,,,,,,https://www.coles.com.au/product/big-m-chocolate-flavoured-milk-300ml-3034406,,,2024-06-17T17:13:58.680906-04:00
"Ind54SColes_ADairy, Eggs & Fridge_SAMilk_IPauls Farmhouse Gold Cream On Top Milk | 1.5L",Pauls Farmhouse Gold Cream On Top Milk | 1.5L,Pauls,"Dairy, Eggs & Fridge",Milk,Specialty milk,,$4.40,,,$2.93 per 1L,2917967,"Farmhouse Gold is traditional wholesome milk with a layer of cream on top. It's Perfect for those who love the rich, creamy taste of real milk. Made with fresh, premium milk from Australian farms, Farmhouse Gold has a delicious, velvety taste you will savour. Milk, the way it was meant to be be.
Extra Creamy Milk",,,"Per 100g/ml
Per Serving
%DI
Energy
317 kJ
792 kJ
Protein
3.4g
8.5g
Total Fat
4.7g
11.8g
Saturated Fat
3.1g
7.8g
Carbohydrate
4.8g
12g
Sugars
4.8
12g
Sodium
123 mg
102 mg
Energy (Cal)
76 Cal
189 Cal
* Percentage Daily Intakes are based on an average adult diet of 8700 kJ. Your daily intakes may be higher or lower depending on your energy needs.","Full cream milk, cream (from milk)",https://www.coles.com.au/product/pauls-farmhouse-gold-cream-on-top-milk-1.5l-2917967,,,2024-06-17T17:14:10.957232-04:00
"Ind54SColes_ADairy, Eggs & Fridge_SAMilk_IDare Mocha Flavoured Milk | 500mL",Dare Mocha Flavoured Milk | 500mL,Dare,"Dairy, Eggs & Fridge",Milk,Milk flavoured,,$3.30,,$4.15,$6.60 per 1L,3033957,"Forgot you drove to work and caught the train home?

...A Dare Fix'll Fix It!

Made with real Robusta & Arabica coffee, chocolate flavour and fresh milk. A mocha that can't be mocked!
Robusta & Arabica Coffee

Made with Fresh Milk

Australian Made

A Dare Fix'll fix it

Mocha chocolate flavour

A Dare Iced Coffee kick.",,,"Per 100g/ml
Per Serving
%DI
Energy
368kJ
1840kJ
21%
Protein
3.3g
16.5g
33%
Total Fat
3.5g
17.5g
25%
Saturated Fat
2.2g
11.0g
46%
Carbohydrate
10.7g
53.5g
17%
Sugars
10.2g
51.0g
56%
Calcium
113mg
565mg
71% RDI*
Sodium
44mg
220mg
10%
Caffeine
25mg
125mg
* Percentage Daily Intakes are based on an average adult diet of 8700 kJ. Your daily intakes may be higher or lower depending on your energy needs.","Fresh Milk, Sugar, Coffee Powder (0.57%) ( Robusta, Arabica), Cocoa Powder (0.27%), Flavours, Vegetable Gum (407).",https://www.coles.com.au/product/dare-mocha-flavoured-milk-500ml-3033957,,,2024-06-17T17:14:23.523481-04:00
"Ind54SColes_ADairy, Eggs & Fridge_SAMilk_IHunt & Brew Brazil Iced Coffee | 400mL",Hunt & Brew Brazil Iced Coffee | 400mL,Hunt&Brew,"Dairy, Eggs & Fridge",Milk,Milk flavoured,,$3.95,,$4.95,$9.88 per 1L,2918303,"Like a Brazilian harpy eagle that picks and swoops its prey, that's how we feel about choosing the right coffee bean - single minded in the pursuit of the perfect brew. We've hunted the globe and found the finest single origin coffee beans. Our travels have taken us to the Cerrado region of Brazil where the soil, climate and altitude produce a clean bean that has nutty and bright citrus notes, with a caramel finish. Locally roasted and ground to profile, Hunt and Brew coffee is slowly brewed and triple filtered for maximum flavour extraction. Finally, we cut the brew with fresh Australian full cream milk, and nothing more.

Where are our beans from?
The characteristics of Cerrado coffee beans are informed by the region's special terroir.
With rich soils and high altitudes, Cerrado produces a clean bean that translates into a well-balanced coffee in body and acidity.
The region's moderate continental climate adds to a robust growing season, which is reflected in our Hunt and Brew Brazil blend.",,,"Per 100g/ml
Per Serving
%DI
Energy
180 kJ
720 kJ
9%
Protein
2.4g
9.6g
19%
Total Fat
2.2g
8.8g
13%
Saturated Fat
1.5g
6.0g
25%
Carbohydrate
3.5g
14g
5%
Sugars
1.6g
6.4g
7%
Sodium
27 mg
108 mg
5%
* Percentage Daily Intakes are based on an average adult diet of 8700 kJ. Your daily intakes may be higher or lower depending on your energy needs.","Full Cream Milk, Cold Brewed Coffee (30%), [Water, Roasted Brazilian Coffee Grounds].",https://www.coles.com.au/product/hunt-and-brew-brazil-iced-coffee-400ml-2918303,,,2024-06-17T17:14:35.114510-04:00
"Ind54SColes_ADairy, Eggs & Fridge_SAMilk_IColes Pro Live Fermented Probiotic Drink | 5 pack",Coles Pro Live Fermented Probiotic Drink | 5 pack,Coles,"Dairy, Eggs & Fridge",Milk,Probiotic milk,,$3.35,,,$0.67 per 1ea,8870550,Sleeve:Contains live Lactobacillus casei cultures. (Lactobacillus casei in italics)99% Fat Free . Gluten FreeBottle:Probiotic Fermented Drink,,,"Per 100g/ml
Per Serving
%DI
Energy
286.55
174.8
Protein
1.1
0.67
Total Fat
0.05
0.03
Carbohydrate
15.6
9.52
Sugars
14.6
8.91
Sodium
8.6
5.25
Saturated
0.1
0.06
Energy (Cal)
68.55
41.82
Dietary Fibre (total)
0.1
0.06
Gluten
0
0
* Percentage Daily Intakes are based on an average adult diet of 8700 kJ. Your daily intakes may be higher or lower depending on your energy needs.",,https://www.coles.com.au/product/coles-pro-live-fermented-probiotic-drink-5-pack-8870550,,,2024-06-17T17:14:46.154635-04:00
"Ind54SColes_ADairy, Eggs & Fridge_SAMilk_IBoss Coffee Rainbow Mountain Blend | 179mL",Boss Coffee Rainbow Mountain Blend | 179mL,Boss,"Dairy, Eggs & Fridge",Milk,Milk flavoured,,$3.50,,$4.00,$19.55 per 1L,7076849,"Flash Brew

Boss Coffee Rainbow Mountain Blend is our famous blend in Japan, crafter primarily with Guatemalan Rainbow Mountain beans to create a uniquely balanced coffee. 

Rainbow Mountain beans quality certified by Anacafe 
Details at bosscoffeeanz.com

Guatemalan coffees",,,"Per 100g/ml
Per Serving
%DI
Energy
156kJ
280kJ
0
Protein
Less than 1g
1.4g
0
Total Fat
Less than 1g
Less than 1g
0
Saturated Fat
Less than 1g
Less than 1g
0
Carbohydrate
7.3g
13.1g
0
Sugars
6.3g
11.3g
0
Sodium
49mg
87mg
0
Monounsaturated
0
0
0
Energy (Cal)
37Cal
67Cal
0
Dietary Fibre (total)
0
0
0
Polyunsaturated
0
0
0
Trans
0
0
0
* Percentage Daily Intakes are based on an average adult diet of 8700 kJ. Your daily intakes may be higher or lower depending on your energy needs.","Coffee (83%) {Water, Brewed Coffee (47%) [Water, Coffee Bean (4.3%), Coffee Extract (0.7%)]}, Milk (11%), Sugar, Skim Milk Powder (0.5%), Acidity Regulator (500), Sodium Caseinate (Milk), Emulsifier (473), Flavours.",https://www.coles.com.au/product/boss-coffee-rainbow-mountain-blend-179ml-7076849,,,2024-06-17T17:14:58.142476-04:00
"Ind54SColes_ADairy, Eggs & Fridge_SAMilk_IAustralia's Own Unsweetened Organic Coconut Milk | 1L",Australia's Own Unsweetened Organic Coconut Milk | 1L,Australias Own,"Dairy, Eggs & Fridge",Milk,Specialty milk,,$3.20,,,$3.20 per 1L,3019210,"Australian Natural Goodness

We believe Australia is packed full of nature's good stuff... from hiking in the bush, to strolling down a beach and wiggling your toes in the sand.

Australia's Own is all about the power of nature, nurturing us on the inside and feeling good on the outside. We only use pure and simple certified organic ingredients, 100% Australian made!

Our range of products is the way nature intended... simply good for you!


Organic farming, doing good for the planet.

- Chemical-free from synthetic herbicides and pesticides, growing cleaner food and saving our waterways.

- Sustainable farming systems promoting greater biodiversity.

- GMO's are prohibited on organic farms, ensuring methods of production are as close as nature intended.
Organic authenticity

No added sugar",,,"Per 100g/ml
Per Serving
%DI
Energy
74kJ
185kJ
2%
Protein
0.1g
0.3g
1%
Total Fat
1.8g
5.0g
7%
Saturated Fat
1.4g
4.8g
20%
Carbohydrate
0.2g
0.5g
0%
Sugars
0.1g
0.5g
1%
Cholesterol
Not detected
Not detected
Not detected
Lactose
Not detected
Not detected
Not detected
Sodium
44mg
111mg
5%
Monounsaturated
<0.1g
<0.1g
Energy (Cal)
18cal
45cal
Dietary Fibre (total)
<0.5g
<0.5g
1%
Polyunsaturated
<0.1g
<0.1g
Galactose
Not detected
Not detected
Not detected
Gluten
Not detected
Not detected
Not detected
Trans
<0.1g
<0.1g
* Percentage Daily Intakes are based on an average adult diet of 8700 kJ. Your daily intakes may be higher or lower depending on your energy needs.",,https://www.coles.com.au/product/australia's-own-unsweetened-organic-coconut-milk-1l-3019210,,,2024-06-17T17:15:10.279466-04:00
"Ind54SColes_ADairy, Eggs & Fridge_SATea_IArkadia Spice Chai Tea Sachets 20 pack | 400g",Arkadia Spice Chai Tea Sachets 20 pack | 400g,Arkadia,"Dairy, Eggs & Fridge",Tea,Chai,,$13.00,,,$0.65 per 1ea,3452610,"Our family has been crafting chai over 25 years, so you might say we know a thing or two about the perfect blend.
Warm up with a mug of Arkadia signature chai spice. Boldly fragrant and deliciously creamy, let our secret family recipe take you on a journey.
98% Fat Free when made according to directions using water or skim milk.
Contains no artificial colours, sweeteners or preservatives.",,,"Per 100g/ml
Per Serving
%DI
Energy
194kJ
372kJ
Protein
0.2g
0.4g
Total Fat
1.3g
2.4g
Saturated Fat
1.2g
2.4g
Carbohydrate
8.4g
16.2g
Sugars
6g
11.5g
Sodium
30mg
58mg
* Percentage Daily Intakes are based on an average adult diet of 8700 kJ. Your daily intakes may be higher or lower depending on your energy needs.",,https://www.coles.com.au/product/arkadia-spice-chai-tea-sachets-20-pack-400g-3452610,,,2024-06-17T17:56:09.408447-04:00
"Ind54SColes_ADairy, Eggs & Fridge_SAMilk_ISt. Ali Original Iced Coffee | 480mL",St. Ali Original Iced Coffee | 480mL,St Ali,"Dairy, Eggs & Fridge",Milk,Milk flavoured,,$6.00,,,$12.50 per 1L,7069388,"Welcome back Iced Coffee. We've missed you and cannot get enough of your sweet, creamy goodness. The return of a classic, we've brought back our OG Iced Coffee, with a few upgrades. Mixing ST. ALi coffee with rich, creamy Australian milk, you'll be drinking this all summer long.",,,,"Full Cream Milk 76%, Coffee 21%, Brown Sugar, Emulsifier E471, Stabiliser E40, Acidity regulator E339.",https://www.coles.com.au/product/st.-ali-original-iced-coffee-480ml-7069388,,,2024-06-17T22:27:53.631629-04:00
"Ind54SColes_ADairy, Eggs & Fridge_SAMilk_IDairy Farmers No Added Sugar Chocolate Flavoured Milk | 500mL",Dairy Farmers No Added Sugar Chocolate Flavoured Milk | 500mL,Dairy Farmers,"Dairy, Eggs & Fridge",Milk,Milk flavoured,,$3.30,,$3.90,$6.60 per 1L,3762720,"From Aussie farms for your family to enjoy - the Dairy Farmers brand has a rich heritage dating back to 1900. We're proud to honour the generous spirit of our farming communities by continuing to bring high quality and nutritious dairy products across milk, flavoured yoghurt, flavoured milk and culinary products .
No Sugar Added
Proudly Aussie made and owned
Made with fresh Australian milk
Milk is a natural source of protein
Rich in calcium
Enjoy as part of a healthy and balanced diet.
Made in Australia from at least 98% Australian ingredients.",,,"Per 100g/ml
Per Serving
%DI
Energy
230kJ
1150kJ
13.00%
Protein
3.2g
16.0g
32.00%
Total Fat
2.5g
12.5g
18.00%
Saturated Fat
1.6g
8.0g
33.00%
Carbohydrate
4.9g
24.5g
8.00%
Sugars
4.4g
22.0g
25.00%
Calcium
115mg
575mg
72% RDI*
Sodium
44mg
220mg
10.00%
Energy (Cal)
55Cal
275Cal
Dietary Fibre (total)
0g
0g
* Percentage Daily Intakes are based on an average adult diet of 8700 kJ. Your daily intakes may be higher or lower depending on your energy needs.","Fresh reduced fat milk, cocoa powder (1%), natural flavours, vegetable gum (carrageenan), sweeteners (950, 951).",https://www.coles.com.au/product/dairy-farmers-no-added-sugar-chocolate-flavoured-milk-500ml-3762720,,,2024-06-17T22:28:05.133240-04:00
"Ind54SColes_ADairy, Eggs & Fridge_SAMilk_IA2 Full Cream Milk | 3L",A2 Full Cream Milk | 3L,A2,"Dairy, Eggs & Fridge",Milk,Specialty milk,,$9.90,,,$3.30 per 1L,3186175,"a2 Milk is no ordinary milk!

It is real milk that may be easier on digestion for some people*.

As the number 1 producer of A1 protein free milk in Australia, our purpose is to pioneer the future of dairy for good.


For more information on the a2 Milk difference visit www.a2milk.com.au

*a2 Milk comes from cows specially selected to naturally produce milk with only the A2-type beta-casein protein so may be easier on digestion than ordinary milk for some milk intolerant individuals when consumed as part of a healthy, varied diet.
All natural with no additives, this delicious and creamy fresh milk with less than 4g of fat per 100mL

Easier on digestion for some**a2 Milk comes from cows specially selected to naturally produce milk with only the A2-type beta-casein protein so may be easier on digestion than regular milk for some milk intolerant individuals when consumed as part of a healthy, varied diet.

Naturally all A2-type beta-casein protein type, and no A1Some people may be sensitive to a protein called A1 beta-casein commonly found in milk.

The perfect milk for all occasions! Use a2 Milk in tea and coffee, baking, cooking, with cereal, with cookies, or simply enjoy on its own.

a2 Milk has been proudly partnering with Landcare Australia since 2017 to support our farmers with initiatives to protect, enhance and restore the natural environment

Good source of calcium.

Contains Protein.",,,"Per 100g/ml
Per Serving
%DI
Energy
275kJ
688kJ
0
Protein
3.3g
8.3g
0
Total Fat
3.5g
8.8g
0
Saturated Fat
2.4g
6.0g
0
Carbohydrate
5.0g
12.5g
0
Sugars
4.7g
11.8g
0
Calcium
109mg
273mg
34.00%
Sodium
33mg
83mg
0
Monounsaturated
0
0
0
Energy (Cal)
65 Cal
163 Cal
0
Dietary Fibre (total)
0
0
0
Polyunsaturated
0
0
0
Potassium
147mg
368mg
0
Trans
0
0
0
* Percentage Daily Intakes are based on an average adult diet of 8700 kJ. Your daily intakes may be higher or lower depending on your energy needs.",,https://www.coles.com.au/product/a2-full-cream-milk-3l-3186175,,,2024-06-17T22:28:17.330064-04:00
"Ind54SColes_ADairy, Eggs & Fridge_SAMilk_IFirst Press Cold Drip 10 Shot Coffee | 500mL",First Press Cold Drip 10 Shot Coffee | 500mL,First Press,"Dairy, Eggs & Fridge",Milk,Milk flavoured,,$12.95,,,$25.90 per 1L,3506265,"Say hello to the big boy. Made with 100% organic, single origin coffee beans from Honduras our original cold drip will dazzle you. With chocolate and red fruit notes its rich and strong with a light and smooth finish. ",,,,,https://www.coles.com.au/product/first-press-cold-drip-10-shot-coffee-500ml-3506265,,,2024-06-17T22:28:27.952455-04:00
"Ind54SColes_ADairy, Eggs & Fridge_SA_IPauls Physical Hi Calcium Low Fat Milk Carton | 1L",Pauls Physical Hi Calcium Low Fat Milk Carton | 1L,Pauls,"Dairy, Eggs & Fridge",,,,$3.60,,,$3.60 per 1L,368584,"At Pauls, we love dairy. We're pretty passionate about making great tasting products packed with real dairy goodness. We put that devotion into every Pauls milk, cream, custard and yoghurt we make. 

Pauls PhysiCAL Milk has 40% more calcium* than regular milk, plus added Vitamin D to aid calcium absorption. Just 2 glasses of PhysiCAL provides 100% of your daily calcium requirements.",,,"Per 100g/ml
Per Serving
%DI
Energy
235kJ
588kJ
Protein
5.7g
14
Total Fat
1.4g
3.5g
Saturated Fat
0.9g
2.3g
Carbohydrate
5.1g
12.8g
Sugars
5.1g
12.8g
Sodium
37mg
93mg
Energy (Cal)
56Cal
141Cal
* Percentage Daily Intakes are based on an average adult diet of 8700 kJ. Your daily intakes may be higher or lower depending on your energy needs.",Pasteurised Ultrafiltered Low Fat Milk with added Vitamin D,https://www.coles.com.au/product/pauls-physical-hi-calcium-low-fat-milk-carton-1l-368584,,,2024-06-17T22:28:39.869098-04:00
"Ind54SColes_ADairy, Eggs & Fridge_SAMilk_IIce Break Iced Coffee Regular Strength | 750mL",Ice Break Iced Coffee Regular Strength | 750mL,Ice Break,"Dairy, Eggs & Fridge",Milk,Milk flavoured,,$4.00,,$5.10,$5.33 per 1L,9695364,"Nothing quite satisfies like an ice cold Ice Break Regular Strength.
Made with real coffee, real milk and no added flavours to deliver a real caffeine kick.",,,"Per 100g/ml
Per Serving
%DI
Energy
289kJ
1445kJ
Protein
3.3g
16.5g
Total Fat
1.6g
5.0g
Saturated Fat
1.0g
5.0g
Carbohydrate
10.3g
51.5g
Sugars
9.8g
49.0g
Calcium
109mg
545mg
68% RDI*
Sodium
37mg
185mg
Energy (Cal)
69
345
Caffeine
29mg
145mg
* Percentage Daily Intakes are based on an average adult diet of 8700 kJ. Your daily intakes may be higher or lower depending on your energy needs.",,https://www.coles.com.au/product/ice-break-iced-coffee-regular-strength-750ml-9695364,,,2024-06-17T22:28:51.168750-04:00
"Ind54SColes_ADairy, Eggs & Fridge_SATea_IArkadia Spice Chai Tea Sachets 20 pack | 400g",Arkadia Spice Chai Tea Sachets 20 pack | 400g,Arkadia,"Dairy, Eggs & Fridge",Tea,Chai,,$13.00,,,$0.65 per 1ea,3452610,"Our family has been crafting chai over 25 years, so you might say we know a thing or two about the perfect blend.
Warm up with a mug of Arkadia signature chai spice. Boldly fragrant and deliciously creamy, let our secret family recipe take you on a journey.
98% Fat Free when made according to directions using water or skim milk.
Contains no artificial colours, sweeteners or preservatives.",,,"Per 100g/ml
Per Serving
%DI
Energy
194kJ
372kJ
Protein
0.2g
0.4g
Total Fat
1.3g
2.4g
Saturated Fat
1.2g
2.4g
Carbohydrate
8.4g
16.2g
Sugars
6g
11.5g
Sodium
30mg
58mg
* Percentage Daily Intakes are based on an average adult diet of 8700 kJ. Your daily intakes may be higher or lower depending on your energy needs.",,https://www.coles.com.au/product/arkadia-spice-chai-tea-sachets-20-pack-400g-3452610,,,2024-06-17T22:29:03.918901-04:00
"Ind54SColes_ADairy, Eggs & Fridge_SABeverages_IArkadia Spice Chai Tea | 240g",Arkadia Spice Chai Tea | 240g,Arkadia,"Dairy, Eggs & Fridge",Beverages,Coffee & tea,,$6.30,,,"$2.63 per 100g
Was $7.00 on Apr 2024",7490189,,,,,,https://www.coles.com.au/product/arkadia-spice-chai-tea-240g-7490189,,,2024-06-17T22:29:12.790974-04:00
"Ind54SColes_ADairy, Eggs & Fridge_SAMilk_IDare Espresso Flavoured Milk | 500mL",Dare Espresso Flavoured Milk | 500mL,Dare,"Dairy, Eggs & Fridge",Milk,Milk flavoured,,$3.30,,$4.15,$6.60 per 1L,3033935,"TOOK YOUR CAT TO THE DOG PARK?
A DARE FIX'LL FIX IT.

Dare Iced Coffee Espresso is made with real Robusta & Arabica coffee and fresh milk. A big coffee kick without the big cafe queue!

Aussie Owned, Made & Loved

Made with Fresh Australian Milk

Real Rainforest Alliance Certified Arabica & Robusta Coffee

Working with the Rainforest Alliance to support coffee farmers and their communities",,,"Per 100g/ml
Per Serving
%DI
Energy
341kJ
1705kJ
20.0%
Protein
3.4g
17.0g
34.0%
Total Fat
3.5g
17.5g
25.0%
Saturated Fat
2.2g
11.0g
46.0%
Carbohydrate
9.0g
45.0g
15.0%
Sugars
8.7g
43.5g
48.0%
Calcium
123mg
615mg
77% RDI*
Sodium
43mg
215mg
9.0%
Caffeine
16mg
80mg
* Percentage Daily Intakes are based on an average adult diet of 8700 kJ. Your daily intakes may be higher or lower depending on your energy needs.",,https://www.coles.com.au/product/dare-espresso-flavoured-milk-500ml-3033935,,,2024-06-17T22:29:24.421616-04:00
"Ind54SColes_ADairy, Eggs & Fridge_SAMilk_IAnnie's Orchard Unsweetened Oat Milk | 1L",Annie's Orchard Unsweetened Oat Milk | 1L,Annies Orchard,"Dairy, Eggs & Fridge",Milk,Soy & almond milk,,$3.30,,,$3.30 per 1L,6450214,"Annie's Orchard Unsweetened Oat Milk is made from 100% Aussie oats, sourced from local farmers and growers.",,,"Per 100g/ml
Per Serving
%DI
Energy
224kJ
560kJ
6%
Protein
1g
2.5g
5%
Total Fat
1.9g
4.8g
7%
Saturated Fat
0.3g
0.8g
3%
Carbohydrate
8.1g
20.3g
7%
Sugars
1.4g
3.5g
4%
Calcium
80mg
200mg
25%
Sodium
39mg
98mg
4%
Dietary Fibre (total)
3.5g
8.8g
29%
* Percentage Daily Intakes are based on an average adult diet of 8700 kJ. Your daily intakes may be higher or lower depending on your energy needs.",,https://www.coles.com.au/product/annie's-orchard-unsweetened-oat-milk-1l-6450214,,,2024-06-17T22:29:37.681608-04:00
"Ind54SColes_ADairy, Eggs & Fridge_SAMilk_IIce Break Iced Coffee Regular Strength | 750mL",Ice Break Iced Coffee Regular Strength | 750mL,Ice Break,"Dairy, Eggs & Fridge",Milk,Milk flavoured,,$4.00,,$5.10,$5.33 per 1L,9695364,"Nothing quite satisfies like an ice cold Ice Break Regular Strength.
Made with real coffee, real milk and no added flavours to deliver a real caffeine kick.",,,"Per 100g/ml
Per Serving
%DI
Energy
289kJ
1445kJ
Protein
3.3g
16.5g
Total Fat
1.6g
5.0g
Saturated Fat
1.0g
5.0g
Carbohydrate
10.3g
51.5g
Sugars
9.8g
49.0g
Calcium
109mg
545mg
68% RDI*
Sodium
37mg
185mg
Energy (Cal)
69
345
Caffeine
29mg
145mg
* Percentage Daily Intakes are based on an average adult diet of 8700 kJ. Your daily intakes may be higher or lower depending on your energy needs.","Reduced fat milk, sugar, milk solids coffee (0.5%).",https://www.coles.com.au/product/ice-break-iced-coffee-regular-strength-750ml-9695364,,,2024-06-18T01:25:04.857992-04:00
"Ind54SColes_ADairy, Eggs & Fridge_SAMilk_IA2 Full Cream Milk | 1L",A2 Full Cream Milk | 1L,A2,"Dairy, Eggs & Fridge",Milk,Full cream milk,,$3.90,,,$3.90 per 1L,9760070,"a2 Milk is no ordinary milk!

It is real milk that may be easier on digestion for some people*.

As the number 1 producer of of A1 protein free milk in Australia, our purpose is to pioneer the future of dairy for good.

For more information on the a2 Milk difference visit www.a2milk.com.au

*a2 Milk comes from cows specially selected to naturally produce milk with only the A2-type beta-casein protein so may be easier on digestion than ordinary milk for some milk intolerant individuals when consumed as part of a healthy, varied diet.

All natural with no additives, this delicious and creamy fresh milk with less than 4g of fat per 100mL

Easier on digestion for some**a2 Milk comes from cows specially selected to naturally produce milk with only the A2-type beta-casein protein so may be easier on digestion than regular milk for some milk intolerant individuals when consumed as part of a healthy, varied diet.

Naturally all A2-type beta-casein protein type, and no A1Some people may be sensitive to a protein called A1 beta-casein commonly found in milk.

The perfect milk for all occasions! Use a2 Milk in tea and coffee, smoothies, baking, cooking, with cereal, with cookies, or simply enjoy on its own.

a2 Milk has been proudly partnering with Landcare Australia since 2017 to support our farmers with initiatives to protect, enhance and restore the natural environment

Good source of calcium.

Contains Protein.",,,"Per 100g/ml
Per Serving
%DI
Energy
275kJ
688kJ
0
Protein
3.3g
8.3g
0
Total Fat
3.5g
8.8g
0
Saturated Fat
2.4g
6.0g
0
Carbohydrate
5.0g
12.5g
0
Sugars
4.7g
11.8g
0
Calcium
109mg
273mg
34.0%
Sodium
33mg
83mg
0
Monounsaturated
0
0
0
Energy (Cal)
65 Cal
163 Cal
0
Dietary Fibre (total)
0
0
0
Polyunsaturated
0
0
0
Potassium
147mg
368mg
0
Trans
0
0
0
* Percentage Daily Intakes are based on an average adult diet of 8700 kJ. Your daily intakes may be higher or lower depending on your energy needs.",,https://www.coles.com.au/product/a2-full-cream-milk-1l-9760070,,,2024-06-18T01:25:15.860354-04:00
"Ind54SColes_ADairy, Eggs & Fridge_SAMilk_IFarmhouse Gold Organic Milk | 1.5L",Farmhouse Gold Organic Milk | 1.5L,Farmhouse,"Dairy, Eggs & Fridge",Milk,Specialty milk,,$5.50,,,$3.67 per 1L,3187633,"Farmhouse Gold Organic is wholesome milk made on Australian farms free from synthetic fertilisers, pesticides and herbicides.
Extra creamy Farmhouse Gold Organic Milk has a smooth, creamy taste you will savour and is 100% certified organic.
Milk, the way, it was meant to be.
Made from 100% Australian milk.
Homogenised pasteurised organic full cream milk.",,,"Per 100g/ml
Per Serving
%DI
Energy
295
737
Protein
3.6g
9.0g
Total Fat
4.1g
10.3g
Saturated Fat
2.4g
6.0g
Carbohydrate
4.8g
12.0g
Sugars
4.8g
12.0g
Sodium
124mg
140mg
Energy (Cal)
70
176
* Percentage Daily Intakes are based on an average adult diet of 8700 kJ. Your daily intakes may be higher or lower depending on your energy needs.",,https://www.coles.com.au/product/farmhouse-gold-organic-milk-1.5l-3187633,,,2024-06-18T01:25:26.684622-04:00
"Ind54SColes_ADairy, Eggs & Fridge_SAMilk_IPauls Zymil Low Fat Milk | 1L",Pauls Zymil Low Fat Milk | 1L,Pauls,"Dairy, Eggs & Fridge",Milk,Specialty milk,,$3.90,,,$3.90 per 1L,5169596,"At Pauls, we love dairy. We're pretty passionate about making great tasting products packed with real dairy goodness. We put that devotion into every Pauls milk, cream, custard and yoghurt we make. Milk is a natural source of protein, vitamins and minerals essential for good health. Rich in calcium, Pauls Zymil is simply milk which is easy to digest (As part of a healthy and varied diet, consuming Zymil instead of regular milk helps ease digestion in those who are sensitive to lactose). Plus Pauls Zymil is lactose free and made from real milk so it has all of the natural goodness of regular milk. Lactose free, easy to digest and rich in calcium.
Low fat milk

Lactose free",,,"Per 100g/ml
Per Serving
%DI
Energy
189kJ
473kJ
Protein
3.4g
8.5g
Total Fat
1.3g
3.3g
Saturated Fat
0.8g
2.0g
Carbohydrate
4.9g
12.3g
Sugars
4.9g
12.3g
Vitamin B2
0.2mg
0.4mg
25% RDI*
Calcium
122mg
305mg
38%RDI*
Lactose
Nil
Nil
Sodium
40mg
100mg
Energy (Cal)
45Cal
113Cal
Dietary Fibre (total)
0.0g
0.0g
Galactose
2.4g
6.0g
* Percentage Daily Intakes are based on an average adult diet of 8700 kJ. Your daily intakes may be higher or lower depending on your energy needs.",,https://www.coles.com.au/product/pauls-zymil-low-fat-milk-1l-5169596,,,2024-06-18T01:25:39.524711-04:00
"Ind54SColes_ADairy, Eggs & Fridge_SA_IDairy Farmers No Added Sugar Chocolate Flavoured Milk | 500mL",Dairy Farmers No Added Sugar Chocolate Flavoured Milk | 500mL,Dairy Farmers,"Dairy, Eggs & Fridge",,,,$3.30,,$3.90,$6.60 per 1L,3762720,"From Aussie farms for your family to enjoy - the Dairy Farmers brand has a rich heritage dating back to 1900. We're proud to honour the generous spirit of our farming communities by continuing to bring high quality and nutritious dairy products across milk, flavoured yoghurt, flavoured milk and culinary products .
No Sugar Added
Proudly Aussie made and owned
Made with fresh Australian milk
Milk is a natural source of protein
Rich in calcium
Enjoy as part of a healthy and balanced diet.
Made in Australia from at least 98% Australian ingredients.",,,"Per 100g/ml
Per Serving
%DI
Energy
230kJ
1150kJ
13.00%
Protein
3.2g
16.0g
32.00%
Total Fat
2.5g
12.5g
18.00%
Saturated Fat
1.6g
8.0g
33.00%
Carbohydrate
4.9g
24.5g
8.00%
Sugars
4.4g
22.0g
25.00%
Calcium
115mg
575mg
72% RDI*
Sodium
44mg
220mg
10.00%
Energy (Cal)
55Cal
275Cal
Dietary Fibre (total)
0g
0g
* Percentage Daily Intakes are based on an average adult diet of 8700 kJ. Your daily intakes may be higher or lower depending on your energy needs.",,https://www.coles.com.au/product/dairy-farmers-no-added-sugar-chocolate-flavoured-milk-500ml-3762720,,,2024-06-18T01:25:50.353501-04:00
"Ind54SColes_ADairy, Eggs & Fridge_SAMilk_IA2 Dairy Light Milk | 3L",A2 Dairy Light Milk | 3L,A2,"Dairy, Eggs & Fridge",Milk,Skim & low fat milk,,$9.90,,,$3.30 per 1L,4182384,"a2 Milk is no ordinary milk!

It is real milk that may be easier on digestion for some people*.

As the number 1 producer of A1 protein free milk in Australia, our purpose is to pioneer the future of dairy for good.


For more information on the a2 Milk difference visit www.a2milk.com.au

*a2 Milk comes from cows specially selected to naturally produce milk with only the A2-type beta-casein protein so may be easier on digestion than ordinary milk for some milk intolerant individuals when consumed as part of a healthy, varied diet.
All natural with no additives, this delicious and creamy lite fresh milk contains just 1.3g of fat per 100ml

Easier on digestion for some**a2 Milk comes from cows specially selected to naturally produce milk with only the A2-type beta-casein protein so may be easier on digestion than regular milk for some milk intolerant individuals when consumed as part of a healthy, varied diet.

Naturally all A2-type beta-casein protein type, and no A1Some people may be sensitive to a protein called A1 beta-casein commonly found in milk.

The perfect milk for all occasions! Use a2 Milk in tea and coffee, baking, cooking, with cereal, with cookies, or simply enjoy on its own.

a2 Milk has been proudly partnering with Landcare Australia since 2017 to support our farmers with initiatives to protect, enhance and restore the natural environment

Good source of calcium.

Contains Protein.",,,"Per 100g/ml
Per Serving
%DI
Energy
189kJ
473kJ
0
Protein
3.3g
8.3g
0
Total Fat
1.3g
3.3g
0
Saturated Fat
0.9g
2.3g
0
Carbohydrate
5.2g
13.0g
0
Sugars
5.2g
13.0g
0
Calcium
117mg
293mg
36.00%
Sodium
48mg
120mg
0
Monounsaturated
0
0
0
Energy (Cal)
45 Cal
113 Cal
0
Dietary Fibre (total)
0
0
0
Polyunsaturated
0
0
0
Potassium
150mg
375mg
0
Trans
0
0
0
* Percentage Daily Intakes are based on an average adult diet of 8700 kJ. Your daily intakes may be higher or lower depending on your energy needs.",,https://www.coles.com.au/product/a2-dairy-light-milk-3l-4182384,,,2024-06-18T01:26:01.232034-04:00
"Ind54SColes_ADairy, Eggs & Fridge_SAMilk_I180 Nutrition Good Sport Chocolate | 350mL",180 Nutrition Good Sport Chocolate | 350mL,180 Nutrition,"Dairy, Eggs & Fridge",Milk,Milk flavoured,,$3.00,,,$8.57 per 1L,5101683,"Good Sport is scientifically backed for exercise recovery ^

Electrolytes to Hydrate ^
Protein to Repair ^
Energy to refuel ^

^Contains potassium and magnesium for water and electrolyte balance, protein for muscle repair, and energy for metabolism, all scientifically backed for exercise recovery. Enjoy as part of a healthy diet and active lifestyle.
Electrolytes to Hydrate

Protein to Repair

Energy to refuel

Enjoy as part of a healthy diet and active lifestyle.",,,"Per 100g/ml
Per Serving
%DI
Energy
284kJ
994kJ
11%
Protein
4.1g
14.4g
29%
Total Fat
1.8g
6.3g
9%
Saturated Fat
1.2g
4.2g
18%
Carbohydrate
8.7g
30.5g
10%
Sugars
8.6g
30.1g
33%
Vitamin B2
0.19mg
0.67mg
39%*
Sucrose
4.5g
15.8g
Calcium
133mg (3.3mmol)
466mg (11.6mmol)
58%*
Vitamin B12
0.12ug
0.42ug
21%*
Lactose
4.1g
14.4g
Sodium
30mg (1.3mmol)
105mg (4.6mmol)
5%
Energy (Cal)
68Cal
238Cal
Dietary Fibre (total)
0g
0g
0%
Magnesium
12mg (0.5mmol)
42mg (1.7mmol)
13%*
Potassium
153mg (3.9mmol)
536mg (13.7mmol)
Vitamin B5
0.40mg
1.40mg
28%*
Iodine
17ug
60ug
40%*
* Percentage Daily Intakes are based on an average adult diet of 8700 kJ. Your daily intakes may be higher or lower depending on your energy needs.","Reduced Fat Milk, Sugar, Milk Solids, Cocoa Powder (0.3%), Flavours, Vegetable Gum (Carrageenan).",https://www.coles.com.au/product/180-nutrition-good-sport-chocolate-350ml-5101683,,,2024-06-18T01:26:14.916563-04:00
"Ind54SColes_ADairy, Eggs & Fridge_SAMilk_IColes Full Cream Milk | 2L",Coles Full Cream Milk | 2L,Coles,"Dairy, Eggs & Fridge",Milk,Full cream milk,,$3.10,,,$1.55 per 1L,439693,"Coles Australian Dairy Full Cream Milk, 2L. Fresh full cream milk sourced from Australian farmers for wholesome goodness. Better together with Australian Farmers.",,,"Per 100g/ml
Per Serving
%DI
Energy
258.40
646.00
Protein
3.40
8.50
Total Fat
3.40
8.50
Carbohydrate
4.40
11.00
Sugars
4.40
11.00
Calcium
118.00
295.00
Sodium
44.00
110.00
Saturated
2.30
5.75
Energy (Cal)
61.82
154.55
Dietary Fibre (total)
0.00
0.00
* Percentage Daily Intakes are based on an average adult diet of 8700 kJ. Your daily intakes may be higher or lower depending on your energy needs.",,https://www.coles.com.au/product/coles-full-cream-milk-2l-439693,,,2024-06-18T01:26:27.034005-04:00
"Ind54SColes_ADairy, Eggs & Fridge_SAMilk_IPauls Rev Low Fat Milk | 2L",Pauls Rev Low Fat Milk | 2L,Pauls,"Dairy, Eggs & Fridge",Milk,Skim & low fat milk,,$5.30,,,$2.65 per 1L,425043,"At Pauls, we love dairy. We're pretty passionate about making great tasting products packed with real dairy goodness. We put that devotion into every Pauls milk, cream, custard and yoghurt we make.Many low fat milks have lost not only the fat, but also some important vitamins. Not so with Pauls Rev! It is low fat milk with the added goodness of Vitamins A & D.
Low fat
Vitamin A
Vitamin D",,,"Per 100g/ml
Per Serving
%DI
Energy
189kJ
473kJ
Protein
3.4g
8.5g
Total Fat
1.3g
3.3g
Saturated Fat
0.8g
2.0g
Carbohydrate
4.9g
12.3g
Sugars
4.9g
12.3g
Vitamin A
39ug
98ug
13% RDI*
Vitamin D
0.5ug
1.3ug
13% RDI*
Calcium
119mg
298mg
37% RDI*
Sodium
40mg
100mg
Energy (Cal)
45Cal
113Cal
* Percentage Daily Intakes are based on an average adult diet of 8700 kJ. Your daily intakes may be higher or lower depending on your energy needs.","Low fat milk (1.3% fat), vitamin A, vitamin D.",https://www.coles.com.au/product/pauls-rev-low-fat-milk-2l-425043,,,2024-06-18T01:26:38.111152-04:00
"Ind54SColes_ADairy, Eggs & Fridge_SAMilk_IThe Complete Dairy High Protein Light Milk | 1L",The Complete Dairy High Protein Light Milk | 1L,The Complete Dairy,"Dairy, Eggs & Fridge",Milk,Skim & low fat milk,,$3.60,,,$3.60 per 1L,2589992,"All natural light milk
Complete Dairy brings you a fresh, all natural milk, that is 70% higher in protein and 25% lower in lactose
High Protein
70% higher in protein
25% lower in Lactose
Healthy Milk
Fresh milk
Light Milk.",,,"Per 100g/ml
Per Serving
%DI
Energy
214kJ
535kJ
6.0%
Protein
6.0g
15.0g
30.0%
Total Fat
1.5g
3.8g
5.0%
Saturated Fat
1.0g
2.5g
10.0%
Carbohydrate
3.3g
8.3g
3.0%
Sugars
3.3g
8.3g
9.0%
Lactose
3.3g
8.3g
Sodium
27mg
68mg
3.0%
Energy (Cal)
51Cal
128 Cal
Dietary Fibre (total)
0.0g
0.0g
0.0%
Galactose
0.0g
0.0g
Potassium
113mg
283mg
* Percentage Daily Intakes are based on an average adult diet of 8700 kJ. Your daily intakes may be higher or lower depending on your energy needs.",,https://www.coles.com.au/product/the-complete-dairy-high-protein-light-milk-1l-2589992,,,2024-06-18T01:26:48.989926-04:00
"Ind54SColes_ADairy, Eggs & Fridge_SAMilk_IColes Organic Full Cream Milk | 1L",Coles Organic Full Cream Milk | 1L,Coles,"Dairy, Eggs & Fridge",Milk,Specialty milk,,$2.60,,,$2.60 per 1L,3227159,"Coles certified organic products are grown and pasturised without the use of synthetic chemicals, fertilisers, pesticides, or herbicides. Organic farming uses production practices for a sustainable future",,,"Per 100g/ml
Per Serving
%DI
Energy
282.00
705.00
Protein
3.60
9.00
Total Fat
3.9
9.8
14
Carbohydrate
4.50
11.25
Sugars
4.20
10.50
Calcium
128.00
320.00
Sodium
40.00
100.00
Saturated
2.80
7.00
Energy (Cal)
67.46
168.66
Fat
3.90
9.75
Dietary Fibre (total)
0.00
0.00
* Percentage Daily Intakes are based on an average adult diet of 8700 kJ. Your daily intakes may be higher or lower depending on your energy needs.",,https://www.coles.com.au/product/coles-organic-full-cream-milk-1l-3227159,,,2024-06-18T01:26:59.805143-04:00
"Ind54SColes_ADairy, Eggs & Fridge_SAMilk_IDare Lactose Free Double Expresso Flav Milk | 500mL",Dare Lactose Free Double Expresso Flav Milk | 500mL,Dare,"Dairy, Eggs & Fridge",Milk,Milk flavoured,,$3.30,,$4.15,$6.60 per 1L,6264843,"Made with real Arabica & Robusta coffee and fresh lactose free milk, Dare Iced Coffee Double Espresso  offers an easy to digest coffee kick without the cafe queue!
Proudly Australian owned, made and loved, it's Australia's market leading Iced Coffee.

Dare Iced Coffee proudly works with Rainforest Alliance to only use coffee beans that have been grown and harvested in a sustainable way from certified farms and forests.

When you choose dare, you can be confident that you are helping to improve farmers' livelihoods and protect our natural resources.",,,"Per 100g/ml
Per Serving
%DI
Energy
335kJ
1680kJ
19.00%
Protein
3.4g
17.0g
34.00%
Total Fat
3.5g
17.5g
25.00%
Saturated Fat
2.2g
11.0g
46.00%
Carbohydrate
8.7g
43.5g
14.00%
Sugars
7.9g
39.5g
44.00%
Calcium
117mg
585mg
Lactose
Not Detected
Not Detected
>1
Sodium
41mg
205mg
9.00%
Monounsaturated
>1
>1
>1
Energy (Cal)
80Cal
400Cal
>1
Dietary Fibre (total)
0.0g
0.0g
0.00%
Polyunsaturated
>1
>1
>1
Galactose
2.3g
11.5g
>1
Trans
>1
>1
>1
Caffeine
32mg
160mg
>1
* Percentage Daily Intakes are based on an average adult diet of 8700 kJ. Your daily intakes may be higher or lower depending on your energy needs.",,https://www.coles.com.au/product/dare-lactose-free-double-expresso-flav-milk-500ml-6264843,,,2024-06-18T01:27:10.728901-04:00
"Ind54SColes_ADairy, Eggs & Fridge_SAMilk_IBig M Lactose Free Chocolate Milk | 500mL",Big M Lactose Free Chocolate Milk | 500mL,Big M,"Dairy, Eggs & Fridge",Milk,Specialty milk,,$3.30,,$3.70,$6.60 per 1L,5725667,Big M Lactose Free Double Choc is a pasteurised reduced fat (contains 26% less fat than a 3.4g fat per 100mL flavoured milk) chocolate flavoured milk. The Big M flavour you love is now lactose free!,,,"Per 100g/ml
Per Serving
%DI
Energy
289kJ
1440kJ
17.0%
Protein
3.2g
16.0g
32.0%
Total Fat
2.5g
18.0%
Saturated Fat
1.6g
8.0g
33.0%
Carbohydrate
8.4g
42.0g
14.000000000000002%
Sugars
7.9g
39.5g
44.0%
Calcium
114mg
570mg
Lactose
Not Detected
Not Detected
>1
Sodium
42mg
210mg
9.0%
Monounsaturated
>1
>1
>1
Energy (Cal)
69Cal
345Cal
>1
Dietary Fibre (total)
0.0g
0.0g
0.0%
Polyunsaturated
>1
>1
>1
Galactose
2.2g
11.0g
>1
Trans
>1
>1
>1
* Percentage Daily Intakes are based on an average adult diet of 8700 kJ. Your daily intakes may be higher or lower depending on your energy needs.",,https://www.coles.com.au/product/big-m-lactose-free-chocolate-milk-500ml-5725667,,,2024-06-18T01:27:22.790059-04:00
"Ind54SColes_ADairy, Eggs & Fridge_SAMilk_IDare Mocha Flavoured Milk | 500mL",Dare Mocha Flavoured Milk | 500mL,Dare,"Dairy, Eggs & Fridge",Milk,Milk flavoured,,$3.30,,$4.15,$6.60 per 1L,3033957,"Forgot you drove to work and caught the train home?

...A Dare Fix'll Fix It!

Made with real Robusta & Arabica coffee, chocolate flavour and fresh milk. A mocha that can't be mocked!
Robusta & Arabica Coffee

Made with Fresh Milk

Australian Made

A Dare Fix'll fix it

Mocha chocolate flavour

A Dare Iced Coffee kick.",,,"Per 100g/ml
Per Serving
%DI
Energy
368kJ
1840kJ
21%
Protein
3.3g
16.5g
33%
Total Fat
3.5g
17.5g
25%
Saturated Fat
2.2g
11.0g
46%
Carbohydrate
10.7g
53.5g
17%
Sugars
10.2g
51.0g
56%
Calcium
113mg
565mg
71% RDI*
Sodium
44mg
220mg
10%
Caffeine
25mg
125mg
* Percentage Daily Intakes are based on an average adult diet of 8700 kJ. Your daily intakes may be higher or lower depending on your energy needs.",,https://www.coles.com.au/product/dare-mocha-flavoured-milk-500ml-3033957,,,2024-06-18T01:27:33.877308-04:00
"Ind54SColes_ADairy, Eggs & Fridge_SAMilk_IBig M Strawberry Flavoured Milk Bottle | 750mL",Big M Strawberry Flavoured Milk Bottle | 750mL,Big M,"Dairy, Eggs & Fridge",Milk,Milk flavoured,,$4.60,,,$6.13 per 1L,3035442,"Big day?

With protein, energy & electrolytes fuel up with Big M!

Pasteurised Reduced Fat Strawberry Flavoured Milk (26% less fat vs regular fat flavoured milk with 3.4% fat).

No artificial colours, flavours or sweeteners.

No preservatives.
Pasteurised reduced fat (26% less fat vs. regular fat flavoured milk)

No preservatives.",,,"Per 100g/ml
Per Serving
%DI
Energy
293kJ
1532kJ
18.00%
Protein
3.2g
16.0g
32.00%
Total Fat
2.5g
12.5g
18.00%
Saturated Fat
1.6g
8.1g
34.00%
Carbohydrate
8.6g
43.0g
14.00%
Sugars
8.6g
43.0g
48.00%
Calcium
117mg
585mg
73% RDI*
Sodium
43mg
215mg
9.00%
Energy (Cal)
70Cal
350Cal
Potassium
153mg
765mg
* Percentage Daily Intakes are based on an average adult diet of 8700 kJ. Your daily intakes may be higher or lower depending on your energy needs.",,https://www.coles.com.au/product/big-m-strawberry-flavoured-milk-bottle-750ml-3035442,,,2024-06-18T01:27:45.654058-04:00
"Ind54SColes_ADairy, Eggs & Fridge_SAMilk_IHunt & Brew Brazil Iced Coffee | 400mL",Hunt & Brew Brazil Iced Coffee | 400mL,Hunt&Brew,"Dairy, Eggs & Fridge",Milk,Milk flavoured,,$3.95,,$4.95,$9.88 per 1L,2918303,"Like a Brazilian harpy eagle that picks and swoops its prey, that's how we feel about choosing the right coffee bean - single minded in the pursuit of the perfect brew. We've hunted the globe and found the finest single origin coffee beans. Our travels have taken us to the Cerrado region of Brazil where the soil, climate and altitude produce a clean bean that has nutty and bright citrus notes, with a caramel finish. Locally roasted and ground to profile, Hunt and Brew coffee is slowly brewed and triple filtered for maximum flavour extraction. Finally, we cut the brew with fresh Australian full cream milk, and nothing more.

Where are our beans from?
The characteristics of Cerrado coffee beans are informed by the region's special terroir.
With rich soils and high altitudes, Cerrado produces a clean bean that translates into a well-balanced coffee in body and acidity.
The region's moderate continental climate adds to a robust growing season, which is reflected in our Hunt and Brew Brazil blend.",,,"Per 100g/ml
Per Serving
%DI
Energy
180 kJ
720 kJ
9%
Protein
2.4g
9.6g
19%
Total Fat
2.2g
8.8g
13%
Saturated Fat
1.5g
6.0g
25%
Carbohydrate
3.5g
14g
5%
Sugars
1.6g
6.4g
7%
Sodium
27 mg
108 mg
5%
* Percentage Daily Intakes are based on an average adult diet of 8700 kJ. Your daily intakes may be higher or lower depending on your energy needs.",,https://www.coles.com.au/product/hunt-and-brew-brazil-iced-coffee-400ml-2918303,,,2024-06-18T01:27:57.289799-04:00
"Ind54SColes_ADairy, Eggs & Fridge_SAMilk_IBoss Iced Latte Coffee | 237mL",Boss Iced Latte Coffee | 237mL,Boss,"Dairy, Eggs & Fridge",Milk,Milk flavoured,,$3.50,,$4.00,$14.77 per 1L,3762673,"We have finally brought Suntory BOSS Coffee to Australia and New Zealand, and with it, our uniquely Japanese brewing process, ""Flash Brew"". These products may be somewhat new to Australia and New Zealand, but originate from a storied 25-year-long-long legacy of masterful expertise.",,,"Per 100g/ml
Per Serving
%DI
Energy
92kJ
218kJ
3%
Protein
<1g
1.4g
3%
Total Fat
<1g
1.2g
2%
Saturated Fat
<1g
<1g
2%
Carbohydrate
3.8g
9.0g
3%
Sugars
2.7g
6.3g
7%
Sodium
49mg
115mg
5%
Energy (Cal)
22kcal
52kcal
* Percentage Daily Intakes are based on an average adult diet of 8700 kJ. Your daily intakes may be higher or lower depending on your energy needs.",,https://www.coles.com.au/product/boss-iced-latte-coffee-237ml-3762673,,,2024-06-18T01:28:09.071374-04:00
"Ind54SColes_ADairy, Eggs & Fridge_SAMilk_IHunt & Brew Extra Creamy Milk | 1L",Hunt & Brew Extra Creamy Milk | 1L,Hunt&Brew,"Dairy, Eggs & Fridge",Milk,Specialty milk,,$3.15,,$3.95,$3.15 per 1L,4163903,"Hunt and Brew is here to do dairy better.
We know that nothing beats the taste of fresh milk.
We have hunted the globe and found premium quality, fresh milk from Margaret River and the surrounding South West region of Western Australia.
Enjoy our Extra Creamy milk with 4.2% fat! Richer, creamier and fuller-tasting milk that's perfect for your at-home coffee or dairy occasion.
Our bottles are made from 100% recycled Australian plastic. Close the loop & Recycle me again.",,,"Per 100g/ml
Per Serving
%DI
Energy
301kJ
753kJ
9%
Protein
3.6g
9g
18%
Total Fat
4.2g
10.5g
15%
Saturated Fat
2.6g
6.5g
27%
Carbohydrate
4.9g
12.3g
4%
Sugars
4.4g
11g
12%
Calcium
130mg
325mg
41%
Sodium
39mg
98mg
4%
* Percentage Daily Intakes are based on an average adult diet of 8700 kJ. Your daily intakes may be higher or lower depending on your energy needs.",,https://www.coles.com.au/product/hunt-and-brew-extra-creamy-milk-1l-4163903,,,2024-06-18T01:28:21.052904-04:00
"Ind54SColes_ADairy, Eggs & Fridge_SAMilk_IDare Espresso Flavoured Milk | 2L",Dare Espresso Flavoured Milk | 2L,Dare,"Dairy, Eggs & Fridge",Milk,Milk flavoured,,$7.00,,,$3.50 per 1L,5206830,"Walked into a stationary object and said 'sorry'?

A Dare Fix'll Fix It!

Dare Iced Coffee Espresso is a unique blend of Arabica and Robusta coffee and fresh milk that delivers a smooth coffee flavour with a real coffee kick. Dare Iced Coffee is Australian made and is made with fresh milk.
Robusta & Arabica Coffee
Made with Fresh Milk
Australian Made
A Dare Fix'll fix it
A Dare Iced Coffee kick
Dare Espresso.
Made with 100% Rain Forest Alliance Certified Coffee Beans.
Working with the Rainforest Alliance to support coffee farmers and their communities.",,,"Per 100g/ml
Per Serving
%DI
Energy
341kJ
853kJ
10.00%
Protein
3.4g
8.5g
17.00%
Total Fat
3.5g
8.8g
13.00%
Saturated Fat
2.2g
5.5g
23.00%
Carbohydrate
9.0g
22.5g
7.00%
Sugars
8.7g
21.8g
24.00%
Vitamin B2
0.24mg
0.60mg
35% RDI*
Calcium
123mg
308mg
39% RDI*
Vitamin B12
0.42ug
1.05ug
53% RDI*
Sodium
43mg
108mg
5.00%
Energy (Cal)
81Cal
203Cal
Potassium
158mg
365mg
Vitamin B5
0.24mg
0.60mg
12% RDI*
Caffeine
16mg
40mg
Iodine
27ug
68ug
45% RDI*
* Percentage Daily Intakes are based on an average adult diet of 8700 kJ. Your daily intakes may be higher or lower depending on your energy needs.",,https://www.coles.com.au/product/dare-espresso-flavoured-milk-2l-5206830,,,2024-06-18T01:28:32.165291-04:00
"Ind54SColes_ADairy, Eggs & Fridge_SAMilk_IDare Double Espresso Flavoured Milk | 500mL",Dare Double Espresso Flavoured Milk | 500mL,Dare,"Dairy, Eggs & Fridge",Milk,Milk flavoured,,$3.30,,$4.15,$6.60 per 1L,3033946,"Pasteurised iced coffee flavoured milk.

Is this the $10,000 Fix?

Find the Dare-mergency tape in this bottle and you'll win $10,000!

Grab a fix now, There's 10 Dare-mergency bottles to be found.

Promo starts 29/7/19 AEDT ends 30/9/19 AEDT. Purchase any specially marked Dare Iced Coffee 500mL or 750mL, unscrew the lid to see if you have won. Winners: keep receipt, winning tape and claim prize by 5pm AEDT 3/1/20. To enter second chance draw, complete the entry form at www.facebook.com/dareicedcoffee during the promotional period. Entry open AU residents 18+ only. Total prizes: 10.
Promoter: LD&D Australia Pty Ltd 1800 677 852. See www.dareicedcoffee.com.au/daremergency for full T&Cs.
Permit Nos: ACT TP19/03268, NSW LTPS/19/34385 and SA T19/697.",,,"Per 100g/ml
Per Serving
%DI
Energy
352kJ
1760kJ
20.0%
Protein
3.4g
17.0g
34.0%
Total Fat
3.5g
17.5g
25.0%
Saturated Fat
2.2g
11.0g
46.0%
Carbohydrate
9.7g
48.5g
16.0%
Sugars
9.0g
45.0g
50.0%
Calcium
118mg
590mg
74% RDI*
Sodium
41mg
205mg
9.0%
Caffeine
32mg
160mg
* Percentage Daily Intakes are based on an average adult diet of 8700 kJ. Your daily intakes may be higher or lower depending on your energy needs.","Fresh Milk, Sugar, Coffee Powder (0.76%)(Robusta, Arabica), Colour (150c), Flavours.",https://www.coles.com.au/product/dare-double-espresso-flavoured-milk-500ml-3033946,,,2024-06-18T01:28:43.011283-04:00
"Ind54SColes_ADairy, Eggs & Fridge_SAMilk_IPauls Skinny Low Fat Free | 2L",Pauls Skinny Low Fat Free | 2L,Pauls,"Dairy, Eggs & Fridge",Milk,Skim & low fat milk,,$5.40,,,$2.70 per 1L,5260188,"At Pauls, we love dairy. We're pretty passionate about making great tasting products packed with real dairy goodness. We put that devotion into every Pauls milk, cream, custard and yoghurt we make.
Pauls Skinny Milk is a natural source of protein, vitamins and minerals essential for good health.

As part of a healthy diet, Pauls Skinny Milk reduces your body's cholesterol level and it tastses great!
(Reduces blood cholesterol levels as part of a healthy diet that is low in saturated fats).
Reduces cholesterol

High calcium

Good Source of protein

Good Source of Riboflavin (B2)

Made from Australian Milk",,,"Per 100g/ml
Per Serving
%DI
Energy
175kJ
438kJ
Protein
4.1g
10.3g
Total Fat
0.1g
0.3g
Saturated Fat
0.1g
0.3g
Carbohydrate
6.0g
15.0g
Sugars
6.0g
15.0g
Vitamin B2
0.2 mg
0.5 mg
29% RDI
Calcium
148 mg
370 mg
46% RDI*
Iron
0
0
Vitamin A
0
0
Coenzyme Q10
0
0
Vitamin E
0
0
Vitamin C
0
0
Dietary Fibre (total)
0.0g
0.0g
Omega - 6
0
0
Magnesium
0
0
Selenium
0
0
Copper
0
0
Trans
0.0g
0.0g
Iodine
0
0
Bioflavoids
0
Folic Acid
0
0
Biotin
0
0
Molybdenum
0
0.0.
Zinc
0
0
Sodium
46mg
115mg
Choline
0
0
Monounsaturated
0.0g
0.0g
Chromium
0
0
Polyunsaturated
0.0g
0.0g
Potassium
0
0
Manganese
0
0
* Percentage Daily Intakes are based on an average adult diet of 8700 kJ. Your daily intakes may be higher or lower depending on your energy needs.",,https://www.coles.com.au/product/pauls-skinny-low-fat-free-2l-5260188,,,2024-06-18T01:28:55.005167-04:00
"Ind54SColes_ADairy, Eggs & Fridge_SAMilk_ISt. Ali Original Iced Coffee | 480mL",St. Ali Original Iced Coffee | 480mL,St Ali,"Dairy, Eggs & Fridge",Milk,Milk flavoured,,$6.00,,,$12.50 per 1L,7069388,"Welcome back Iced Coffee. We've missed you and cannot get enough of your sweet, creamy goodness. The return of a classic, we've brought back our OG Iced Coffee, with a few upgrades. Mixing ST. ALi coffee with rich, creamy Australian milk, you'll be drinking this all summer long.",,,,"Full Cream Milk 76%, Coffee 21%, Brown Sugar, Emulsifier E471, Stabiliser E40, Acidity regulator E339.",https://www.coles.com.au/product/st.-ali-original-iced-coffee-480ml-7069388,,,2024-06-18T01:29:04.022400-04:00
"Ind54SColes_ADairy, Eggs & Fridge_SAMilk_IColes Full Cream Milk | 600mL",Coles Full Cream Milk | 600mL,Coles,"Dairy, Eggs & Fridge",Milk,Full cream milk,,$1.30,,,$2.17 per 1L,6759482,"Coles Australian Dairy Full Cream Milk, 600mL carton. The hard work and dedicated spirit of dairy farmers is embedded in the fabric of our country. That's why Coles is proud to directly partner with dairy farmers in New South Wales and Victoria, offering longer term agreements and helping farmers better plan for their future. We know each and every farmer we source our milk from and that's what makes us better together. The fresh, creamy goodness of milk is a source of protein and is rich in calcium for healthy teeth and bones. Enjoy the nourishment of Coles milk every day.",,,"Per 100g/ml
Per Serving
%DI
Energy
260
650
7
Total Fat
3.3
8.3
12
Carbohydrate
4.70
11.75
Sugars
4.70
11.75
Calcium
125
313
Sodium
38
95
4
Energy (Cal)
62
155
Dietary Fibre (total)
0.00
0.00
* Percentage Daily Intakes are based on an average adult diet of 8700 kJ. Your daily intakes may be higher or lower depending on your energy needs.",INGREDIENTSHomogenised and Pasteurised Full Cream Milk,https://www.coles.com.au/product/coles-full-cream-milk-600ml-6759482,,,2024-06-18T01:29:14.899022-04:00
"Ind54SColes_ADairy, Eggs & Fridge_SAMilk_IVitasoy Soy Milky Lite Chilled | 1L",Vitasoy Soy Milky Lite Chilled | 1L,Vitasoy,"Dairy, Eggs & Fridge",Milk,Soy & almond milk,,$2.85,,,$2.85 per 1L,4514510,"Every whole soybean that makes this milk great is grown in Australia
Beneath the watchful eyes of Aussie farmers, every whole soybean squeezed into our Soy Milky was planted and picked at just the right moment. It's why our great milky taste is hard to beat.

For us, it's a daily obsession that's been growing across the globe since the Vitasoy brand first started in 1940. Bringing you a simple yet delicious soy milk, brimming with the good stuff-and less than 2% Fat.

This is why our glass is always full.

Grown by Aussie Farmers
Our whole soybeans are harvested from February to April and delivered to our Wodonga factory.
Only the best beans make it...

Blended by us
We dehull and grind our beans, then blend the good bits with filtered water and other ingredients including calcium.
Perfected and packed for your fridge...

Enjoyed by you
Your Vitasoy is ready to be soaked up and savoured with all your favourites.

- Australian grown whole soybeans.
- 1/3 of your daily calcium needs in every serving.
- Naturally free from gluten, dairy, lactose and cholesterol.
- Natural source of protein.
- No artificial colours, flavours or preservatives.
- Non-genetically modified.
- Suitable For vegans and vegetarians.

The protein in this product is derived from Australian grown whole soybeans. It may appear as white sediment so make sure you shake the product well before consuming it.",,,"Per 100g/ml
Per Serving
%DI
Energy
162kJ
405kJ
5.00%
Protein
3.0g
7.5g
15.00%
Total Fat
1.8g
4.5g
6.00%
Saturated Fat
0.3g
0.8g
3.00%
Carbohydrate
2.5g
6.2g
2.00%
Sugars
1.6g
4.0g
4.00%
Calcium
120mg
300mg
38% RDI#
Cholesterol
0mg
0mg
Lactose
0g
0g
Sodium
80mg
200mg
9.00%
Monounsaturated
0.4g
1.0g
Energy (Cal)
39Cal
98Cal
Dietary Fibre (total)
0.2g
0.5g
2.00%
Polyunsaturated
1.1g
2.8g
Galactose
0g
0g
Gluten
0mg
0mg
Trans
0g
0g
* Percentage Daily Intakes are based on an average adult diet of 8700 kJ. Your daily intakes may be higher or lower depending on your energy needs.",,https://www.coles.com.au/product/vitasoy-soy-milky-lite-chilled-1l-4514510,,,2024-06-18T01:29:26.568742-04:00
"Ind54SColes_ADairy, Eggs & Fridge_SAMilk_IRokeby Farms Protein Smoothie Vanilla Wafer | 425mL",Rokeby Farms Protein Smoothie Vanilla Wafer | 425mL,Rokeby Farms,"Dairy, Eggs & Fridge",Milk,Milk flavoured,,$4.65,,,$10.94 per 1L,6248519,"A rich vanilla smoothie with a hint of crispy wafer and no added sugar.
Made with fresh cold-filtered milk and naturally contains 30 grams of farm-fresh protein.",,,"Per 100g/ml
Per Serving
%DI
Energy
238kJ
1012kJ
Protein
7.1g
30g
Total Fat
1.5g
6.4g
Saturated Fat
1.1g
4.7g
Carbohydrate
4.3g
18.3g
Sugars
3.9g
16.6g
Lactose
0.5g
2.1g
Calcium
196mg
833mg
Sodium
26mg
111mg
* Percentage Daily Intakes are based on an average adult diet of 8700 kJ. Your daily intakes may be higher or lower depending on your energy needs.","Filtered low fat milk, water, cream, erythritol, natural flavours, vanilla bean extract (0.05%), lactase enzyme, carrageenan, stevia (steviol glycosides).",https://www.coles.com.au/product/rokeby-farms-protein-smoothie-vanilla-wafer-425ml-6248519,,,2024-06-18T01:29:38.000475-04:00
"Ind54SColes_ADairy, Eggs & Fridge_SAMilk_IA2 Light Milk | 2L",A2 Light Milk | 2L,A2,"Dairy, Eggs & Fridge",Milk,Specialty milk,,$6.90,,,$3.45 per 1L,9759944,"a2 Milk is no ordinary milk!

It is real milk that may be easier on digestion for some people*.

As the number 1 producer of A1 protein free milk in Australia, our purpose is to pioneer the future of dairy for good.


For more information on the a2 Milk difference visit www.a2milk.com.au

*a2 Milk comes from cows specially selected to naturally produce milk with only the A2-type beta-casein protein so may be easier on digestion than ordinary milk for some milk intolerant individuals when consumed as part of a healthy, varied diet.
All natural with no additives, this delicious and creamy lite fresh milk contains just 1.3g of fat per 100ml

Easier on digestion for some**a2 Milk comes from cows specially selected to naturally produce milk with only the A2-type beta-casein protein so may be easier on digestion than regular milk for some milk intolerant individuals when consumed as part of a healthy, varied diet.

Naturally all A2-type beta-casein protein type, and no A1Some people may be sensitive to a protein called A1 beta-casein commonly found in milk.

The perfect milk for all occasions! Use a2 Milk in tea and coffee, baking, cooking, with cereal, with cookies, or simply enjoy on its own.

a2 Milk has been proudly partnering with Landcare Australia since 2017 to support our farmers with initiatives to protect, enhance and restore the natural environment

Good source of calcium.

Contains Protein.",,,"Per 100g/ml
Per Serving
%DI
Energy
189kJ
473kJ
0
Protein
3.3g
8.3g
0
Total Fat
1.3g
3.3g
0
Saturated Fat
0.9g
2.3g
0
Carbohydrate
5.2g
13.0g
0
Sugars
5.2g
13.0g
0
Calcium
117mg
293mg
36.0%
Sodium
48mg
120mg
0
Monounsaturated
0
0
0
Energy (Cal)
45 Cal
113 Cal
0
Dietary Fibre (total)
0
0
0
Polyunsaturated
0
0
0
Potassium
150mg
375mg
0
Trans
0
0
0
* Percentage Daily Intakes are based on an average adult diet of 8700 kJ. Your daily intakes may be higher or lower depending on your energy needs.",Reduced Fat Milk,https://www.coles.com.au/product/a2-light-milk-2l-9759944,,,2024-06-18T01:29:50.513319-04:00
"Ind54SColes_ADairy, Eggs & Fridge_SAMilk_ITable Of Plenty Kefir Natural Yoghurt | 1Kg",Table Of Plenty Kefir Natural Yoghurt | 1Kg,Table Of Plenty,"Dairy, Eggs & Fridge",Milk,Probiotic milk,,$8.90,,,$0.89 per 100g,2917923,"Table of Plenty Probiotic Kefir Natural Yoghurt is a slow-fermented pourable kefir yoghurt. With 10 culture strains and over 90 billion+ live cultures in every serve, it's a delicious way to create a healthier, happier gut.
Pleasantly tart with a hint of natural fizz, our live Natural Probiotic Kefir is made with fresh milk from grass-fed Gippsland cow's milk with no milk powders, just as nature intended.
Being traditionally slow fermented means all the good bits stay inside the bottle. Because our live Probiotic kefir is made with fresh milk and is slow-fermented, it can get a little lumpy (just like life)! Simply give it a good shake to make it deliciously creamy again!
Enjoy as a great alternative to milk and yogurt and is perfectly paired with all your favourite breakfasts. You can use kefir on its own as a nutritious drink, add it to smoothies, dollop onto your favourite muesli or use it in recipes such as pancakes the options are endless.
90+ billion live friendly bacterial
10 culture strains
Fresh Milk Kefir
Slow fermented
No added sugar",,,,"Fresh Milk, Live Cultures, Live Probiotic Cultures",https://www.coles.com.au/product/table-of-plenty-kefir-natural-yoghurt-1kg-2917923,,,2024-06-18T01:30:00.112763-04:00
"Ind54SColes_ADairy, Eggs & Fridge_SAMilk_IColes Lite Reduced Fat Milk | 3L",Coles Lite Reduced Fat Milk | 3L,Coles,"Dairy, Eggs & Fridge",Milk,Skim & low fat milk,,$4.50,,,$1.50 per 1L,9107728,COLES IS COMMITTED TO BRINGING YOU HIGH QUALITY FRESH MILK FROM DAIRY FARMS ACROSS AUSTRALIA,,,"Per 100g/ml
Per Serving
%DI
Energy
185.80
464.50
Protein
3.40
8.50
Total Fat
1.3
3.3
5
Saturated Fat
0.90
2.25
Carbohydrate
4.60
11.50
Sugars
4.50
11.25
Sodium
37.00
92.50
Energy (Cal)
44.45
111.12
Dietary Fibre (total)
0.00
0.00
* Percentage Daily Intakes are based on an average adult diet of 8700 kJ. Your daily intakes may be higher or lower depending on your energy needs.",,https://www.coles.com.au/product/coles-lite-reduced-fat-milk-3l-9107728,,,2024-06-18T01:30:12.066430-04:00
"Ind54SColes_ADairy, Eggs & Fridge_SAMilk_IPauls Smarter White Milk 2% Fat Full Cream Taste Bottle | 1L",Pauls Smarter White Milk 2% Fat Full Cream Taste Bottle | 1L,Pauls,"Dairy, Eggs & Fridge",Milk,Skim & low fat milk,,$3.20,,,$3.20 per 1L,9411773,"At Pauls, we love dairy. We're pretty passionate about making great tasting products packed with real dairy goodness. We put that devotion into every Pauls milk, cream, custard and yoghurt we make.
Pauls Smarter White Milk has all the goodness and taste of full cream milk with only 2% fat.
Full cream taste

Only 2% Fat.

Fresh Australian Milk

Good Source Calcium

Goodness and taste of full cream milk",,,"Per 100g/ml
Per Serving
%DI
Energy
236 kJ
570 kJ
Protein
3.8 g
9.5 g
Total Fat
2.0 g
5.0 g
Saturated Fat
1.3 g
3.3 g
Carbohydrate
5.3 g
13.3 g
Sugars
5.3 g
13.3 g
Calcium
132 mg
330 mg
41% RDI*
Iron
0.0
0.0
Vitamin A
0.0
0.0
Coenzyme Q10
0.0
0.0
Vitamin E
0.0
0.0
Vitamin B
0.0
0.0
Vitamin C
0.0
0.0
Dietary Fibre (total)
0.0
0.0
Omega - 6
0.0
0.0
Magnesium
0.0
0.0
Selenium
0.0
0.0
Copper
0.0
0.0
Trans
0.0
0.0
Iodine
0.0
0.0
Bioflavoids
0.0
Folic Acid
0.0
0.0
Biotin
0.0
0.0
Molybdenum
0.0
0.0
Zinc
0.0
0.0
Sodium
42 mg
105 mg
Choline
0.0
0.0
Monounsaturated
0.0
0.0
Chromium
0.0
0.0
Polyunsaturated
0.0
0.0
Potassium
0.0
0.0
Manganese
0.0
0.0
* Percentage Daily Intakes are based on an average adult diet of 8700 kJ. Your daily intakes may be higher or lower depending on your energy needs.",,https://www.coles.com.au/product/pauls-smarter-white-milk-2percent-fat-full-cream-taste-bottle-1l-9411773,,,2024-06-18T01:30:27.414640-04:00
"Ind54SColes_ADairy, Eggs & Fridge_SAMilk_IPauls Farmhouse Gold Cream On Top Milk | 1.5L",Pauls Farmhouse Gold Cream On Top Milk | 1.5L,Pauls,"Dairy, Eggs & Fridge",Milk,Specialty milk,,$4.40,,,$2.93 per 1L,2917967,"Farmhouse Gold is traditional wholesome milk with a layer of cream on top. It's Perfect for those who love the rich, creamy taste of real milk. Made with fresh, premium milk from Australian farms, Farmhouse Gold has a delicious, velvety taste you will savour. Milk, the way it was meant to be be.
Extra Creamy Milk",,,"Per 100g/ml
Per Serving
%DI
Energy
317 kJ
792 kJ
Protein
3.4g
8.5g
Total Fat
4.7g
11.8g
Saturated Fat
3.1g
7.8g
Carbohydrate
4.8g
12g
Sugars
4.8
12g
Sodium
123 mg
102 mg
Energy (Cal)
76 Cal
189 Cal
* Percentage Daily Intakes are based on an average adult diet of 8700 kJ. Your daily intakes may be higher or lower depending on your energy needs.",,https://www.coles.com.au/product/pauls-farmhouse-gold-cream-on-top-milk-1.5l-2917967,,,2024-06-18T01:30:38.317614-04:00
"Ind54SColes_ADairy, Eggs & Fridge_SAMilk_IColes Dairy Full Cream Milk | 1L",Coles Dairy Full Cream Milk | 1L,Coles,"Dairy, Eggs & Fridge",Milk,Full cream milk,,$1.60,,,$1.60 per 1L,9052681,"Coles Australian dairy fresh full cream milk 1L. Better Together with Australian Farmers The hard work and dedicated spirit of dairy farmers is embedded in the fabric of our country. That's why Coles is proud to directly partner with dairy farmers in New South Wales offering longer term agreements and helping farmers better plan for their future. We know each and every farmer we source our milk from and that's what makes us better together. The fresh, creamy goodness of milk is a source of protein and is rich in calcium for healthy teeth and bones. Enjoy the nourishment of Coles milk every day",,,"Per 100g/ml
Per Serving
%DI
Energy
260
650
7
Protein
3.4
8.5
17
Total Fat
3.3
8.3
12
Saturated Fat
2.4
6.0
25
Carbohydrate
4.7
11.8
4
Sugars
4.7
11.8
13
Calcium
125
313
Sodium
38
95
4
Energy (Cal)
62
155
Dietary Fibre (total)
0.00
0.00
* Percentage Daily Intakes are based on an average adult diet of 8700 kJ. Your daily intakes may be higher or lower depending on your energy needs.",,https://www.coles.com.au/product/coles-dairy-full-cream-milk-1l-9052681,,,2024-06-18T01:30:49.862614-04:00
"Ind54SColes_ADairy, Eggs & Fridge_SAMilk_IDairy Farmers Heart Active Milk | 1L",Dairy Farmers Heart Active Milk | 1L,Dairy Farmers,"Dairy, Eggs & Fridge",Milk,Specialty milk,,$3.90,,,$3.90 per 1L,7258880,"Proudly Australian owned, made & loved.

HeartActive milk tastes delicious, making it the simple and easy way to help manage your cholesterol. Good news for your body, great news for your tastebuds.

Enjoy HeartActive milk on your cereal, in tea and coffee, in a delicious fruit smoothie or in cooking. 

5 health star rating. 

Proud supporters of our Australian dairy farming communities for over 120 years, choose high quality, nutritious and delicious milk from Dairy Farmers.

Studies show that consuming milk with plant sterols every day, like HeartActive, can reduce LDL cholesterol after a minimum of three weeks. The highest study reported an average reduction of greater than 10%, and the overall reduction across these studies was 8.53%. Results may vary depending on personal circumstances. For best results, enjoy 2g of plant sterols (2-3 serves of HeartActive milk), as part of a healthy diet, low in saturated fat. More than 3 serves a day provides no additional health benefits. For children under the age of five, pregnant or lactating women and people taking cholesterol-lowering medication, doctor's advice should be sought before using HeartActive, due to their special dietary needs.
Australian milk

Fresh milk

From Australian farmers

Healthy Milk, Rich in calcium, Low fat

Natural source of protein

High quality, nutritious and delicious milk.

Plant sterols.

Reduces cholesterol.",,,"Per 100g/ml
Per Serving
%DI
Energy
174kJ
435kJ
5.0%
Protein
3.3g
8.3g
17.0%
Total Fat
1.0g
2.5g
4.0%
Saturated Fat
0.5g
1.2g
5.0%
Carbohydrate
4.8g
12.0g
4.0%
Sugars
4.8g
12.0g
13.0%
Calcium
123mg
308mg
Sodium
45mg
113mg
5.0%
Monounsaturated
0.2g
0.5g
Energy (Cal)
42Cal
104Cal
Polyunsaturated
0.2g
0.5g
Trans
<0.1g
<0.1g
* Percentage Daily Intakes are based on an average adult diet of 8700 kJ. Your daily intakes may be higher or lower depending on your energy needs.",,https://www.coles.com.au/product/dairy-farmers-heart-active-milk-1l-7258880,,,2024-06-18T01:31:01.543112-04:00
"Ind54SColes_ADairy, Eggs & Fridge_SA_IRokeby Farms Fitmilk Lactose Free | 1L",Rokeby Farms Fitmilk Lactose Free | 1L,Rokeby Farms,"Dairy, Eggs & Fridge",,,,$3.20,,,$3.20 per 1L,5610155,"FitMilk is the perfect nutritional balance of 100% fresh Aussie milk that is lactose free, with 50% more protein and 50% less sugar. Giving you more of what you need, and less of what you don't.",,,"Per 100g/ml
Per Serving
%DI
Energy
269kJ
672kJ
Protein
5g
12.5g
Total Fat
3.8g
9.5g
Saturated Fat
2.5g
6.3g
Carbohydrate
2.5g
6.3g
Sugars
2.3g
5.8g
Calcium
140mg
350mg
Sodium
30mg
75mg
Magnesium
10mg
25mg
Potassium
120mg
300mg
* Percentage Daily Intakes are based on an average adult diet of 8700 kJ. Your daily intakes may be higher or lower depending on your energy needs.",,https://www.coles.com.au/product/rokeby-farms-fitmilk-lactose-free-1l-5610155,,,2024-06-18T01:31:13.710989-04:00
"Ind54SColes_ADairy, Eggs & Fridge_SAMilk_IBabushka's Probiotic Kefir Yoghurt Organic Natural | 750mL",Babushka's Probiotic Kefir Yoghurt Organic Natural | 750mL,Babushkas,"Dairy, Eggs & Fridge",Milk,Probiotic milk,,$6.20,,,$0.83 per 100g,5658209,,,,,,https://www.coles.com.au/product/babushka's-probiotic-kefir-yoghurt-organic-natural-750ml-5658209,,,2024-06-18T01:31:22.650512-04:00
"Ind54SColes_ADairy, Eggs & Fridge_SAMilk_IOak Iced Coffee Flavoured Milk | 600mL",Oak Iced Coffee Flavoured Milk | 600mL,Oak,"Dairy, Eggs & Fridge",Milk,Milk flavoured,,$3.90,Pick any 2 for $5,,$6.50 per 1L,5467200,"What's hungythirsty? Reading a carton, that's what. It's a state of weak indecision where you're neither hungry nor thirsty but a bit of both. So the only thing you're sure of is being not sure. Kill two birds with one steel meteorite of milk - it's full strength, full flavour, full on - in a range of flavours. OAK deals with hungrythirsty like a combine harvester deals with soft toys. Don't ask how we know this.",,,"Per 100g/ml
Per Serving
%DI
Energy
347 kJ
1040 kJ
Protein
3.2 g
9.6 g
Total Fat
3.4 g
10.2 g
Saturated Fat
2.4 g
7.2 g
Carbohydrate
9.3 g
27.9 g
Sugars
9.0 g
27.0 g
Calcium
114 mg
342 mg
42%
Sodium
38 mg
114 mg
* Percentage Daily Intakes are based on an average adult diet of 8700 kJ. Your daily intakes may be higher or lower depending on your energy needs.",,https://www.coles.com.au/product/oak-iced-coffee-flavoured-milk-600ml-5467200,,,2024-06-18T01:31:33.771245-04:00
"Ind54SColes_ADairy, Eggs & Fridge_SA_ITwinings English Breakfast Tea Bags 100 pack | 200g",Twinings English Breakfast Tea Bags 100 pack | 200g,Twinings,"Dairy, Eggs & Fridge",,,,$13.50,,,$0.14 per 1ea,304752,"Multi-origin blend including tea from: 
Africa
Fresh-tasting
India
Full-bodied
Compostable tea bag

Estd. 1706 London
At Twinings, our master blenders have been blending quality teas for over 300 years. 
Each blend is created with the finest ingredients to deliver a superior experience in every cup.",,,,Black Tea.,https://www.coles.com.au/product/twinings-english-breakfast-tea-bags-100-pack-200g-304752,,,2024-06-18T01:31:43.440858-04:00
"Ind54SColes_ADairy, Eggs & Fridge_SAMilk_IA2 Lactose Free Full Cream Milk | 1L",A2 Lactose Free Full Cream Milk | 1L,A2,"Dairy, Eggs & Fridge",Milk,Specialty milk,,$3.90,,$4.00,$3.90 per 1L,5593191,"This full cream milk comes from 100% Australian cows and is a great lactose free option. As the number 1 producer of of A1 protein free milk in Australia, our purpose is to pioneer the future of dairy for good.


For more information on the a2 Milk difference visit www.a2milk.com.au
This delicious and creamy fresh milk contains just 3.5g of fat per 100mL

Lactose Free Milk is easy to digest for people with intolerance or sensitivity to lactose**a2 Milk Lactose Freemay be easy to digestcompared to ordinarymilk for some peoplewho are sensitive tolactose, when consumedas part of a healthy,varied diet.

Naturally all A2-type beta-casein protein type, and no A1Some people may be sensitive to a protein called A1 beta-casein commonly found in milk.

The perfect milk for all occasions! Use a2 Milk in tea and coffee, baking, cooking, with cereal, with cookies, or simply enjoy on its own.

a2 Milk has been proudly partnering with Landcare Australia since 2017 to support our farmers with initiatives to protect, enhance and restore the natural environment

Good source of calcium.

The only naturally A1 protein free milk that is also lactose free!.",,,"Per 100g/ml
Per Serving
%DI
Energy
267kJ
671kJ
0
Protein
3.3g
8.3g
0
Total Fat
3.5g
8.8g
0
Saturated Fat
2.4g
6.0g
0
Carbohydrate
4.8g
12.0g
0
Sugars
4.8g
12.0g
0
Calcium
109mg
273mg
34.00%
Lactose
Not Detected
Not Detected
0
Sodium
40mg
100mg
0
Monounsaturated
0
0
0
Energy (Cal)
64 Cal
160 Cal
0
Dietary Fibre (total)
0.0g
0.0g
0
Polyunsaturated
0
0
0
Galactose
2.4g
6.0g
0
Potassium
147mg
368mg
0
Trans
0
0
0
* Percentage Daily Intakes are based on an average adult diet of 8700 kJ. Your daily intakes may be higher or lower depending on your energy needs.",,https://www.coles.com.au/product/a2-lactose-free-full-cream-milk-1l-5593191,,,2024-06-18T01:31:54.555074-04:00
"Ind54SColes_ADairy, Eggs & Fridge_SAMilk_IGreat Ocean Road Chocolate Flavoured Milk | 2L",Great Ocean Road Chocolate Flavoured Milk | 2L,Great Ocean Road,"Dairy, Eggs & Fridge",Milk,Milk flavoured,,$5.35,,,$2.68 per 1L,9321230,"Great Ocean Road Chocolate Milk contains all the natural goodness of full cream milk with a delicious and creamy chocolate taste. Born on the Great Ocean Road in Victoria, our products are made with 100% Australian milk sourced predominately from farmers in South West Victoria.- Chocolate Milk- Flavoured Milk",,,"Per 100g/ml
Per Serving
%DI
Energy
351kJ
878kJ
Protein
3.3g
8.3g
Total Fat
3.5g
8.8g
Saturated Fat
2.3g
5.8g
Carbohydrate
9.6g
24g
Sugars
9.4g
23.5g
Calcium
116mg
290mg
36%
Sodium
76mg
190mg
* Percentage Daily Intakes are based on an average adult diet of 8700 kJ. Your daily intakes may be higher or lower depending on your energy needs.",,https://www.coles.com.au/product/great-ocean-road-chocolate-flavoured-milk-2l-9321230,,,2024-06-18T01:32:05.645424-04:00
"Ind54SColes_ADairy, Eggs & Fridge_SA_IPauls Zymil Chocolate Lactose Free Milk | 400mL",Pauls Zymil Chocolate Lactose Free Milk | 400mL,Pauls,"Dairy, Eggs & Fridge",,,,$4.00,,,$10.00 per 1L,3187724,"At Pauls, we love dairy. We're pretty passionate about making great tasting products packed with real dairy goodness. We put that devotion into every Pauls milk, cream, custard and yoghurt we make. Milk is a natural source of protein, vitamins and minerals essential for good health. Rich in calcium, Pauls Zymil is simply milk which is easy to digest (As part of a healthy and varied diet, consuming Zymil instead of regular milk helps ease digestion in those who are sensitive to lactose). Plus Pauls Zymil is lactose free and made from real milk so it has all of the natural goodness of regular milk. Lactose free, easy to digest and rich in calcium.",,,"Per 100g/ml
Per Serving
%DI
Energy
318kJ
1272kJ
Protein
3.3g
13.2g
Total Fat
3.1g
12.4g
Saturated Fat
2.0g
8.0g
Carbohydrate
8.5g
34.0g
Sugars
8.4g
33.6g
Lactose
Nil
Nil
Calcium
105mg
420mg
54% Recommended Dietary Intake
Sodium
40mg
160mg
Energy (Cal)
76Cal
304Cal
Dietary Fibre (total)
0.4g
1.6g
Galactose
2.6g
10.4g
* Percentage Daily Intakes are based on an average adult diet of 8700 kJ. Your daily intakes may be higher or lower depending on your energy needs.",,https://www.coles.com.au/product/pauls-zymil-chocolate-lactose-free-milk-400ml-3187724,,,2024-06-18T01:32:17.205284-04:00
"Ind54SColes_ADairy, Eggs & Fridge_SAMilk_IA2 Light Fat Milk | 1L",A2 Light Fat Milk | 1L,A2,"Dairy, Eggs & Fridge",Milk,Specialty milk,,$3.90,,,$3.90 per 1L,9760047,"a2 Milk is no ordinary milk!

It is real milk that may be easier on digestion for some people*.

As the number 1 producer of A1 protein free milk in Australia, our purpose is to pioneer the future of dairy for good.


For more information on the a2 Milk difference visit www.a2milk.com.au

*a2 Milk comes from cows specially selected to naturally produce milk with only the A2-type beta-casein protein so may be easier on digestion than ordinary milk for some milk intolerant individuals when consumed as part of a healthy, varied diet.
All natural with no additives, this delicious and creamy lite fresh milk contains just 1.3g of fat per 100ml

Easier on digestion for some**a2 Milk comes from cows specially selected to naturally produce milk with only the A2-type beta-casein protein so may be easier on digestion than regular milk for some milk intolerant individuals when consumed as part of a healthy, varied diet.

Naturally all A2-type beta-casein protein type, and no A1Some people may be sensitive to a protein called A1 beta-casein commonly found in milk.

The perfect milk for all occasions! Use a2 Milk in tea and coffee, smoothies, baking, cooking, with cereal, with cookies, or simply enjoy on its own.

a2 Milk has been proudly partnering with Landcare Australia since 2017 to support our farmers with initiatives to protect, enhance and restore the natural environment

Good source of calcium.

Contains Protein.",,,"Per 100g/ml
Per Serving
%DI
Energy
189kJ
473kJ
0
Protein
3.3g
8.3g
0
Total Fat
1.3g
3.3g
0
Saturated Fat
0.9g
2.3g
0
Carbohydrate
5.2g
13.0g
0
Sugars
5.2g
13.0g
0
Calcium
117mg
293mg
36.0%
Sodium
48mg
120mg
0
Monounsaturated
0
0
0
Energy (Cal)
45 Cal
113 Cal
0
Dietary Fibre (total)
0
0
0
Polyunsaturated
0
0
0
Potassium
150mg
375mg
0
Trans
0
0
0
* Percentage Daily Intakes are based on an average adult diet of 8700 kJ. Your daily intakes may be higher or lower depending on your energy needs.",,https://www.coles.com.au/product/a2-light-fat-milk-1l-9760047,,,2024-06-18T01:32:29.953984-04:00
"Ind54SColes_ADairy, Eggs & Fridge_SAMilk_IOak Chocolate Flavoured Milk | 600mL",Oak Chocolate Flavoured Milk | 600mL,Oak,"Dairy, Eggs & Fridge",Milk,Milk flavoured,,$3.90,Pick any 2 for $5,,$6.50 per 1L,13079,"What's hungythirsty? It's a state of weak indecision where you're neither hungry nor thirsty but a bit of both. Kill two birds with one steel meteorite of OAK milk - it's full strength, full flavour, full on. With over 50 years' experience and a choice of rich, creamy and authentic flavours, OAK is always the answer.",,,"Per 100g/ml
Per Serving
%DI
Energy
376 kJ
1130 kJ
Protein
3.5 g
10.5 g
Total Fat
3.4 g
10.2 g
Saturated Fat
2.2 g
6.6 g
Carbohydrate
11.0 g
33.0 g
Sugars
10.6 g
31.8 g
Calcium
115 mg
345 mg
43%
Sodium
50 mg
150 mg
* Percentage Daily Intakes are based on an average adult diet of 8700 kJ. Your daily intakes may be higher or lower depending on your energy needs.",,https://www.coles.com.au/product/oak-chocolate-flavoured-milk-600ml-13079,,,2024-06-18T01:32:41.629010-04:00
"Ind54SColes_ADairy, Eggs & Fridge_SAMilk_IYakult Fermented Light Probiotic Milk 5 Pack | 65mL",Yakult Fermented Light Probiotic Milk 5 Pack | 65mL,Yakult,"Dairy, Eggs & Fridge",Milk,Probiotic milk,,$4.00,,,$12.31 per 1L,5543105,"Yakult Light- 75% less sugar and 40% less calories* with the same great taste. It is a refreshing fermented milk drink containing 6.5 billion of the unique probiotic, the Lactobacillus casei Shirota strain, proven to survive strong stomach acids to reach your intestines alive.
- no artificial colours
- low fat
- no preservatives
- gluten free
- Made fresh in Australia daily
- low lactose
For everybody, every day.
*compared to Yakult Original",,,"Per 100g/ml
Per Serving
%DI
Energy
192kJ
125kJ
Protein
1.3g
0.8g
Total Fat
<0.1g
<0.1g
Saturated Fat
<0.1g
<0.1g
Carbohydrate
4.9g
3.2g
Sugars
4.3g
2.8g
Sodium
16mg
10.4mg
Dietary Fibre (total)
<3.6g
2.3g
* Percentage Daily Intakes are based on an average adult diet of 8700 kJ. Your daily intakes may be higher or lower depending on your energy needs.",,https://www.coles.com.au/product/yakult-fermented-light-probiotic-milk-5-pack-65ml-5543105,,,2024-06-18T01:32:52.821632-04:00
"Ind54SColes_ADairy, Eggs & Fridge_SAMilk_ISanitarium So Good Chilled Regular Soy Milk | 1L",Sanitarium So Good Chilled Regular Soy Milk | 1L,Sanitarium,"Dairy, Eggs & Fridge",Milk,Soy & almond milk,,$2.80,,,$2.80 per 1L,6923327,"So Good Soy Milk has a deliciously rich and milky taste that makes it a great plant-based substitute for dairy.

It's also packed with good nutrition and is incredibly versatile.

Drink chilled on its own, add to muesli and smoothies, and use in cooking and baking.

Aussie Made
Half your daily Calcium
8g Plant Protein
No Artificial Colours or Flavours

No Lactose

No Gluten

No Cholesterol

No Dairy",,,"Per 100g/ml
Per Serving
%DI
Energy
273kJ
683kJ
Protein
3.2g
8.0g
Total Fat
3.5g
8.8g
Saturated Fat
0.4g
1.0g
Carbohydrate
5.1g
12.8g
Sugars
2.0g
5.0g
Vitamin B2
0.17mg
0.43mg
25%
Calcium
160mg
400mg
50%
Vitamin B12
0.4ug
1.0ug
50%
Cholesterol
0.0mg
0.0mg
Vitamin A
40ug
100ug
13%
Lactose
0.0g
0.0g
Sodium
40mg
100mg
Monounsaturated
1.4g
3.5g
Energy (Cal)
65Cal
163Cal
Dietary Fibre (total)
0.3g
0.8g
Polyunsaturated
1.7g
4.3g
Galactose
0.0g
0.0g
Gluten
Nil Detected
Nil Detected
Potassium
230mg
575mg
Trans
0.0g
0.0g
* Percentage Daily Intakes are based on an average adult diet of 8700 kJ. Your daily intakes may be higher or lower depending on your energy needs.",,https://www.coles.com.au/product/sanitarium-so-good-chilled-regular-soy-milk-1l-6923327,,,2024-06-18T01:33:04.978620-04:00
"Ind54SColes_ADairy, Eggs & Fridge_SAMilk_IDairy Farmers Buttermilk | 600mL",Dairy Farmers Buttermilk | 600mL,Dairy Farmers,"Dairy, Eggs & Fridge",Milk,Specialty milk,,$3.05,,,$5.08 per 1L,252739,"Take your cooking to the next level with Dairy Farmers Buttermilk. When buttermilk is combined with either self-raising flour or baking soda it creates aeration resulting in great tasting, light and fluffy baking!

Proudly Australian owned, made and loved.

Each serve of Dairy Farmers buttermilk is a good source of calcium.

With 4.5 health stars, Dairy Farmers Buttermilk is ideal for cooking. Consume as part of a balanced diet. ",,,"Per 100g/ml
Per Serving
%DI
Energy
215kJ
538kJ
6.0%
Protein
3.6g
9.0g
18.0%
Total Fat
1.8g
4.5g
6.0%
Saturated Fat
1.2g
3.0g
13.0%
Carbohydrate
5.1g
12.8g
4.0%
Sugars
5.1g
12.8g
14.000000000000002%
Calcium
128mg
320mg
Sodium
46mg
115mg
5.0%
Energy (Cal)
96Cal
128Cal
* Percentage Daily Intakes are based on an average adult diet of 8700 kJ. Your daily intakes may be higher or lower depending on your energy needs.",,https://www.coles.com.au/product/dairy-farmers-buttermilk-600ml-252739,,,2024-06-18T01:33:16.400023-04:00
"Ind54SColes_ADairy, Eggs & Fridge_SAMilk_IPura Milk Full Cream | 3L",Pura Milk Full Cream | 3L,Pura,"Dairy, Eggs & Fridge",Milk,Full cream milk,,$6.20,,,$2.07 per 1L,7828977,"Rich, creamy and nutritious, PURA Full Cream Milk naturally provides 8 essential nutrients to support a healthy mind and body: 

Protein - for muscle growth and repair 
Calcium and phosphorous - for strong bones and teeth 
Iodine and vitamin B5 - for healthy brain and cognitive function 
Potassium - for muscle function and hydration 
Vitamin B2 and B12 - for energy maintenance and immune support 

Consume as part of a varied diet.

4 health star rating. 

Proudly Australian owned and supporting local Australian dairy farming communities, choose high quality, nutritious and delicious milk from PURA.
Australian milk

Fresh milk

From Australian farmers

Rich in calcium

Natural source of protein

High quality.

Nutritious and delicious milk.",,,"Per 100g/ml
Per Serving
%DI
Energy
256kJ
640kJ
7%
Protein
3.2g
8.0g
16%
Total Fat
3.4g
8.5g
12%
Saturated Fat
2.2g
5.5g
23%
Carbohydrate
4.5g
11.3g
4%
Sugars
4.5g
11.3g
13%
Vitamin B2
0.15mg
0.38mg
22% RDI*
Calcium
111mg
276mg
35% RDI*
Vitamin B12
0.32ug
0.80ug
40% RDI*
Sodium
44mg
110mg
5%
Energy (Cal)
61Cal
153Cal
Potassium
143mg
358mg
Vitamin B5
0.28mg
0.70mg
14% RDI*
Iodine
17ug
43ug
29% RDI*
* Percentage Daily Intakes are based on an average adult diet of 8700 kJ. Your daily intakes may be higher or lower depending on your energy needs.",,https://www.coles.com.au/product/pura-milk-full-cream-3l-7828977,,,2024-06-18T01:33:28.630461-04:00
"Ind54SColes_ADairy, Eggs & Fridge_SAMilk_IFirst Press Cold Drip 10 Shot Coffee | 500mL",First Press Cold Drip 10 Shot Coffee | 500mL,First Press,"Dairy, Eggs & Fridge",Milk,Milk flavoured,,$12.95,,,$25.90 per 1L,3506265,"Say hello to the big boy. Made with 100% organic, single origin coffee beans from Honduras our original cold drip will dazzle you. With chocolate and red fruit notes its rich and strong with a light and smooth finish. ",,,,,https://www.coles.com.au/product/first-press-cold-drip-10-shot-coffee-500ml-3506265,,,2024-06-18T01:33:38.068336-04:00
"Ind54SColes_ADairy, Eggs & Fridge_SAPantry items_IRed Tractor Organic Rolled Oats | 1kg",Red Tractor Organic Rolled Oats | 1kg,Red Tractor,"Dairy, Eggs & Fridge",Pantry items,Cereals & spreads,,$6.50,,,"$0.65 per 100g
Was $7.50 on May 2024",3185296,"Red Tractor Organic Oats are steam stabilised (kiln free) to deliver a smooth, creamy texture. Our oats are 100% wholegrain, rich in fibre and protein and contain beta-glucan which helps reduce blood cholesterol.*
Red Tractor Organic Oats are farmed in the rich, volcanic soils of Victoria's Strathkellar region at the foothills of the Grampians. Our oats are grown by fifth generation farming family, the Nagorcka's, who first started harvesting Australian oats in 1876.
*A diet low in saturated fatty acids and containing 3g of beta-glucan per day reduces blood cholesterol.",,,"Per 100g/ml
Per Serving
%DI
Energy
1569kJ
628kJ
Protein
14.5g
5.8g
Total Fat
8.2g
3.3g
Saturated Fat
1.4g
0.6g
Carbohydrate
54.7g
21.9g
Sugars
1.1g
0.4g
Sodium
3mg
1mg
Dietary Fibre (total)
13.5g
5.4g
* Percentage Daily Intakes are based on an average adult diet of 8700 kJ. Your daily intakes may be higher or lower depending on your energy needs.",,https://www.coles.com.au/product/red-tractor-organic-rolled-oats-1kg-3185296,,,2024-06-18T01:33:49.133050-04:00
"Ind54SColes_ADairy, Eggs & Fridge_SAMilk_IBig M Strawberry Flavoured Milk | 2L",Big M Strawberry Flavoured Milk | 2L,Big M,"Dairy, Eggs & Fridge",Milk,Milk flavoured,,$6.50,,,$3.25 per 1L,5459938,"Big M Strawberry Flavoured Milk is a pasteurised reduced fat (26% less fat vs regular fat flavoured milk with 3.4% fat) strawberry flavoured milk with no artificial colours, flavours or sweeteners. Contains 8 nutrients and no preservatives.
Delicious coffee flavour

Provides the wholesome goodness of milk with 8 essential nutrients

Pasteurised reduced fat milk (47% less fat vs. regular fat flavoured milk with 3.4% fat)

No preservatives

Perfect as a morning or afternoon treat

Big M is available in 300ml, 500ml, 600ml, 750ml & 2 litre packs.",,,"Per 100g/ml
Per Serving
%DI
Energy
293kJ
733kJ
8%
Protein
3.2g
8.0g
16%
Total Fat
2.5g
6.3g
9%
Saturated Fat
1.6g
4.0g
17%
Carbohydrate
8.6g
21.5g
7%
Sugars
8.6g
21.5g
24%
Vitamin B2
0.13mg
0.33mg
19% RDI*
Vitamin B3
0
0
0
Calcium
117mg
293mg
37% RDI*
Iron
0
0
0
Vitamin A
0
0
0
Vitamin B
0
0
0
Vitamin C
0
0
0
Energy (Cal)
70Cal
175Cal
0
Dietary Fibre (total)
0
0
0
Magnesium
0
0
0
Selenium
0
0
0
Copper
0
0
0
Trans
0
0
0
Iodine
19ug
48ug
32% RDI*
Folic Acid
0
0
0
Inositol
0
0
0
Biotin
0
0
0
Molybdenum
0
0
0
Zinc
0
0
0
Sodium
43mg
108mg
5%
Choline
0
0
0
Chromium
0
0
0
Polyunsaturated
0
0
0
Potassium
153mg
383mg
0
Vitamin B6
0
0
0
Manganese
0
0
0
* Percentage Daily Intakes are based on an average adult diet of 8700 kJ. Your daily intakes may be higher or lower depending on your energy needs.",,https://www.coles.com.au/product/big-m-strawberry-flavoured-milk-2l-5459938,,,2024-06-18T01:34:00.613513-04:00
"Ind54SColes_ADairy, Eggs & Fridge_SAMilk_IIce Break Iced Coffee Triple Shot | 750mL",Ice Break Iced Coffee Triple Shot | 750mL,Ice Break,"Dairy, Eggs & Fridge",Milk,Milk flavoured,,$4.00,,$5.10,$5.33 per 1L,8224533,Ice Break Triple Shot is a 3 shot real coffee recharge made with Aussie milk.,,,"Per 100g/ml
Per Serving
%DI
Energy
293
1465
Protein
3.3g
16.5g
Total Fat
1.6g
8.0g
Saturated Fat
1.0g
5.0g
Carbohydrate
10.5g
52.5g
Sugars
9.9g
49.5g
Calcium
108mg
540mg
67% RDI*
Sodium
36mg
180mg
Energy (Cal)
70
350
Caffeine
41mg
205mg
* Percentage Daily Intakes are based on an average adult diet of 8700 kJ. Your daily intakes may be higher or lower depending on your energy needs.",,https://www.coles.com.au/product/ice-break-iced-coffee-triple-shot-750ml-8224533,,,2024-06-18T01:34:12.625402-04:00
"Ind54SColes_ADairy, Eggs & Fridge_SAMilk_ICaprilac Pasteurised Goats Milk | 1L",Caprilac Pasteurised Goats Milk | 1L,Caprilac,"Dairy, Eggs & Fridge",Milk,Specialty milk,,$6.40,,,$6.40 per 1L,3987232,"Premium quality fresh Australian goat's milk. Our CapriLac fresh goat milk is made from 100% natural goat milk straight from our farms in Australia. With A2 Goat Protein, CapriLac is a healthy and easier to digest alternative to cow's milk.
Easy to Digest

Gentle on the Stomach

Australian Made & Owned

Natural A2 Goat Protein

Good source of Calcium",,,"Per 100g/ml
Per Serving
%DI
Energy
272kJ per 100mL
Protein
3.0g per 100mL
Total Fat
4.1g per 100mL
Saturated Fat
2.6g per 100mL
Carbohydrate
4.1g per 100mL
Sugars
4.1g per 100mL
Calcium
125mg per 100mL
Sodium
32mg per 100mL
* Percentage Daily Intakes are based on an average adult diet of 8700 kJ. Your daily intakes may be higher or lower depending on your energy needs.",,https://www.coles.com.au/product/caprilac-pasteurised-goats-milk-1l-3987232,,,2024-06-18T01:34:25.477258-04:00
"Ind54SColes_ADairy, Eggs & Fridge_SAMilk_IPauls Zymil Lactose Free Milk Full Cream | 3L",Pauls Zymil Lactose Free Milk Full Cream | 3L,Pauls,"Dairy, Eggs & Fridge",Milk,Specialty milk,,$8.90,,,$2.97 per 1L,4228656,"At Pauls, we love dairy. We're pretty passionate about making great tasting products packed with real dairy goodness. We put that devotion into every Pauls milk, cream, custard and yoghurt we make. Milk is a natural source of protein, vitamins and minerals essential for good health. Rich in calcium, Pauls Zymil is simply milk which is easy to digest (As part of a healthy and varied diet, consuming Zymil instead of regular milk helps ease digestion in those who are sensitive to lactose). Plus Pauls Zymil is lactose free and made from real milk so it has all of the natural goodness of regular milk. Lactose free, easy to digest and rich in calcium.",,,,"Full cream milk, enzyme (lactase).",https://www.coles.com.au/product/pauls-zymil-lactose-free-milk-full-cream-3l-4228656,,,2024-06-18T01:34:34.741388-04:00
"Ind54SColes_ADairy, Eggs & Fridge_SAMilk_IHunt & Brew Creamy Milk | 1L",Hunt & Brew Creamy Milk | 1L,Hunt&Brew,"Dairy, Eggs & Fridge",Milk,Full cream milk,,$3.15,,$3.95,$3.15 per 1L,4163925,"Hunt and Brew is here to do dairy better.
We know that nothing beats the taste of fresh milk.
We have hunted the globe and found premium quality, fresh milk from Margaret River and the surrounding South West region of Western Australia.
Enjoy our Creamy milk with 3.5% fat. Nutritious full fat milk with delicious creamy taste that's perfect for your at-home smoothie or dairy occasion.
Our bottles are made from 100% recycled Australian plastic. Close the loop & Recycle me again.",,,"Per 100g/ml
Per Serving
%DI
Energy
266kJ
665kJ
8%
Protein
3.4g
8.5g
17%
Total Fat
3.5g
8.8g
13%
Saturated Fat
2.1g
5.3g
22%
Carbohydrate
4.8g
12g
4%
Sugars
3.6g
9g
10%
Calcium
100mg
250mg
31%
Sodium
31mg
78mg
3%
* Percentage Daily Intakes are based on an average adult diet of 8700 kJ. Your daily intakes may be higher or lower depending on your energy needs.",,https://www.coles.com.au/product/hunt-and-brew-creamy-milk-1l-4163925,,,2024-06-18T01:34:47.270901-04:00
"Ind54SColes_ADairy, Eggs & Fridge_SAMilk_IVitasoy Almond Iced Chocolate | 330mL",Vitasoy Almond Iced Chocolate | 330mL,Vitasoy,"Dairy, Eggs & Fridge",Milk,Milk flavoured,,$3.50,,,$10.61 per 1L,3624680,"Made with premium quality, whole Australian almonds and blended with single origin cocoa for a delicious drink to go. Vitasoy Whole Almond Chocolate is a natural source of vitamin E and provides the added benefit and goodness of calcium. It's naturally free from dairy, lactose, gluten and cholesterol. Plus you won't find any artificial colours or preservatives added in here. Put simply, it's like music to your mouth!
Made with Australian grown whole almonds

Naturally free from dairy, lactose, cholesterol and soy

Natural source of vitamin E

Benefit of 49% of your daily calcium needs

Suitable for vegans and vegetarians

No artificial colours or preservatives.",,,"Per 100g/ml
Per Serving
%DI
Energy
193
637
7%
Protein
1
3.3
7%
Total Fat
1.8
5.9
8%
Saturated Fat
0.2
0.7
3%
Carbohydrate
6.1
20.1
6%
Sugars
5.4
17.8
20%
Calcium
120
396
49%
Sodium
58
191
8%
Monounsaturated
1.1
3.6
Energy (Cal)
46
152
7%
Dietary Fibre (total)
0.7
2.3
8%
Polyunsaturated
0.5
1.7
* Percentage Daily Intakes are based on an average adult diet of 8700 kJ. Your daily intakes may be higher or lower depending on your energy needs.",,https://www.coles.com.au/product/vitasoy-almond-iced-chocolate-330ml-3624680,,,2024-06-18T01:34:59.614820-04:00
"Ind54SColes_ADairy, Eggs & Fridge_SAMilk_IA2 Full Cream Milk | 3L",A2 Full Cream Milk | 3L,A2,"Dairy, Eggs & Fridge",Milk,Specialty milk,,$9.90,,,$3.30 per 1L,3186175,"a2 Milk is no ordinary milk!

It is real milk that may be easier on digestion for some people*.

As the number 1 producer of A1 protein free milk in Australia, our purpose is to pioneer the future of dairy for good.


For more information on the a2 Milk difference visit www.a2milk.com.au

*a2 Milk comes from cows specially selected to naturally produce milk with only the A2-type beta-casein protein so may be easier on digestion than ordinary milk for some milk intolerant individuals when consumed as part of a healthy, varied diet.
All natural with no additives, this delicious and creamy fresh milk with less than 4g of fat per 100mL

Easier on digestion for some**a2 Milk comes from cows specially selected to naturally produce milk with only the A2-type beta-casein protein so may be easier on digestion than regular milk for some milk intolerant individuals when consumed as part of a healthy, varied diet.

Naturally all A2-type beta-casein protein type, and no A1Some people may be sensitive to a protein called A1 beta-casein commonly found in milk.

The perfect milk for all occasions! Use a2 Milk in tea and coffee, baking, cooking, with cereal, with cookies, or simply enjoy on its own.

a2 Milk has been proudly partnering with Landcare Australia since 2017 to support our farmers with initiatives to protect, enhance and restore the natural environment

Good source of calcium.

Contains Protein.",,,"Per 100g/ml
Per Serving
%DI
Energy
275kJ
688kJ
0
Protein
3.3g
8.3g
0
Total Fat
3.5g
8.8g
0
Saturated Fat
2.4g
6.0g
0
Carbohydrate
5.0g
12.5g
0
Sugars
4.7g
11.8g
0
Calcium
109mg
273mg
34.00%
Sodium
33mg
83mg
0
Monounsaturated
0
0
0
Energy (Cal)
65 Cal
163 Cal
0
Dietary Fibre (total)
0
0
0
Polyunsaturated
0
0
0
Potassium
147mg
368mg
0
Trans
0
0
0
* Percentage Daily Intakes are based on an average adult diet of 8700 kJ. Your daily intakes may be higher or lower depending on your energy needs.",,https://www.coles.com.au/product/a2-full-cream-milk-3l-3186175,,,2024-06-18T01:35:10.898144-04:00
"Ind54SColes_ADairy, Eggs & Fridge_SAMilk_IBig M Chocolate Flavoured Milk | 2L",Big M Chocolate Flavoured Milk | 2L,Big M,"Dairy, Eggs & Fridge",Milk,Milk flavoured,,$6.50,,,$3.25 per 1L,5018070,"Big M Choc Original Flavoured Milk is a pasteurised reduced fat (47% less fat vs regular fat flavoured milk with 3.4% fat) chocolate flavoured milk with 8 nutrients.
Delicious chocolate flavour

Provides the wholesome goodness of milk with 8 essential nutrients

Pasteurised reduced fat milk (47% less fat vs. regular fat flavoured milk with 3.4% fat)

No preservatives

Perfect as a morning or afternoon treat

Big M is available in 300ml, 500ml, 600ml, 750ml & 2 litre packs.",,,"Per 100g/ml
Per Serving
%DI
Energy
284kJ
710kJ
8%
Protein
3.2g
8.0g
16%
Total Fat
1.8g
4.5g
6%
Saturated Fat
1.2g
3.0g
13%
Carbohydrate
9.6g
24.0g
8%
Sugars
9.5g
23.8g
26%
Vitamin B2
0.13mg
0.33mg
19% RDI*
Calcium
112mg
280mg
35% RDI*
Vitamin B12
0.30ug
0.75ug
38% RDI*
Sodium
44mg
110mg
5%
Energy (Cal)
68Cal
170Cal
Potassium
153mg
383mg
Vitamin B5
0.29mg
0.73mg
15% RDI*
Iodine
19ug
48ug
32% RDI*
* Percentage Daily Intakes are based on an average adult diet of 8700 kJ. Your daily intakes may be higher or lower depending on your energy needs.",,https://www.coles.com.au/product/big-m-chocolate-flavoured-milk-2l-5018070,,,2024-06-18T01:35:22.301094-04:00
"Ind54SColes_ADairy, Eggs & Fridge_SAMilk_IColes Lite Milk Bottle | 1L",Coles Lite Milk Bottle | 1L,Coles,"Dairy, Eggs & Fridge",Milk,Full cream milk,,$1.60,,,$1.60 per 1L,1993256,"Coles Australian Dairy Lite Reduced Fat Milk 1L. Better Together with Australian Farmers The hard work and dedicated spirit of dairy farmers is embedded in the fabric of our country. That's why Coles is proud to directly partner with dairy farmers in New South Wales offering longer term agreements and helping farmers better plan for their future. We know each and every farmer we source our milk from and that's what makes us better together. The fresh, creamy goodness of milk is a source of protein and is rich in calcium for healthy teeth and bones. Enjoy the nourishment of Coles milk every day",,,"Per 100g/ml
Per Serving
%DI
Energy
184
460
5
Protein
3.4
8.5
17
Total Fat
1.2
3.0
4
Saturated Fat
LESS THAN 1g
2.3
10
Carbohydrate
4.8
12.0
4
Sugars
4.80
12.00
Calcium
122
305
Sodium
37
92
4
Energy (Cal)
44
110
Dietary Fibre (total)
0.00
0.00
* Percentage Daily Intakes are based on an average adult diet of 8700 kJ. Your daily intakes may be higher or lower depending on your energy needs.",,https://www.coles.com.au/product/coles-lite-milk-bottle-1l-1993256,,,2024-06-18T01:35:33.904217-04:00
"Ind54SColes_ADairy, Eggs & Fridge_SAFrozen desserts_IPeters Original Party Cake Frozen Dessert | 1.5L",Peters Original Party Cake Frozen Dessert | 1.5L,Peters,"Dairy, Eggs & Fridge",Frozen desserts,Cakes & cheesecakes,,$14.00,,,$0.93 per 100mL,5103340,"Layered with everybody's favourite ice cream combination of chocolate, strawberry and vanilla this delicious ice cream cake is topped with colourful sprinkles. You can get the party started by serving immediately, or by adding further toppings to customise your Party Cake for friends and family.",,,"Per 100g/ml
Per Serving
%DI
Energy
770kJ
380kJ
4%
Protein
1.9g
1g
2%
Total Fat
6.6g
3.3g
5%
Saturated Fat
6g
3g
12%
Carbohydrate
28.5g
14.2g
5%
Sugars
22.8g
11.4g
13%
Sodium
95mg
45mg
2%
* Percentage Daily Intakes are based on an average adult diet of 8700 kJ. Your daily intakes may be higher or lower depending on your energy needs.",,https://www.coles.com.au/product/peters-original-party-cake-frozen-dessert-1.5l-5103340,,,2024-06-18T01:35:44.925408-04:00
"Ind54SColes_ADairy, Eggs & Fridge_SAMilk_IPauls Zymil Lactose Free Skim Milk | 1L",Pauls Zymil Lactose Free Skim Milk | 1L,Pauls,"Dairy, Eggs & Fridge",Milk,Specialty milk,,$3.90,,,$3.90 per 1L,8972436,"At Pauls, we love dairy. We're pretty passionate about making great tasting products packed with real dairy goodness. We put that devotion into every Pauls milk, cream, custard and yoghurt we make. Milk is a natural source of protein, vitamins and minerals essential for good health. Rich in calcium, Pauls Zymil is simply milk which is easy to digest (As part of a healthy and varied diet, consuming Zymil instead of regular milk helps ease digestion in those who are sensitive to lactose). Plus Pauls Zymil is lactose free and made from real milk so it has all of the natural goodness of regular milk. Lactose free, easy to digest and rich in calcium.
Skim milk

Lactose free

Easy to digest",,,"Per 100g/ml
Per Serving
%DI
Energy
148kJ
370kJ
Protein
3.4g
8.5g
Total Fat
0.1g
0.3g
Saturated Fat
0.1g
0.3g
Carbohydrate
5.1g
12.8g
Sugars
5.1g
12.8g
Vitamin B2
0.2mg
0.4mg
25%RDI*
Calcium
121mg
303mg
38% RDI*
Lactose
Nil
Nil
Sodium
40mg
100mg
Energy (Cal)
35Cal
89Cal
Dietary Fibre (total)
0.0g
0.0g
Galactose
2.5g
6.3g
* Percentage Daily Intakes are based on an average adult diet of 8700 kJ. Your daily intakes may be higher or lower depending on your energy needs.",,https://www.coles.com.au/product/pauls-zymil-lactose-free-skim-milk-1l-8972436,,,2024-06-18T01:35:56.167716-04:00
"Ind54SColes_ADairy, Eggs & Fridge_SAMilk_IPura Full Cream Milk | 2L",Pura Full Cream Milk | 2L,Pura,"Dairy, Eggs & Fridge",Milk,Full cream milk,,$4.30,,,$2.15 per 1L,5477930,"Rich, creamy and nutritious, PURA Full Cream Milk naturally provides 8 essential nutrients to support a healthy mind and body: 

Protein - for muscle growth and repair 
Calcium and phosphorous - for strong bones and teeth 
Iodine and vitamin B5 - for healthy brain and cognitive function 
Potassium - for muscle function and hydration 
Vitamin B2 and B12 - for energy maintenance and immune support 

Consume as part of a varied diet.

4 health star rating. 

Proudly Australian owned and supporting local Australian dairy farming communities, choose high quality, nutritious and delicious milk from PURA.
Australian milk

Fresh milk

From Australian farmers

Rich in calcium

Natural source of protein

High quality.

Nutritious and delicious milk.",,,"Per 100g/ml
Per Serving
%DI
Energy
256kJ
640kJ
7%
Protein
3.2g
8.0g
16%
Total Fat
3.4g
8.5g
12%
Saturated Fat
2.2g
5.5g
23%
Carbohydrate
4.5g
11.3g
4%
Sugars
4.5g
11.3g
13%
Vitamin B2
0.15mg
0.38mg
22% RDI*
Calcium
111mg
278mg
35% RDI*
Vitamin B12
0.32ug
0.80ug
40% RDI*
Sodium
43mg
108mg
5%
Energy (Cal)
61Cal
153Cal
Potassium
143mg
358mg
Vitamin B5
0.28mg
0.70mg
14% RDI*
Iodine
17ug
43ug
28% RDI*
* Percentage Daily Intakes are based on an average adult diet of 8700 kJ. Your daily intakes may be higher or lower depending on your energy needs.",,https://www.coles.com.au/product/pura-full-cream-milk-2l-5477930,,,2024-06-18T01:36:08.432963-04:00
"Ind54SColes_ADairy, Eggs & Fridge_SAMilk_IA2 Lactose Free Light Milk | 2L",A2 Lactose Free Light Milk | 2L,A2,"Dairy, Eggs & Fridge",Milk,Specialty milk,,$6.90,,$7.30,$3.45 per 1L,5458243,"This reduced fat milk comes from 100% Australian cows and is lite on fat, but full on flavour. As the number 1 producer of A1 protein free milk in Australia, our purpose is to pioneer the future of dairy for good.
For more information on the a2 Milk difference visit www.a2milk.com.au
This delicious and creamy fresh milk contains just 1.3g of fat per 100mL

Lactose Free Milk is easy to digest for people with intolerance or sensitivity to lactose**a2 Milk Lactose Freemay be easy to digestcompared to ordinarymilk for some peoplewho are sensitive tolactose, when consumedas part of a healthy,varied diet.

Naturally all A2-type beta-casein protein type, and no A1Some people may be sensitive to a protein called A1 beta-casein commonly found in milk.

The perfect milk for all occasions! Use a2 Milk in tea and coffee, baking, cooking, with cereal, with cookies, or simply enjoy on its own.

a2 Milk has been proudly partnering with Landcare Australia since 2017 to support our farmers with initiatives to protect, enhance and restore the natural environment

Good source of calcium.

The only naturally A1 protein free milk that is also lactose free!.",,,"Per 100g/ml
Per Serving
%DI
Energy
193kJ
484kJ
0
Protein
3.3g
8.3g
0
Total Fat
1.3g
3.3g
0
Saturated Fat
0.9g
2.3g
0
Carbohydrate
5.2g
13.0g
0
Sugars
5.2g
13.0g
0
Calcium
117mg
293mg
36.00%
Lactose
Not Detected
Not Detected
0
Sodium
44mg
110mg
0
Monounsaturated
0
0
0
Energy (Cal)
46 Cal
116 Cal
0
Dietary Fibre (total)
0.0g
0.0g
0
Polyunsaturated
0
0
0
Galactose
2.6g
6.5g
0
Potassium
150mg
375mg
0
Trans
0
0
0
* Percentage Daily Intakes are based on an average adult diet of 8700 kJ. Your daily intakes may be higher or lower depending on your energy needs.",,https://www.coles.com.au/product/a2-lactose-free-light-milk-2l-5458243,,,2024-06-18T01:36:20.361998-04:00
"Ind54SColes_ADairy, Eggs & Fridge_SAPackaged Deli Meats_IProvedore Salami & Prosciutto Tasting Plate | 100g",Provedore Salami & Prosciutto Tasting Plate | 100g,Provedore,"Dairy, Eggs & Fridge",Packaged Deli Meats,Packaged Deli Meat,,$7.50,Pick any 2 for $12,,$75.00 per 1kg,5009261,"A mix of the best for entertaining Prosciutto, Coppa and Italian Style Salami. Perfect for entertaining on the go.",,,,,https://www.coles.com.au/product/provedore-salami-and-prosciutto-tasting-plate-100g-5009261,,,2024-06-18T01:37:56.802522-04:00
"Ind54SColes_ADairy, Eggs & Fridge_SAMeat, seafood & deli_IPrimo Gluten Free Classic Kransky | 250g",Primo Gluten Free Classic Kransky | 250g,Primo,"Dairy, Eggs & Fridge","Meat, seafood & deli",Deli foods,,$4.40,,,"$17.60 per 1kg
Was $5.80 on May 2024",3053965,"Pre-cooked sausage
Ready in minutes
Tradionally Inpired European Recipe
Gluten free
No artificial colours",,,"Per 100g/ml
Per Serving
%DI
Energy
1030kJ
644kJ
7%
Protein
16.0g
10.0g
20%
Total Fat
19.8g
12.4g
18%
Saturated Fat
7.7g
4.8g
20%
Carbohydrate
1.5g
<1g
<1%
Sugars
<1g
<1g
<1%
Sodium
762mg
476mg
21%
Monounsaturated
0g
0g
0.0%
Energy (Cal)
0Cal
0Cal
0.0%
Dietary Fibre (total)
0g
0g
1300.0%
Polyunsaturated
0g
0g
0.0%
Gluten
Not detected
Not detected
0.0%
Trans
0g
0g
0.0%
* Percentage Daily Intakes are based on an average adult diet of 8700 kJ. Your daily intakes may be higher or lower depending on your energy needs.",,https://www.coles.com.au/product/primo-gluten-free-classic-kransky-250g-3053965,,,2024-06-18T01:38:08.327871-04:00
"Ind54SColes_ADairy, Eggs & Fridge_SAPackaged Deli Meats_IThomson's Deli Cooking Bacon | 1kg",Thomson's Deli Cooking Bacon | 1kg,Thomsons Deli,"Dairy, Eggs & Fridge",Packaged Deli Meats,Packaged Bacon,,$10.25,,,$10.25 per 1kg,2819312,"Thomson's Deli Cooking Bacon is gluten-free, no artificial flavours and colours. Naturally wood smoked.",,,"Per 100g/ml
Per Serving
%DI
Energy
1400kJ
700kJ
8%
Protein
11.5g
5.8g
12%
Total Fat
25.1g
12.6g
18%
Saturated Fat
13.1g
6.6g
27%
Carbohydrate
1.1g
Less than 1g
<1%
Sugars
Less than 1g
Less than 1g
<1%
Sodium
1090mg
545mg
24%
Gluten
Not detected
Not detected
* Percentage Daily Intakes are based on an average adult diet of 8700 kJ. Your daily intakes may be higher or lower depending on your energy needs.",,https://www.coles.com.au/product/thomson's-deli-cooking-bacon-1kg-2819312,,,2024-06-18T01:38:19.467854-04:00
"Ind54SColes_ADairy, Eggs & Fridge_SAPackaged Deli Meats_IBritish Sausage Co Smoked Back Bacon | 200g",British Sausage Co Smoked Back Bacon | 200g,British Sausage Co,"Dairy, Eggs & Fridge",Packaged Deli Meats,Packaged Bacon,,$5.60,,$7.00,$28.00 per 1kg,2805362,"The knowledge and passion in this great bacon comes from a third generation UK butcher who immigrated to Australia. His time-honoured recipe uses traditional curing, drying and smoking methods and the finest 100% Australian Pork. The secret to this beautiful bacon is that it is raw cured and not cooked which allows the natural sweetness of the pork and the special cure time to mature, so the bacon develops a superior flavour and satisfying meaty bite. Taste the difference.",,,,,https://www.coles.com.au/product/british-sausage-co-smoked-back-bacon-200g-2805362,,,2024-06-18T01:38:29.498466-04:00
"Ind54SColes_ADairy, Eggs & Fridge_SAPackaged Deli Meats_ITidbit Foods Prosciutto Di Parma Dop | 100g",Tidbit Foods Prosciutto Di Parma Dop | 100g,Tidbit Foods,"Dairy, Eggs & Fridge",Packaged Deli Meats,Packaged Deli Meat,,$9.50,,,$95.00 per 1kg,4253540,,,,,,https://www.coles.com.au/product/tidbit-foods-prosciutto-di-parma-dop-100g-4253540,,,2024-06-18T01:38:38.610841-04:00
"Ind54SColes_ADairy, Eggs & Fridge_SAPackaged Deli Meats_ITidbit Foods Jamon Serrano | 80g",Tidbit Foods Jamon Serrano | 80g,Tidbit Foods,"Dairy, Eggs & Fridge",Packaged Deli Meats,Packaged Deli Meat,,$6.00,,,$75.00 per 1kg,4253529,,,,,,https://www.coles.com.au/product/tidbit-foods-jamon-serrano-80g-4253529,,,2024-06-18T01:38:47.523390-04:00
"Ind54SColes_ADairy, Eggs & Fridge_SAPrimo_IPrimo Streaky Rindless Bacon | 200g",Primo Streaky Rindless Bacon | 200g,Primo,"Dairy, Eggs & Fridge",Primo,Crackers & Snacks,,$5.50,,$6.80,$27.50 per 1kg,3055494,"Wake up happy, Australia's Favourite Bacon is Sizzling with Flavour! 

Primo Streaky Bacon is the most flavorsome bacon. These pork belly rashers have streaks of meat and a generous section of fat which delivers the great taste. Ideal for crispy bacon lovers!

Primo Bacon is gluten free with no artificial colours or flavours.",,,"Per 100g/ml
Per Serving
%DI
Energy
1250kJ
625kJ
7%
Protein
14.1g
7.1g
14%
Total Fat
26.6g
13.3g
19%
Saturated Fat
11.5g
5.8g
24%
Carbohydrate
1.5g
Less than 1g
<1%
Sugars
Less than 1g
Less than 1g
<1%
Sodium
910mg
455mg
20%
Gluten
Not Detected
Not Detected
* Percentage Daily Intakes are based on an average adult diet of 8700 kJ. Your daily intakes may be higher or lower depending on your energy needs.",,https://www.coles.com.au/product/primo-streaky-rindless-bacon-200g-3055494,,,2024-06-18T01:38:59.944482-04:00
"Ind54SColes_ADairy, Eggs & Fridge_SAPrimo_IPrimo 25% Salt Reduced Leg Ham | 100g",Primo 25% Salt Reduced Leg Ham | 100g,Primo,"Dairy, Eggs & Fridge",Primo,Crackers & Snacks,,$3.95,Pick any 2 for $6.70,,$39.50 per 1kg,5644237,Primo 25% Less Salt Sliced Leg Ham is a thinly sliced champagne ham with a slight sweet flavour. Perfect on a roll with mustard. ,,,"Per 100g/ml
Per Serving
%DI
Energy
439kJ
220kJ
3%
Protein
17.8g
8.9g
18%
Total Fat
3.0g
1.5g
2%
Saturated Fat
1.1g
Less than 1g
2%
Carbohydrate
1.6g
Less than 1g
<1%
Sugars
Less than 1g
Less than 1g
<1%
Sodium
622mg
311mg
14%
Gluten
Not Detected
Not Detected
Potassium
836mg
418mg
* Percentage Daily Intakes are based on an average adult diet of 8700 kJ. Your daily intakes may be higher or lower depending on your energy needs.",,https://www.coles.com.au/product/primo-25percent-salt-reduced-leg-ham-100g-5644237,,,2024-06-18T01:39:11.124904-04:00
"Ind54SColes_ADairy, Eggs & Fridge_SAPrimo_IPrimo Shredded Ham Twin Pack | 300g",Primo Shredded Ham Twin Pack | 300g,Primo,"Dairy, Eggs & Fridge",Primo,Crackers & Snacks,,$5.00,,,$16.67 per 1kg,8146087,"Primo Shredded Ham is conveniently shredded and packed into a twin (2x150g) pack. Ideal for use in pizza toppings, omelette, sandwich fillings or other recipes. Primo Shredded Ham is gluten free.",,,"Per 100g/ml
Per Serving
%DI
Energy
612kJ
306kJ
4%
Protein
11.6g
5.8g
12%
Total Fat
6.3g
3.2g
5%
Saturated Fat
2.2g
1.1g
5%
Carbohydrate
10.1g
5.1g
1.60%
Sugars
Less than 1g
Less than 1g
0.20%
Sodium
1400mg
700mg
30%
Gluten
Not detected
Not detected
* Percentage Daily Intakes are based on an average adult diet of 8700 kJ. Your daily intakes may be higher or lower depending on your energy needs.",,https://www.coles.com.au/product/primo-shredded-ham-twin-pack-300g-8146087,,,2024-06-18T01:39:23.439254-04:00
"Ind54SColes_ADairy, Eggs & Fridge_SAPrimo_IPrimo Short Cut Salt Reduced Rindless Bacon | 200g",Primo Short Cut Salt Reduced Rindless Bacon | 200g,Primo,"Dairy, Eggs & Fridge",Primo,Crackers & Snacks,,$5.50,,$6.80,$27.50 per 1kg,5008360,"Perfect for breakfast, grill or BBQ with eggs, tomatoes and sausages.

Primo Shortcut Rindless Bacon is the leanest of them all

Lean round pieces of bacon from top grade loin for those who enjoy a meatier, leaner flavour preference.

Gluten free

No artificial colours or flavours

*25% less salt compared to Primo Short Cut Rindless Bacon 200g.",,,"Per 100g/ml
Per Serving
%DI
Energy
943 kJ
472 kJ
5%
Protein
20.3 g
10.2 g
20%
Total Fat
16.1 g
8.1 g
12%
Saturated Fat
6.5 g
3.3 g
14%
Carbohydrate
Less than 1 g
Less than 1 g
<1%
Sugars
Less than 1 g
Less than 1 g
<1%
Sodium
597 mg
299 mg
13%
* Percentage Daily Intakes are based on an average adult diet of 8700 kJ. Your daily intakes may be higher or lower depending on your energy needs.",,https://www.coles.com.au/product/primo-short-cut-salt-reduced-rindless-bacon-200g-5008360,,,2024-06-18T01:39:35.694435-04:00
"Ind54SColes_ADairy, Eggs & Fridge_SAPrimo_IPrimo Roast Pork Thinly Sliced | 80g",Primo Roast Pork Thinly Sliced | 80g,Primo,"Dairy, Eggs & Fridge",Primo,Crackers & Snacks,,$3.95,Pick any 2 for $6.70,,$49.38 per 1kg,3576351,"Delve into Primo's range of delicious sliced lunch meats! 100% free from artificial colours and flavours, conveniently sliced and ready for your next sandwich, wrap or roll!",,,"Per 100g/ml
Per Serving
%DI
Energy
489kJ
196kJ
2%
Protein
21.4g
8.6g
17%
Total Fat
2.6g
1.0g
1%
Saturated Fat
1.0g
<1g
2%
Carbohydrate
1.7g
<1g
<1%
Sugars
<1g
<1g
<1%
Sodium
1390mg
556mg
24%
* Percentage Daily Intakes are based on an average adult diet of 8700 kJ. Your daily intakes may be higher or lower depending on your energy needs.",,https://www.coles.com.au/product/primo-roast-pork-thinly-sliced-80g-3576351,,,2024-06-18T01:39:46.684736-04:00
"Ind54SColes_ADairy, Eggs & Fridge_SAPackaged Deli Meats_IThomson's Deli Mild Hungarian Salami | 320g",Thomson's Deli Mild Hungarian Salami | 320g,Thomsons Deli,"Dairy, Eggs & Fridge",Packaged Deli Meats,Packaged Deli Meat,,$9.00,,,$28.13 per 1kg,3930461,"Thomsons Deli products are great value and perfect for a tasty and convenient breakfast, lunch or dinner.",,,,,https://www.coles.com.au/product/thomson's-deli-mild-hungarian-salami-320g-3930461,,,2024-06-18T01:39:55.597050-04:00
"Ind54SColes_ADairy, Eggs & Fridge_SAPackaged Deli Meats_IThomson's Deli English Style Ham Quad Pack | 400g",Thomson's Deli English Style Ham Quad Pack | 400g,Thomsons Deli,"Dairy, Eggs & Fridge",Packaged Deli Meats,Packaged Deli Meat,,$6.00,,,$15.00 per 1kg,2260476,"English Ham Sliced is a classic choice with your favourite accompaniments to make your next lunch delicious sandwich, roll or wrap.",,,"Per 100g/ml
Per Serving
%DI
Energy
375.40
187.70
2
Protein
15.60
7.80
16
Total Fat
2.00
1.00
1
Saturated Fat
0.60
0.30
1
Carbohydrate
1.80
0.90
0
Sugars
1.80
0.90
1
Sodium
892.00
446.00
19
Energy (Cal)
89.81
44.90
0
Dietary Fibre (total)
0.70
0.35
1
Gluten
0.00
0.00
0
* Percentage Daily Intakes are based on an average adult diet of 8700 kJ. Your daily intakes may be higher or lower depending on your energy needs.",,https://www.coles.com.au/product/thomson's-deli-english-style-ham-quad-pack-400g-2260476,,,2024-06-18T01:40:07.034682-04:00
"Ind54SColes_ADairy, Eggs & Fridge_SAPackaged Deli Meats_IColes Rindless Pan Sized Bacon | 200g",Coles Rindless Pan Sized Bacon | 200g,Coles,"Dairy, Eggs & Fridge",Packaged Deli Meats,Packaged Bacon,,$5.40,,,$27.00 per 1kg,1015863,Wood SmokedGluten Free,,,"Per 100g/ml
Per Serving
%DI
Energy
800.60
400.30
Protein
16.00
8.00
Carbohydrate
2.30
1.15
Sugars
1.40
0.70
Sodium
1004.00
502.00
Saturated
5.30
2.65
Energy (Cal)
191.53
95.77
Fat
13.10
6.55
Dietary Fibre (total)
0.60
0.30
Gluten
0.00
0.00
Trans
0.03
0.02
* Percentage Daily Intakes are based on an average adult diet of 8700 kJ. Your daily intakes may be higher or lower depending on your energy needs.","INGREDIENTS: Sow Stall Free Pork (86%), Water, Salt, Sugar, Stabiliser (451) Dextrose, Antioxidant (316), Preservative (250). Natural Wood Smoked.",https://www.coles.com.au/product/coles-rindless-pan-sized-bacon-200g-1015863,,,2024-06-18T01:40:19.103911-04:00
"Ind54SColes_ADairy, Eggs & Fridge_SAPackaged Deli Meats_IDon Hot Hungarian Salami | 200g",Don Hot Hungarian Salami | 200g,Don,"Dairy, Eggs & Fridge",Packaged Deli Meats,Packaged Deli Meat,,$8.50,,,$42.50 per 1kg,4253303,"Your favourite Hungarian Salami with added real chilli for an intense, spicy kick. DON Hot Hungarian Salami is made with no artificial colours or flavours. Slice it as you like and use in sandwiches, stews, casseroles or on pizza.
Hot spicy salami

Perfect for entertaining or snacking

No artificial colours & flavours

200g chub for you to slice and enjoy to your own taste",,,"Per 100g/ml
Per Serving
%DI
Energy
1820kJ
910kJ
10%
Protein
21.4g
10.7g
21%
Total Fat
36.8g
18.4g
26%
Saturated Fat
14.7g
7.4g
31%
Carbohydrate
5.4g
2.7g
1%
Sugars
Less Than 1g
Less Than 1g
Less Than 1%
Sodium
1490mg
745mg
32%
* Percentage Daily Intakes are based on an average adult diet of 8700 kJ. Your daily intakes may be higher or lower depending on your energy needs.",,https://www.coles.com.au/product/don-hot-hungarian-salami-200g-4253303,,,2024-06-18T01:40:31.115751-04:00
"Ind54SColes_ADairy, Eggs & Fridge_SAPackaged Deli Meats_IDon Deli Cuts Roast Turkey Shaved | 80g",Don Deli Cuts Roast Turkey Shaved | 80g,Don,"Dairy, Eggs & Fridge",Packaged Deli Meats,Packaged Deli Meat,,$4.30,Pick any 2 for $6.40,,$53.75 per 1kg,8087578,"From a third generation local butcher in 1947 to the deli flavour that brings families and friends together. 

Thanks for making us part of your tradition. ",,,"Per 100g/ml
Per Serving
%DI
Energy
385kJ
154kJ
2%
Protein
16.0g
6.4g
13%
Total Fat
<1g
<1g
<1%
Saturated Fat
<1g
<1g
<1%
Carbohydrate
6.2g
2.5g
1%
Sugars
1.9g
<1g
1%
Sodium
920mg
368mg
16%
Monounsaturated
0
0
0
Energy (Cal)
0
0
0
Dietary Fibre (total)
0
0
0
Polyunsaturated
0
0
0
Gluten
Not Detected
Not Detected
0
Trans
0
0
0
* Percentage Daily Intakes are based on an average adult diet of 8700 kJ. Your daily intakes may be higher or lower depending on your energy needs.",,https://www.coles.com.au/product/don-deli-cuts-roast-turkey-shaved-80g-8087578,,,2024-06-18T01:40:43.470831-04:00
"Ind54SColes_ADairy, Eggs & Fridge_SAPrimo_IPrimo 25% Salt Reduced Mild Salami | 80g",Primo 25% Salt Reduced Mild Salami | 80g,Primo,"Dairy, Eggs & Fridge",Primo,Crackers & Snacks,,$3.95,Pick any 2 for $6.70,,$49.38 per 1kg,5644168,Primo 25% Less Salt Sliced Mild Salami is a mild Hungarian salami with slight spice notes. Serve on a roll or sandwich. ,,,"Per 100g/ml
Per Serving
%DI
Energy
1390kJ
556kJ
6%
Protein
19.4g
7.8g
16%
Total Fat
28.5g
11.4g
16%
Saturated Fat
11.2g
4.5g
19%
Carbohydrate
Less than 1g
Less than 1g
<1%
Sugars
Less than 1g
Less than 1g
<1%
Sodium
1040mg
416mg
18%
Gluten
Not Detected
Not Detected
Potassium
751mg
300mg
* Percentage Daily Intakes are based on an average adult diet of 8700 kJ. Your daily intakes may be higher or lower depending on your energy needs.",,https://www.coles.com.au/product/primo-25percent-salt-reduced-mild-salami-80g-5644168,,,2024-06-18T01:40:54.579711-04:00
"Ind54SColes_ADairy, Eggs & Fridge_SAPackaged Deli Meats_IDon Crafted Cuts Streaky Bacon | 180g",Don Crafted Cuts Streaky Bacon | 180g,Don,"Dairy, Eggs & Fridge",Packaged Deli Meats,Packaged Bacon,,$7.00,,,$38.89 per 1kg,4258690,"DON Crafted Cuts Streaky Bacon is made from succulent pork belly sourced from sow stall free farms. This bacon is gluten free and contains no artificial flavours or colours. Simply cook and serve or try chopped as a topping for pasta, baked potatoes or homemade pizza.
Sow stall free bacon

Succulent pork belly rich in flavour

No artificial colours and flavours

Australian hardwood smoked

Gluten free",,,"Per 100g/ml
Per Serving
%DI
Energy
1064kJ
479kJ
6%
Protein
12.2g
5.5g
11%
Total Fat
22.1g
9.9g
14%
Saturated Fat
9.2g
4.1g
17%
Carbohydrate
2.3g
1.0g
LESS THAN 1%
Sugars
2.2g
1.0g
1%
Sodium
1230mg
554mg
24%
Gluten
NOT DETECTED
NOT DETECTED
* Percentage Daily Intakes are based on an average adult diet of 8700 kJ. Your daily intakes may be higher or lower depending on your energy needs.",,https://www.coles.com.au/product/don-crafted-cuts-streaky-bacon-180g-4258690,,,2024-06-18T01:41:06.034239-04:00
"Ind54SColes_ADairy, Eggs & Fridge_SAMeat, seafood & deli_IPrimo Gluten Free Cheese Kransky | 250g",Primo Gluten Free Cheese Kransky | 250g,Primo,"Dairy, Eggs & Fridge","Meat, seafood & deli",Deli foods,,$4.40,,,"$17.60 per 1kg
Was $5.80 on May 2024",2807460,"Pre-cooked sausage
Ready in minutes
Cheese Pieces
Gluten free
No artificial colours",,,"Per 100g/ml
Per Serving
%DI
Energy
1060kJ
663kJ
8%
Protein
14.9g
9.3g
19%
Total Fat
21.3g
13.3g
19%
Saturated Fat
8.9g
5.6g
23%
Carbohydrate
<1g
<1g
<1%
Sugars
<1g
<1g
<1%
Sodium
943mg
589mg
26%
Monounsaturated
0g
0g
0.0%
Energy (Cal)
0Cal
0Cal
0.0%
Dietary Fibre (total)
0g
0g
1200.0%
Polyunsaturated
0g
0g
0.0%
Gluten
Not detected
Not detected
0.0%
Trans
0g
0g
0.0%
* Percentage Daily Intakes are based on an average adult diet of 8700 kJ. Your daily intakes may be higher or lower depending on your energy needs.",,https://www.coles.com.au/product/primo-gluten-free-cheese-kransky-250g-2807460,,,2024-06-18T01:41:18.867508-04:00
"Ind54SColes_ADairy, Eggs & Fridge_SAPrimo_IPrimo Middle Bacon | 750g",Primo Middle Bacon | 750g,Primo,"Dairy, Eggs & Fridge",Primo,Crackers & Snacks,,$12.50,,$16.80,$16.67 per 1kg,4258996,"Primo Middle Bacon rashers are a long cut of bacon which are one half short cut bacon and the other half streaky bacon. You can delight everyone in the family with middle bacon. BBQ, grill or fry to desired crispness.",,,"Per 100g/ml
Per Serving
%DI
Energy
1030kJ
515kJ
6%
Protein
15.1g
7.6g
15%
Total Fat
20.4g
10.2g
15%
Saturated Fat
8.2g
4.1g
17%
Carbohydrate
1.2g
Less than 1g
<1%
Sugars
1.0g
Less than 1g
<1%
Sodium
1030mg
515mg
22%
Gluten
Not detected
Not detected
* Percentage Daily Intakes are based on an average adult diet of 8700 kJ. Your daily intakes may be higher or lower depending on your energy needs.",,https://www.coles.com.au/product/primo-middle-bacon-750g-4258996,,,2024-06-18T01:41:30.997208-04:00
"Ind54SColes_ADairy, Eggs & Fridge_SAPackaged Deli Meats_IDon Crafted Cuts Double Smoked Pansize Bacon | 200g",Don Crafted Cuts Double Smoked Pansize Bacon | 200g,Don,"Dairy, Eggs & Fridge",Packaged Deli Meats,Packaged Bacon,,$7.00,,,$35.00 per 1kg,4258180,"DON Crafted Cuts Double Smoked Pan Size Bacon is sourced from sow stall free farms and double smoked over Australian hardwood. Simply cook and serve hot for breakfast or add to pastas, stews, and other dishes. Contains no artificial colours or flavours.
Sow stall free bacon

Extra smokey for robust flavour

No artificial colours and flavours

Australian hardwood smoked

Gluten free",,,"Per 100g/ml
Per Serving
%DI
Energy
767kJ
384kJ
4%
Protein
15.7g
7.9g
16%
Total Fat
12.7g
6.1g
9%
Saturated Fat
5.2g
2.6g
11%
Carbohydrate
3.1g
1.6g
1%
Sugars
1.5g
Less Than 1g
1%
Sodium
1270mg
635mg
28%
Gluten
Not Detected
Not Detected
* Percentage Daily Intakes are based on an average adult diet of 8700 kJ. Your daily intakes may be higher or lower depending on your energy needs.",,https://www.coles.com.au/product/don-crafted-cuts-double-smoked-pansize-bacon-200g-4258180,,,2024-06-18T01:41:42.097914-04:00
"Ind54SColes_ADairy, Eggs & Fridge_SAPrimo_IPrimo Sliced Turkey Breast | 80g",Primo Sliced Turkey Breast | 80g,Primo,"Dairy, Eggs & Fridge",Primo,Crackers & Snacks,,$3.95,Pick any 2 for $6.70,,$49.38 per 1kg,2814024,"Made in Australia with at least 89% Australian ingredients.

Gluten free.

No artificial colours.

No artificial flavours.

Source of protein.",,,"Per 100g/ml
Per Serving
%DI
Energy
449kJ
180kJ
2%
Protein
14.4g
5.8g
12%
Total Fat
2.8g
1.1g
2%
Saturated Fat
1.0g
<1g
2%
Carbohydrate
5.1g
2.0g
<1%
Sugars
2.3g
<1g
<1%
Sodium
974mg
390mg
17%
Gluten
Not Detected
Not Detected
* Percentage Daily Intakes are based on an average adult diet of 8700 kJ. Your daily intakes may be higher or lower depending on your energy needs.",,https://www.coles.com.au/product/primo-sliced-turkey-breast-80g-2814024,,,2024-06-18T01:41:54.257351-04:00
"Ind54SColes_ADairy, Eggs & Fridge_SAPackaged Deli Meats_IDon Dairy Strasburg Knob | 500g",Don Dairy Strasburg Knob | 500g,Don,"Dairy, Eggs & Fridge",Packaged Deli Meats,Packaged Deli Meat,,$7.45,,,$14.90 per 1kg,5249527,"Selected meats, pork fat, and traditional spices are blended and cooked to perfection - a true DON classic that is perfect in a sandwich.",,,"Per 100g/ml
Per Serving
%DI
Energy
1130kJ
565kJ
6%
Protein
13.6g
6.8g
14%
Total Fat
23.1g
11.6g
17%
Saturated Fat
9.6g
4.8g
20%
Carbohydrate
2.5g
1.3g
Less Than 1%
Sugars
Less Than 1g
Less Than 1g
Less Than 1%
Sodium
1070mg
535mg
23%
* Percentage Daily Intakes are based on an average adult diet of 8700 kJ. Your daily intakes may be higher or lower depending on your energy needs.",,https://www.coles.com.au/product/don-dairy-strasburg-knob-500g-5249527,,,2024-06-18T01:42:05.810060-04:00
"Ind54SColes_ADairy, Eggs & Fridge_SAPackaged Deli Meats_IColes English Sliced Ham | 100g",Coles English Sliced Ham | 100g,Coles,"Dairy, Eggs & Fridge",Packaged Deli Meats,Packaged Deli Meat,,$2.45,Pick any 2 for $6.70,,$24.50 per 1kg,3053353,This delicious ham is a great addition to sandwiches or wraps or simply add to your favourite pizza or platter!,,,"Per 100g/ml
Per Serving
%DI
Energy
367
183
2
Protein
15.6
7.8
16
Total Fat
2.0
1.0
1
Saturated Fat
LESS THAN 1g
LESS THAN 1g
1
Carbohydrate
1.3
LESS THAN 1g
0
Sugars
1.30
0.65
1
Sodium
960
480
21
Energy (Cal)
88
44
Dietary Fibre (total)
0.70
0.35
1
Gluten
NOT DETECTED
NOT DETECTED
Trans
LESS THAN 0.1g
LESS THAN 0.1g
* Percentage Daily Intakes are based on an average adult diet of 8700 kJ. Your daily intakes may be higher or lower depending on your energy needs.",,https://www.coles.com.au/product/coles-english-sliced-ham-100g-3053353,,,2024-06-18T01:42:17.022006-04:00
"Ind54SColes_ADairy, Eggs & Fridge_SAPackaged Deli Meats_IGotzinger Smallgoods Cheese Kransky Chipolata | 400g",Gotzinger Smallgoods Cheese Kransky Chipolata | 400g,Gotzinger,"Dairy, Eggs & Fridge",Packaged Deli Meats,Packaged Deli Meat,,$10.50,,,$26.25 per 1kg,1960086,"Little versions of our famous Big Cheese Kransky. Packed with pepper, paprika and high melt cheese.",,,,,https://www.coles.com.au/product/gotzinger-smallgoods-cheese-kransky-chipolata-400g-1960086,,,2024-06-18T01:42:27.348987-04:00
"Ind54SColes_ADairy, Eggs & Fridge_SAPackaged Deli Meats_IColes Pepperoni | 200g",Coles Pepperoni | 200g,Coles,"Dairy, Eggs & Fridge",Packaged Deli Meats,Packaged Deli Meat,,$7.40,,,$37.00 per 1kg,2807120,"Coles traditional pepperoni, sliced, 200g. Medium heat and gluten free. Sow stall free and no added hormones.",,,"Per 100g/ml
Per Serving
%DI
Energy
1517.95
758.98
Protein
27.90
13.95
Total Fat
27.60
13.80
Saturated Fat
13.1
6.6
28
Carbohydrate
0.05
0.03
Sugars
0.05
0.03
Sodium
1570.00
785.00
Energy (Cal)
363.15
181.57
Dietary Fibre (total)
2.70
1.35
Gluten
0.00
0.00
Trans
0.08
0.04
* Percentage Daily Intakes are based on an average adult diet of 8700 kJ. Your daily intakes may be higher or lower depending on your energy needs.",,https://www.coles.com.au/product/coles-pepperoni-200g-2807120,,,2024-06-18T01:42:38.410798-04:00
"Ind54SColes_ADairy, Eggs & Fridge_SAPackaged Deli Meats_IDon Deli Cuts Hungarian Shaved Salami | 80g",Don Deli Cuts Hungarian Shaved Salami | 80g,Don,"Dairy, Eggs & Fridge",Packaged Deli Meats,Packaged Deli Meat,,$4.30,Pick any 2 for $6.40,,$53.75 per 1kg,8087625,"Great for sandwiches or simply enjoyed on its own, Don Deli Cuts Mild Hungarian Salami is a traditional flavoured, crowd pleaser.

From a third generation local butcher in 1947 to the deli flavour that brings families and friends together. 

Thanks for making us part of your tradition.
Easy reseal packaging

Source of Protein

No artificial colours and flavours

100% Australian Meat

Gluten Free",,,"Per 100g/ml
Per Serving
%DI
Energy
1730kJ
692kJ
8%
Protein
18.9g
7.6g
15%
Total Fat
37.8g
15.1g
22%
Saturated Fat
15.4g
69.2g
26%
Carbohydrate
1.8g
<1g
<1%
Sugars
<1g
<1g
<1%
Sodium
1600mg
680mg
30%
Monounsaturated
0g
0g
0%
Energy (Cal)
0Cal
0Cal
0%
Dietary Fibre (total)
0g
0g
0%
Polyunsaturated
0g
0g
0%
Gluten
Not Detected
Not Detected
0
Trans
0g
0g
0%
* Percentage Daily Intakes are based on an average adult diet of 8700 kJ. Your daily intakes may be higher or lower depending on your energy needs.",,https://www.coles.com.au/product/don-deli-cuts-hungarian-shaved-salami-80g-8087625,,,2024-06-18T01:42:49.491276-04:00
"Ind54SColes_ADairy, Eggs & Fridge_SAPackaged Deli Meats_IBritish Sausage Co. Smoked Streaky Bacon | 175g",British Sausage Co. Smoked Streaky Bacon | 175g,British Sausage Co,"Dairy, Eggs & Fridge",Packaged Deli Meats,Packaged Bacon,,$5.60,,$7.00,$32.00 per 1kg,4332396,"Streaky bacon crisps up well when cooked, which is ideal if you like crispy bacon sandwiches. It also works well with most dishes that can accommodate its strong flavour and firm texture.",,,,,https://www.coles.com.au/product/british-sausage-co.-smoked-streaky-bacon-175g-4332396,,,2024-06-18T01:42:58.678625-04:00
"Ind54SColes_ADairy, Eggs & Fridge_SAPackaged Deli Meats_IProvedore Salami Crumb | 100g",Provedore Salami Crumb | 100g,Provedore,"Dairy, Eggs & Fridge",Packaged Deli Meats,Packaged Deli Meat,,$5.50,,,$55.00 per 1kg,5646800,"Made from a hand select Australian boneless leg of pork, salted, cured and air dried for a balanced flavour. Dry Cured and Air Dried for up to 12 months.",,,,,https://www.coles.com.au/product/provedore-salami-crumb-100g-5646800,,,2024-06-18T01:43:07.686730-04:00
"Ind54SColes_ADairy, Eggs & Fridge_SAPrimo_IPrimo Manuka Honey Leg Ham | 100g",Primo Manuka Honey Leg Ham | 100g,Primo,"Dairy, Eggs & Fridge",Primo,Crackers & Snacks,,$3.95,Pick any 2 for $6.70,,$39.50 per 1kg,9065548,Primo Thinly Sliced Manuka Honey Sweet Leg Ham is gluten-free. Contains no artificial colours or flavours and has a source of protein.,,,"Per 100g/ml
Per Serving
%DI
Energy
485kJ
243kJ
3%
Protein
17.0g
8.5g
17%
Total Fat
3.5g
1.8g
3%
Saturated Fat
1.3g
<1g
3%
Carbohydrate
3.5g
1.8g
1%
Sugars
3.5g
1.8g
2%
Sodium
870mg
435mg
19%
Gluten
Not Detected
Not Detected
* Percentage Daily Intakes are based on an average adult diet of 8700 kJ. Your daily intakes may be higher or lower depending on your energy needs.",,https://www.coles.com.au/product/primo-manuka-honey-leg-ham-100g-9065548,,,2024-06-18T01:43:20.357132-04:00
"Ind54SColes_ADairy, Eggs & Fridge_SAPackaged Deli Meats_IThomson's Deli Middle Bacon | 250g",Thomson's Deli Middle Bacon | 250g,Thomsons Deli,"Dairy, Eggs & Fridge",Packaged Deli Meats,Packaged Bacon,,$4.40,,,$17.60 per 1kg,1026702,"Thomsons Deli products are great value and perfect for a tasty and convenient breakfast, lunch or dinner.",,,"Per 100g/ml
Per Serving
%DI
Energy
1198kJ
599kJ
Protein
13.5g
6.8g
Total Fat
24.6g
12.3g
Saturated Fat
10.1g
5.1g
Carbohydrate
3.4g
1.7g
Sugars
Less than 1g
Less than 1g
Sodium
962mg
481mg
Gluten
0mg
0mg
* Percentage Daily Intakes are based on an average adult diet of 8700 kJ. Your daily intakes may be higher or lower depending on your energy needs.",,https://www.coles.com.au/product/thomson's-deli-middle-bacon-250g-1026702,,,2024-06-18T01:43:32.900262-04:00
"Ind54SColes_ADairy, Eggs & Fridge_SAPackaged Deli Meats_IThomson's Deli Danish Salami | 200g",Thomson's Deli Danish Salami | 200g,Thomsons Deli,"Dairy, Eggs & Fridge",Packaged Deli Meats,Packaged Deli Meat,,$6.00,,,$30.00 per 1kg,7570222,"Thomsons Deli products are great value and perfect for a tasty and convenient breakfast, lunch or dinner.",,,"Per 100g/ml
Per Serving
%DI
Energy
1617.7
808.85
9
Protein
19.1
9.55
19
Total Fat
33.4
16.7
24
Saturated Fat
12.6
6.3
26
Carbohydrate
2.8
1.4
0
gluten
0
0
Sodium
1280
640
28
Energy (Cal)
387.01
193.5
Dietary Fibre
1.2
0.6
* Percentage Daily Intakes are based on an average adult diet of 8700 kJ. Your daily intakes may be higher or lower depending on your energy needs.",,https://www.coles.com.au/product/thomson's-deli-danish-salami-200g-7570222,,,2024-06-18T01:43:45.320509-04:00
"Ind54SColes_ADairy, Eggs & Fridge_SAMeat, seafood & deli_IPrimo Prosciutto | 100g",Primo Prosciutto | 100g,Primo,"Dairy, Eggs & Fridge","Meat, seafood & deli",Deli foods,,$6.00,,,"$60.00 per 1kg
Was $8.00 on Apr 2024",6992465,"Australian Pork
- Gluten Free
- No Artificial Colours Or Flavours
- Dry Cured
- Italian Inspired Recipe
- Traditionally Inspired Craftsmanship",,,"Per 100g/ml
Per Serving
%DI
Energy
1120kJ
560kJ
6%
Protein
27.9g
14g
28%
Total Fat
15.3g
7.7g
11%
Saturated Fat
5.2g
2.6g
11%
Carbohydrate
5g
2.5g
0.8%
Sugars
<1g
<1g
0.2%
Sodium
3200mg
1600mg
70.0%
Monounsaturated
0g
0g
0.0%
Energy (Cal)
0Cal
0Cal
0.0%
Dietary Fibre (total)
0g
0g
1400.0%
Polyunsaturated
0g
0g
0.0%
Gluten
Not detected
Not detected
0.0%
Trans
0g
0g
0.0%
* Percentage Daily Intakes are based on an average adult diet of 8700 kJ. Your daily intakes may be higher or lower depending on your energy needs.",,https://www.coles.com.au/product/primo-prosciutto-100g-6992465,,,2024-06-18T01:43:58.040494-04:00
"Ind54SColes_ADairy, Eggs & Fridge_SAPickled vegetables & condiments_IHeinz American Mustard For Sausages & Hot Dogs | 220mL",Heinz American Mustard For Sausages & Hot Dogs | 220mL,Heinz,"Dairy, Eggs & Fridge",Pickled vegetables & condiments,Mustard,,$2.50,,$3.00,$1.14 per 100mL,2777530,"No burger night, family barbecue, sandwich or hotdog is complete without Heinz American Mustard. This New York style mustard has a mild tang and is made with no artificial colours or flavours. A classic sauces for hot dogs and burgers, Heinz American Mustard is also a tasty dipping sauce for potato wedges and hot chips. It's great with barbecued meats, especially pork ribs, and brings some tangy flavour to sandwiches too. This mustard is mild in flavour so it's sure to be loved by the whole family, no matter if it's used as a dip, spread or marinade.
Mild American mustard

The perfect condiment for hot dogs and burgers

Tasty dip for chips and pretzels

No artificial colours

No artificial flavours",,,"Per 100g/ml
Per Serving
%DI
Energy
320kJ
30kJ
Protein
3.9g
0.4g
Total Fat
5.3g
0.5g
Saturated Fat
0.3g
0g
Carbohydrate
2.7g
0.3g
Sugars
1.1g
0.1g
Sodium
1230mg
125mg
* Percentage Daily Intakes are based on an average adult diet of 8700 kJ. Your daily intakes may be higher or lower depending on your energy needs.",,https://www.coles.com.au/product/heinz-american-mustard-for-sausages-and-hot-dogs-220ml-2777530,,,2024-06-18T01:44:10.562145-04:00
"Ind54SColes_ADairy, Eggs & Fridge_SAPackaged Deli Meats_IProvedore Salami Tasting Plate | 100g",Provedore Salami Tasting Plate | 100g,Provedore,"Dairy, Eggs & Fridge",Packaged Deli Meats,Packaged Deli Meat,,$7.50,Pick any 2 for $12,,$75.00 per 1kg,5009272,"Delicious selection of Mild Italian Salami, Garlic & Fennel Salami & Hot Italian Style Salami perfect for easy entertaining.",,,"Per 100g/ml
Per Serving
%DI
Energy
1260
1260
Protein
27.4
27.4
Total Fat
18.8
18.8
Saturated Fat
6.8
6.8
Carbohydrate
7.6
7.6
Sugars
<1
<1
Sodium
2030
2030
Energy (Cal)
301
301
* Percentage Daily Intakes are based on an average adult diet of 8700 kJ. Your daily intakes may be higher or lower depending on your energy needs.",,https://www.coles.com.au/product/provedore-salami-tasting-plate-100g-5009272,,,2024-06-18T01:44:21.947618-04:00
"Ind54SColes_ADairy, Eggs & Fridge_SA_IDon Deli Cuts Champagne Shaved Ham | 100g",Don Deli Cuts Champagne Shaved Ham | 100g,Don,"Dairy, Eggs & Fridge",,,,$4.30,Pick any 2 for $6.40,,$43.00 per 1kg,8087476,"Irresisitably tender and juicy Don Deli Cuts Champagne Leg Ham is shaved wafer thin. Layer in sandwiches, spread on platters or enjoy on its own.

From a third generation local butcher in 1947 to the deli flavour that brings families and friends together. 

Thanks for making us part of your tradition.
Easy reseal packaging

95% fat Free

Source of Protein

No artificial colours and flavours

Gluten Free",,,"Per 100g/ml
Per Serving
%DI
Energy
382kJ
191kJ
2%
Protein
15.8g
7.9g
16%
Total Fat
2.1g
1.1g
2%
Saturated Fat
<1g
<1g
2%
Carbohydrate
2.1g
1.1g
<1%
Sugars
1.5g
1.0g
1%
Sodium
1020mg
510mg
22%
Monounsaturated
0
0
0
Energy (Cal)
0
0
0
Dietary Fibre (total)
0
0
0
Polyunsaturated
0
0
0
Gluten
Not Detected
Not Detected
0
Trans
0
0
0
* Percentage Daily Intakes are based on an average adult diet of 8700 kJ. Your daily intakes may be higher or lower depending on your energy needs.",,https://www.coles.com.au/product/don-deli-cuts-champagne-shaved-ham-100g-8087476,,,2024-06-18T01:44:34.238965-04:00
"Ind54SColes_ADairy, Eggs & Fridge_SAPrimo_IPrimo Gluten Free Thinly Sliced Double Smoked Leg Ham | 100g",Primo Gluten Free Thinly Sliced Double Smoked Leg Ham | 100g,Primo,"Dairy, Eggs & Fridge",Primo,Crackers & Snacks,,$3.95,Pick any 2 for $6.70,,$39.50 per 1kg,2819436,Primo Double Smoked Ham is double smoked infused with a distinctive smoky and sweet flavour and a tender and moist texture. Serve on crusty bread with cheese and mustard.,,,"Per 100g/ml
Per Serving
%DI
Energy
455kJ
228kJ
3%
Protein
18.0g
9.0g
18%
Total Fat
3.2g
1.6g
2%
Saturated Fat
0.9g
0.5g
2%
Carbohydrate
1.3g
<1g
0.2%
Sugars
<1g
<1g
0.3%
Sodium
989mg
495mg
22%
Gluten
Not Detected
Not Detected
* Percentage Daily Intakes are based on an average adult diet of 8700 kJ. Your daily intakes may be higher or lower depending on your energy needs.",,https://www.coles.com.au/product/primo-gluten-free-thinly-sliced-double-smoked-leg-ham-100g-2819436,,,2024-06-18T01:44:45.553264-04:00
"Ind54SColes_ADairy, Eggs & Fridge_SAPrimo_IPrimo Bacon Style Pieces Twin Pack | 300g",Primo Bacon Style Pieces Twin Pack | 300g,Primo,"Dairy, Eggs & Fridge",Primo,Crackers & Snacks,,$5.00,,,$16.67 per 1kg,5946032,"Primo Diced Bacon Style Pieces are finely diced for your convenience and have a slightly salty, cured pork flavour. BBQ, grill or fry. Great addition to salads and meals.",,,"Per 100g/ml
Per Serving
%DI
Energy
891kJ
446kJ
Protein
14.4g
7.2g
Total Fat
17.1g
8.6g
Saturated Fat
6.7g
3.4g
Carbohydrate
Less than 1g
Less than 1g
Sugars
Less than 1g
Less than 1g
Sodium
1090mg
545mg
Energy (Cal)
212Cal
106Cal
* Percentage Daily Intakes are based on an average adult diet of 8700 kJ. Your daily intakes may be higher or lower depending on your energy needs.","Pork (83%), Water, Salt, Dextrose (Tapioca), Sucrose, Mineral Salts (450, 451, 452), Antioxidants (316), Sodium Nitrite (250).",https://www.coles.com.au/product/primo-bacon-style-pieces-twin-pack-300g-5946032,,,2024-06-18T01:44:56.744679-04:00
"Ind54SColes_ADairy, Eggs & Fridge_SAPackaged Deli Meats_IBertocchi Short Rindless Hickory Smoked Bacon | 400g",Bertocchi Short Rindless Hickory Smoked Bacon | 400g,Bertocchi,"Dairy, Eggs & Fridge",Packaged Deli Meats,Packaged Bacon,,$11.00,,,$27.50 per 1kg,3277463,"At Bertocchi we combine traditional recipes, hand craftsmanship and state of the art food processing technology to deliver the finest range of European smallgoods. Smallgoods that are rich in the unique and authentic traditions from Europe.",,,,,https://www.coles.com.au/product/bertocchi-short-rindless-hickory-smoked-bacon-400g-3277463,,,2024-06-18T01:45:05.987480-04:00
"Ind54SColes_ADairy, Eggs & Fridge_SAPackaged Deli Meats_IColes Shredded Roast Chicken Breast | 150g",Coles Shredded Roast Chicken Breast | 150g,Coles,"Dairy, Eggs & Fridge",Packaged Deli Meats,Packaged Deli Meat,,$6.00,,,$40.00 per 1kg,3081290,"Australian chicken breast, perfectly roasted and shredded for your convenience. Ready to enjoy hot or cold.",,,"Per 100g/ml
Per Serving
%DI
Energy
505
378
4
Protein
23.3
17.5
35
Total Fat
2.2
1.7
2
Saturated Fat
LESS THAN 1g
LESS THAN 1g
3
Carbohydrate
1.4
1.1
0
Sugars
1.40
1.05
1
Sodium
686
515
22
Energy (Cal)
121
91
0
Dietary Fibre (total)
0.40
0.30
1
* Percentage Daily Intakes are based on an average adult diet of 8700 kJ. Your daily intakes may be higher or lower depending on your energy needs.","INGREDIENTS: RSPCA Approved Chicken Breast (77%), Marinade [Water, Dextrose (Corn), Mineral Salt (451), Potato Starch, Salt, Vegetable Powders (Onion, Garlic), Natural Flavouring, Thickener (Carrageenan), Herb Extracts (Rosemary, Oregano, Sage)], Preservative (Sodium Lactate).",https://www.coles.com.au/product/coles-shredded-roast-chicken-breast-150g-3081290,,,2024-06-18T01:45:17.262872-04:00
"Ind54SColes_ADairy, Eggs & Fridge_SAPackaged Deli Meats_IDon Mild Hungarian Salami | 200g",Don Mild Hungarian Salami | 200g,Don,"Dairy, Eggs & Fridge",Packaged Deli Meats,Packaged Deli Meat,,$8.50,,,$42.50 per 1kg,4253314,"Mild spiced salami made to a traditional recipe with no artificial colours or flavours. DON Mild Hungarian Salami is ready to eat and perfect for entertaining, snacking and cooking. Slice it as you like and enjoy, or use it to make a tasty pasta arrabiata.
Mild spiced salami

Made to Don's traditional recipe

No artificial colours & flavours

Perfect for platters and entertaining",,,"Per 100g/ml
Per Serving
%DI
Energy
1690kJ
845kJ
10%
Protein
19.8g
9.9g
20%
Total Fat
34.8g
17.4g
25%
Saturated Fat
13.7g
6.9g
29%
Carbohydrate
4.0g
2.0g
1%
Sugars
1.0g
Less than 1g
1%
Sodium
1520mg
760mg
33%
* Percentage Daily Intakes are based on an average adult diet of 8700 kJ. Your daily intakes may be higher or lower depending on your energy needs.",,https://www.coles.com.au/product/don-mild-hungarian-salami-200g-4253314,,,2024-06-18T01:45:28.626601-04:00
"Ind54SColes_ADairy, Eggs & Fridge_SAPackaged Deli Meats_IDon Traditional Kabana | 200g",Don Traditional Kabana | 200g,Don,"Dairy, Eggs & Fridge",Packaged Deli Meats,Packaged Deli Meat,,$6.00,,,$30.00 per 1kg,9052375,"Deliciously smoky and made to an authentic traditional recipe, DON Kabana is an Aussie favourite. Enjoy it on its own or slice into bite-sized pieces and serve with cheese and crackers.
Traditional authentic recipe

Lightly smoked

Perfect for entertaining

Great for tasty snack

Gluten free",,,"Per 100g/ml
Per Serving
%DI
Energy
1080kJ
540kJ
6%
Protein
16.5g
8.3g
17%
Total Fat
20.1g
10.1g
14%
Saturated Fat
7.8g
3.9g
16%
Carbohydrate
3.4g
1.7g
1%
Sugars
1.2g
Less Than 1g
1%
Sodium
1050mg
525mg
23%
Gluten
Not Detected
Not Detected
* Percentage Daily Intakes are based on an average adult diet of 8700 kJ. Your daily intakes may be higher or lower depending on your energy needs.",,https://www.coles.com.au/product/don-traditional-kabana-200g-9052375,,,2024-06-18T01:45:40.655910-04:00
"Ind54SColes_ADairy, Eggs & Fridge_SAPackaged Deli Meats_IThomson's Deli Short Cut Bacon | 200g",Thomson's Deli Short Cut Bacon | 200g,Thomsons Deli,"Dairy, Eggs & Fridge",Packaged Deli Meats,Packaged Bacon,,$4.40,,,$22.00 per 1kg,3930440,"Thomsons Deli products are great value and perfect for a tasty and convenient breakfast, lunch or dinner.",,,,,https://www.coles.com.au/product/thomson's-deli-short-cut-bacon-200g-3930440,,,2024-06-18T01:45:49.751292-04:00
"Ind54SColes_ADairy, Eggs & Fridge_SAPackaged Deli Meats_IThomson's Deli Ham And Chicken Luncheon | 1kg",Thomson's Deli Ham And Chicken Luncheon | 1kg,Thomsons Deli,"Dairy, Eggs & Fridge",Packaged Deli Meats,Packaged Deli Meat,,$4.30,,,$4.30 per 1kg,1026564,"Seasoned ham and chicken flavoured knob with a fine texture for slicing. Slice thinly and serve cold on a sandwich with corn relish. Slice thickly, fry and serve with a slice of cheese in a brioche bun, or with eggs, mushrooms, tomato and toast for a delicious breakfast.",,,"Per 100g/ml
Per Serving
%DI
Energy
992kJ
495kJ
Protein
12.3g
6.2g
Total Fat
18.0g
9.0g
Saturated Fat
7.0g
3.5g
Carbohydrate
6.9g
3.4g
Sugars
Less than 1g
Less than 1g
Sodium
830mg
415mg
Energy (Cal)
237Cal
119Cal
Gluten
0mg
0mg
* Percentage Daily Intakes are based on an average adult diet of 8700 kJ. Your daily intakes may be higher or lower depending on your energy needs.",,https://www.coles.com.au/product/thomson's-deli-ham-and-chicken-luncheon-1kg-1026564,,,2024-06-18T01:46:00.942480-04:00
"Ind54SColes_ADairy, Eggs & Fridge_SAPrimo_IPrimo Roast Beef Thinly Sliced | 80g",Primo Roast Beef Thinly Sliced | 80g,Primo,"Dairy, Eggs & Fridge",Primo,Crackers & Snacks,,$3.95,Pick any 2 for $6.70,,$49.38 per 1kg,2822259,"Primo Roast Beef is made from prime silverside which is mildly seasoned and slow roasted in controlled heat ovens, making it tender and moist with a salty, sweet flavour. Perfect in a roast beef sandwich with wholegrain mustard and horseradish. Primo Thinly Sliced Roast Beef is gluten free.",,,"Per 100g/ml
Per Serving
%DI
Energy
563kJ
225kJ
3%
Protein
20.1g
8.0g
16%
Total Fat
5.4g
2.2g
3%
Saturated Fat
2.6g
1.0g
4%
Carbohydrate
<1g
<1g
<1%
Sugars
<1g
<1g
<1%
Sodium
1170mg
468mg
20%
Gluten
Not Detected
Not Detected
* Percentage Daily Intakes are based on an average adult diet of 8700 kJ. Your daily intakes may be higher or lower depending on your energy needs.",,https://www.coles.com.au/product/primo-roast-beef-thinly-sliced-80g-2822259,,,2024-06-18T01:46:12.262087-04:00
"Ind54SColes_ADairy, Eggs & Fridge_SAPackaged Deli Meats_IColes Bacon Streaky | 200g",Coles Bacon Streaky | 200g,Coles,"Dairy, Eggs & Fridge",Packaged Deli Meats,Packaged Bacon,,$5.40,,,$27.00 per 1kg,1015615,"Coles Own Brand pork, ham and bacon products solid in our supermarkets are Sow Stall Free . Always sourced from Australian farms",,,"Per 100g/ml
Per Serving
%DI
Energy
1110
554
6
Protein
14.30
7.15
14
Total Fat
21.80
10.90
16
Saturated Fat
9.1
4.6
19
Carbohydrate
3.2
1.6
1
Sugars
1.00
0.50
1
Sodium
866.00
433.00
19
Energy (Cal)
265
133
Dietary Fibre (total)
0.50
0.25
1
Gluten
NOT DETECTED
NOT DETECTED
Trans
0.09
0.05
trans
LESS THAN 0.1g
LESS THAN 0.1g
* Percentage Daily Intakes are based on an average adult diet of 8700 kJ. Your daily intakes may be higher or lower depending on your energy needs.",,https://www.coles.com.au/product/coles-bacon-streaky-200g-1015615,,,2024-06-18T01:46:23.505883-04:00
"Ind54SColes_ADairy, Eggs & Fridge_SAPrimo_IPrimo Short Cut Bacon | 1 kg",Primo Short Cut Bacon | 1 kg,Primo,"Dairy, Eggs & Fridge",Primo,Crackers & Snacks,,$21.60,,,$21.60 per 1kg,3055519,"Wake up happy!
Australias Favourite Bacon is Sizziling with Flavour! 
Primo Bacon is gluten free with no artifical colours or flavours.",,,"Per 100g/ml
Per Serving
%DI
Energy
640kJ
320kJ
4%
Protein
16.3g
8.2g
16%
Total Fat
9.2g
4.6g
7%
Saturated Fat
3.4g
1.7g
7%
Carbohydrate
1.3g
Less than 1g
<1%
Sugars
1.1g
Less than 1g
<1%
Sodium
1080mg
540mg
23%
* Percentage Daily Intakes are based on an average adult diet of 8700 kJ. Your daily intakes may be higher or lower depending on your energy needs.",,https://www.coles.com.au/product/primo-short-cut-bacon-1-kg-3055519,,,2024-06-18T01:46:35.027707-04:00
"Ind54SColes_ADairy, Eggs & Fridge_SAPackaged Deli Meats_IDon Deli Cuts Virginian Ham | 100g",Don Deli Cuts Virginian Ham | 100g,Don,"Dairy, Eggs & Fridge",Packaged Deli Meats,Packaged Deli Meat,,$4.30,Pick any 2 for $6.40,,$43.00 per 1kg,8087523,"Enjoy the enduring favourite of Don Deli Cuts Virginian Leg Ham, delicately sliced. Perfect for sandwiches, salads or platters.

From a third generation local butcher in 1947 to the deli flavour that brings families and friends together. 

Thanks for making us part of your tradition.
Easy reseal packaging

95% fat Free

Source of Protein

No artificial flavours

Gluten Free",,,"Per 100g/ml
Per Serving
%DI
Energy
421kJ
211kJ
2%
Protein
13.7g
6.9g
14%
Total Fat
3.6g
1.8g
3%
Saturated Fat
1.2g
<1g
3%
Carbohydrate
2.2g
1.1g
<1%
Sugars
2.2g
1.1g
1%
Sodium
1330mg
665mg
29%
Monounsaturated
0g
0g
0%
Energy (Cal)
0Cal
0Cal
0%
Dietary Fibre (total)
0g
0g
0%
Polyunsaturated
0g
0g
0%
Gluten
Not Detected
Not Detected
0
Trans
0g
0g
0%
* Percentage Daily Intakes are based on an average adult diet of 8700 kJ. Your daily intakes may be higher or lower depending on your energy needs.",,https://www.coles.com.au/product/don-deli-cuts-virginian-ham-100g-8087523,,,2024-06-18T01:46:46.373627-04:00
"Ind54SColes_ADairy, Eggs & Fridge_SA_IPrimo Silverside | 80g",Primo Silverside | 80g,Primo,"Dairy, Eggs & Fridge",,,,$3.95,Pick any 2 for $6.70,,$49.38 per 1kg,3270963,"Silverside is a lean, boneless cut of beef with less marbled fat than other cuts and a wide-grained texture. ",,,"Per 100g/ml
Per Serving
%DI
Energy
564kJ
226kJ
3%
Protein
21.9g
8.8g
18%
Total Fat
4.5g
1.8g
3%
Saturated Fat
2.1g
<1g
4%
Carbohydrate
1.5g
<1g
<1%
Sugars
1.3g
<1g
<1%
Sodium
950mg
380mg
17%
* Percentage Daily Intakes are based on an average adult diet of 8700 kJ. Your daily intakes may be higher or lower depending on your energy needs.",,https://www.coles.com.au/product/primo-silverside-80g-3270963,,,2024-06-18T01:46:57.569251-04:00
"Ind54SColes_ADairy, Eggs & Fridge_SAPackaged Deli Meats_IDon Liverwurst Latvian | 100g",Don Liverwurst Latvian | 100g,Don,"Dairy, Eggs & Fridge",Packaged Deli Meats,Packaged Deli Meat,,$2.60,,,$26.00 per 1kg,9363954,"DON Latvian Style Liverwurst is made to the original Latvian recipe with a perfect blend of herbs and spices. Great for entertaining, this tasty pork liver spread is also an easy way to add texture to your snacks and work sandwiches. Pair with mustard and some pickled cucumbers for a tangy kick of flavour.
Authentic Latvian style recipe

Tasty sandwich filling or on biscuit for easy snack

Fine texture perfect for spreading",,,"Per 100g/ml
Per Serving
%DI
Energy
1160kJ
290kJ
3%
Protein
11.6g
2.9g
6%
Total Fat
23.1g
5.8g
8%
Saturated Fat
8.7g
2.2g
9%
Carbohydrate
6.4g
1.6g
1%
Sugars
Less Than 1g
Less Than 1g
Less Than 1%
Sodium
1270mg
318mg
14%
* Percentage Daily Intakes are based on an average adult diet of 8700 kJ. Your daily intakes may be higher or lower depending on your energy needs.",,https://www.coles.com.au/product/don-liverwurst-latvian-100g-9363954,,,2024-06-18T01:47:09.858949-04:00
"Ind54SColes_ADairy, Eggs & Fridge_SAPickled vegetables & condiments_ISandhurst Australian Pitted Kalamata Olives | 300g",Sandhurst Australian Pitted Kalamata Olives | 300g,Sandhurst,"Dairy, Eggs & Fridge",Pickled vegetables & condiments,"Pickles, chutney & relish",,$3.30,,$3.90,$11.00 per 1kg,6739930,Sandhurst Family Collection Australian Pitted Kalamata Olives,,,"Per 100g/ml
Per Serving
%DI
Energy
1210kJ
605kJ
Protein
1.7g
0.9g
Total Fat
30g
15g
Saturated Fat
2.9g
1.5g
Carbohydrate
4g
2g
Sugars
0g
0g
Sodium
1400mg
700mg
* Percentage Daily Intakes are based on an average adult diet of 8700 kJ. Your daily intakes may be higher or lower depending on your energy needs.",,https://www.coles.com.au/product/sandhurst-australian-pitted-kalamata-olives-300g-6739930,,,2024-06-18T01:47:21.260622-04:00
"Ind54SColes_ADairy, Eggs & Fridge_SAPackaged Deli Meats_IDon Ready To Eat Kabana Minis | 140g",Don Ready To Eat Kabana Minis | 140g,Don,"Dairy, Eggs & Fridge",Packaged Deli Meats,Packaged Salami & Kabana,,$5.00,,,$35.71 per 1kg,6284669,"The same original DON Kabana flavour you love, now made bite-sized. DON Kabana Minis come in a convenient resealable bag you can easily fit in your lunchbox or keep in the fridge at work. Serve to friends with your favourite dip, or even try them in cooking.
Same great DON Kabana taste just smaller

Resealable fridge friendly bag

Ready to eat

Great for lunchboxes or quick snack",,,"Per 100g/ml
Per Serving
%DI
Energy
1000kJ
349kJ
4%
Protein
17.4g
6.1g
12.0%
Total Fat
18.0g
6.3g
9%
Saturated Fat
7.0g
2.5g
10%
Carbohydrate
2.1g
Less than 1g
Less than 1%
Sugars
Less than 1g
Less than 1g
Less than 1%
Sodium
925mg
324mg (per 35g serve)
14%
Monounsaturated
0
0
0
Energy (Cal)
0
0
0
Dietary Fibre (total)
0
0
0
Polyunsaturated
0
0
0
Gluten
Not Detected
Not Detected
0
Trans
0
0
0
* Percentage Daily Intakes are based on an average adult diet of 8700 kJ. Your daily intakes may be higher or lower depending on your energy needs.",,https://www.coles.com.au/product/don-ready-to-eat-kabana-minis-140g-6284669,,,2024-06-18T01:47:32.582658-04:00
"Ind54SColes_ADairy, Eggs & Fridge_SAPackaged Deli Meats_IDon Deli Cuts Double Smoked Shaved Ham | 100g",Don Deli Cuts Double Smoked Shaved Ham | 100g,Don,"Dairy, Eggs & Fridge",Packaged Deli Meats,Packaged Deli Meat,,$4.30,Pick any 2 for $6.40,,$43.00 per 1kg,8087545,"Indulge in the smokey essense of Don Deli Cuts Double Smoked Leg Ham, expertly crafted. Perfect for sandwiches, salads or enjoyed on its own.

From a third generation local butcher in 1947 to the deli flavour that brings families and friends together. 

Thanks for making us part of your tradition.
Easy reseal packaging

95% fat Free

Source of Protein

No artificial colours and flavours

Gluten Free",,,"Per 100g/ml
Per Serving
%DI
Energy
389kJ
195kJ
2%
Protein
16.0g
8.0g
16%
Total Fat
2.1g
1.1g
2%
Saturated Fat
<1g
<1g
2%
Carbohydrate
2.3g
1.2g
<1%
Sugars
1.3g
<1g
1%
Sodium
830mg
415mg
18%
Monounsaturated
0g
0g
0%
Energy (Cal)
0Cal
0Cal
0%
Dietary Fibre (total)
0g
0g
0%
Polyunsaturated
0g
0g
0%
Gluten
Not Detected
Not Detected
0
Trans
0g
0g
0%
* Percentage Daily Intakes are based on an average adult diet of 8700 kJ. Your daily intakes may be higher or lower depending on your energy needs.",,https://www.coles.com.au/product/don-deli-cuts-double-smoked-shaved-ham-100g-8087545,,,2024-06-18T01:47:44.803218-04:00
"Ind54SColes_ADairy, Eggs & Fridge_SAPackaged Deli Meats_IColes Mild Salami | 200g",Coles Mild Salami | 200g,Coles,"Dairy, Eggs & Fridge",Packaged Deli Meats,Packaged Deli Meat,,$7.40,,,$37.00 per 1kg,2807277,This delicious salami is a great addition to sandwiches or wraps or simply add to your favourite pizza or platter!,,,"Per 100g/ml
Per Serving
%DI
Energy
1420.40
710.20
Protein
23.80
11.90
Total Fat
26.80
13.40
Saturated Fat
10.70
5.35
Carbohydrate
1.40
0.70
Sugars
0.05
0.03
Sodium
1510.00
755.00
Energy (Cal)
339.81
169.90
Dietary Fibre (total)
0.05
0.03
Gluten
0.00
0.00
Trans
0.05
0.03
* Percentage Daily Intakes are based on an average adult diet of 8700 kJ. Your daily intakes may be higher or lower depending on your energy needs.",,https://www.coles.com.au/product/coles-mild-salami-200g-2807277,,,2024-06-18T01:47:57.005223-04:00
"Ind54SColes_ADairy, Eggs & Fridge_SAPackaged Deli Meats_IDon Crafted Cut Bacon Shortcut | 200g",Don Crafted Cut Bacon Shortcut | 200g,Don,"Dairy, Eggs & Fridge",Packaged Deli Meats,Packaged Bacon,,$7.00,,,$35.00 per 1kg,5009250,"DON Crafted Cuts Short Cut Bacon contains no artificial colours or flavours. This cut is smoked with Australian hardwood, infusing the bacon with a deep, smoky flavour. It's the perfect accompaniment to eggs sunny-side up. Crafted with care, this delicious bacon is Sow Stall Free.
Sow stall free bacon

Rindless Bacon

Australian hardwood smoked

Gluten free",,,"Per 100g/ml
Per Serving
%DI
Energy
848kJ
424kJ
5%
Protein
14.4g
7.2g
14%
Total Fat
15.3g
7.7g
11%
Saturated Fat
7.0g
3.5g
15%
Carbohydrate
2.0g
1.0g
LESS THAN 1%
Sugars
1.5g
LESS THAN 1g
1%
Sodium
1210mg
605mg
26%
Gluten
NOT DETECTED
NOT DETECTED
* Percentage Daily Intakes are based on an average adult diet of 8700 kJ. Your daily intakes may be higher or lower depending on your energy needs.","SOW STALL FREE PORK, WATER, SALT, SUGAR, DEXTROSE (MAIZE), EMULSIFIER (451), SMOKE FLAVOUR, ANTIOXIDANT (316), HYDROLYSED VEGTEABLE PROTEIN (MAIZE), YEAST EXTRACT, SODIUM NITRITE (250). SMOKED.",https://www.coles.com.au/product/don-crafted-cut-bacon-shortcut-200g-5009250,,,2024-06-18T01:48:09.147929-04:00
"Ind54SColes_ADairy, Eggs & Fridge_SAPackaged Deli Meats_IDon Leg Shaved Ham | 200g",Don Leg Shaved Ham | 200g,Don,"Dairy, Eggs & Fridge",Packaged Deli Meats,Packaged Deli Meat,,$5.00,,$6.40,$25.00 per 1kg,6284567,"DON Shaved Leg Ham is made with no artificial colours or flavours and is gluten free. This ham is delicately shaved and ready to eat, making it perfect for sandwiches, wraps, rolls and much more. Pair with a salad and reduced-fat mayonnaise for a lighter dinner option.
Delicately shaved leg ham for a lighter option

Source of Protein

Gluten free

No artificial colours & flavours",,,"Per 100g/ml
Per Serving
%DI
Energy
373kJ
149kJ
2%
Protein
15.4g
6.2g
12%
Total Fat
2.0g
Less than 1g
1%
Saturated Fat
Less than 1g
Less than 1g
1%
Carbohydrate
2.2g
Less than 1g
Less than 1%
Sugars
1.3g
Less than 1g
1%
Sodium
920mg
368mg
16%
Gluten
Not Detected
Not Detected
* Percentage Daily Intakes are based on an average adult diet of 8700 kJ. Your daily intakes may be higher or lower depending on your energy needs.",,https://www.coles.com.au/product/don-leg-shaved-ham-200g-6284567,,,2024-06-18T01:48:20.686143-04:00
"Ind54SColes_ADairy, Eggs & Fridge_SAPackaged Deli Meats_IBertocchi Long Rindless Hickory Smoked Bacon | 400g",Bertocchi Long Rindless Hickory Smoked Bacon | 400g,Bertocchi,"Dairy, Eggs & Fridge",Packaged Deli Meats,Packaged Bacon,,$11.00,,,$27.50 per 1kg,1962751,"At Bertocchi we combine traditional recipes, hand craftsmanship and state of the art food processing technology to deliver the finest range of European smallgoods. Smallgoods that are rich in the unique and authentic traditions from Europe.",,,,,https://www.coles.com.au/product/bertocchi-long-rindless-hickory-smoked-bacon-400g-1962751,,,2024-06-18T01:48:31.405644-04:00
"Ind54SColes_ADairy, Eggs & Fridge_SAPrimo_IPrimo Hot Hungarian Salami | 80g",Primo Hot Hungarian Salami | 80g,Primo,"Dairy, Eggs & Fridge",Primo,Crackers & Snacks,,$3.95,Pick any 2 for $6.70,,$49.38 per 1kg,3576271,"Primo Hot Hungarian Salami is seasoned with a selected combination of spiced, with the added flavour of chilli and sliced for convenience. Perfect on a sanwich or rolled up on a cheeseboard. ",,,"Per 100g/ml
Per Serving
%DI
Energy
1460kJ
584kJ
7%
Protein
20.9g
8.4g
17%
Total Fat
29.2g
11.7g
17%
Saturated Fat
12.0g
4.8g
20%
Carbohydrate
1.4g
<1g
<1%
Sugars
<1g
<1g
<1%
Sodium
1530mg
612mg
27%
* Percentage Daily Intakes are based on an average adult diet of 8700 kJ. Your daily intakes may be higher or lower depending on your energy needs.",,https://www.coles.com.au/product/primo-hot-hungarian-salami-80g-3576271,,,2024-06-18T01:48:42.673270-04:00
"Ind54SColes_ADairy, Eggs & Fridge_SAPackaged Deli Meats_IThomson's Deli Thin Franks | 500g",Thomson's Deli Thin Franks | 500g,Thomsons,"Dairy, Eggs & Fridge",Packaged Deli Meats,Packaged Frankfurts,,$3.00,,,$6.00 per 1kg,4379855,"Thomsons Deli products are great value and perfect for a tasty and convenient breakfast, lunch or dinner.",,,,,https://www.coles.com.au/product/thomson's-deli-thin-franks-500g-4379855,,,2024-06-18T01:48:52.892184-04:00
"Ind54SColes_ADairy, Eggs & Fridge_SAPackaged Deli Meats_IDon Lunchbox Sticks | 140g",Don Lunchbox Sticks | 140g,Don,"Dairy, Eggs & Fridge",Packaged Deli Meats,Packaged Salami & Kabana,,$5.00,,,$35.71 per 1kg,6284670,"Mildly seasoned, DON Lunchbox Sticks are the perfect lunchbox addition and also just for a tasty snack for the kids. With 8 grams of protein per serve, DON Lunchbox Sticks are the satisfying snack they'll never leave behind
Great for lunchbox

Resealable fridge friendly bag

Kid friendly

Mild and delicious taste

Ready to eat",,,"Per 100g/ml
Per Serving
%DI
Energy
1400kJ
490kJ
6%
Protein
20.6g
7.2g
14%
Total Fat
26.8g
9.4g
13%
Saturated Fat
11.1g
3.9g
16%
Carbohydrate
3.4g
1.2g
Less than 1%
Sugars
Less than 1g
Less than 1g
Less than 1%
Sodium
1660mg
581mg (per 35g serve)
25%
Monounsaturated
0
0
0
Energy (Cal)
0
0
0
Dietary Fibre (total)
0
0
0
Polyunsaturated
0
0
0
Gluten
Not Detected
Not Detected
0
Trans
0
0
0
* Percentage Daily Intakes are based on an average adult diet of 8700 kJ. Your daily intakes may be higher or lower depending on your energy needs.",,https://www.coles.com.au/product/don-lunchbox-sticks-140g-6284670,,,2024-06-18T01:49:04.221414-04:00
"Ind54SColes_ADairy, Eggs & Fridge_SA_ITibaldi Ham Off The Bone | 120g",Tibaldi Ham Off The Bone | 120g,Tibaldi,"Dairy, Eggs & Fridge",,,,$5.00,,,$41.67 per 1kg,3575927,"Made from 100% Australian pork, our award winning Ham off the Bone is a full muscle, premium ham, crafted for any occasion. It's double smoked over Australian Mountain Ash for a delicious flavour. Available in a 120g pack.",,,"Per 100g/ml
Per Serving
%DI
Energy
478kJ
239kJ
3%
Protein
18.2g
9.1g
18%
Total Fat
4.1g
2g
3%
Saturated Fat
1.5g
0.8g
3%
Carbohydrate
1.2g
0.6g
0%
Sugars
1g
0.5g
1%
Sodium
995mg
497mg
22%
* Percentage Daily Intakes are based on an average adult diet of 8700 kJ. Your daily intakes may be higher or lower depending on your energy needs.",,https://www.coles.com.au/product/tibaldi-ham-off-the-bone-120g-3575927,,,2024-06-18T01:49:15.393592-04:00
"Ind54SColes_ADairy, Eggs & Fridge_SAPackaged Deli Meats_IColes Australian Made Thin Sliced Streaky Bacon | 200g",Coles Australian Made Thin Sliced Streaky Bacon | 200g,Coles,"Dairy, Eggs & Fridge",Packaged Deli Meats,Packaged Bacon,,$5.00,,$6.70,$25.00 per 1kg,3830037,"Coles Own Brand pork, ham and bacon products solid in our supermarkets are Sow Stall Free . Always sourced from Australian farms",,,"Per 100g/ml
Per Serving
%DI
Energy
1120
561
6
Protein
13.8
6.9
14
Total Fat
23.30
11.65
Saturated Fat
8.9
4.5
19
Carbohydrate
1.2
LESS THAN 1g
0
Sugars
0.90
0.45
Sodium
874
437
19
Energy (Cal)
268
134
Dietary Fibre (total)
0.50
0.25
Gluten
NOT DETECTED
NOT DETECTED
Trans
LESS THAN 1g
LESS THAN 1g
* Percentage Daily Intakes are based on an average adult diet of 8700 kJ. Your daily intakes may be higher or lower depending on your energy needs.",,https://www.coles.com.au/product/coles-australian-made-thin-sliced-streaky-bacon-200g-3830037,,,2024-06-18T01:49:26.794340-04:00
"Ind54SColes_ADairy, Eggs & Fridge_SAPackaged Deli Meats_IColes Honey Sliced Ham Sow Stall Free | 100g",Coles Honey Sliced Ham Sow Stall Free | 100g,Coles,"Dairy, Eggs & Fridge",Packaged Deli Meats,Packaged Deli Meat,,$2.45,,,$24.50 per 1kg,3053513,"Coles Own Brand pork, ham and bacon products sold in our supermarkets are Sow Stall Free",,,"Per 100g/ml
Per Serving
%DI
Energy
399
200
2
Protein
14.40
7.20
14
Total Fat
2.3
1.2
2
Saturated Fat
LESS THAN 1g
LESS THAN 1g
1
Carbohydrate
3.5
1.8
1
Sugars
3.30
1.65
2
Sodium
1050
525
23
Energy (Cal)
95
48
Dietary Fibre (total)
1.20
0.60
2
Gluten
0.00
0.00
0
Trans
0.00
0.00
0
* Percentage Daily Intakes are based on an average adult diet of 8700 kJ. Your daily intakes may be higher or lower depending on your energy needs.",,https://www.coles.com.au/product/coles-honey-sliced-ham-sow-stall-free-100g-3053513,,,2024-06-18T01:49:38.942781-04:00
"Ind54SColes_ADairy, Eggs & Fridge_SAPackaged Deli Meats_IThomson's Deli Pepperoni Salami | 200g",Thomson's Deli Pepperoni Salami | 200g,Thomsons Deli,"Dairy, Eggs & Fridge",Packaged Deli Meats,Packaged Deli Meat,,$6.00,,,$30.00 per 1kg,3269261,"Made to a traditional recipe with Australian pork and beef, smoked and seasoned with chilli and pepper",,,"Per 100g/ml
Per Serving
%DI
Energy
1667.6
833.8
10
Protein
21
10.5
21
Total Fat
33.6
16.8
24
Saturated Fat
13
6.5
27
Carbohydrate
3.4
1.7
1
gluten
0
0
Sodium
1410
705
31
Energy (Cal)
398.95
199.47
Dietary Fibre
1.2
0.6
* Percentage Daily Intakes are based on an average adult diet of 8700 kJ. Your daily intakes may be higher or lower depending on your energy needs.",,https://www.coles.com.au/product/thomson's-deli-pepperoni-salami-200g-3269261,,,2024-06-18T01:49:50.241065-04:00
"Ind54SColes_ADairy, Eggs & Fridge_SAPackaged Deli Meats_IThomson's Deli Sliced Chicken Quad Pack | 320g",Thomson's Deli Sliced Chicken Quad Pack | 320g,Thomsons Deli,"Dairy, Eggs & Fridge",Packaged Deli Meats,Packaged Deli Meat,,$6.50,,,$20.31 per 1kg,4381879,"Thomsons Deli products are great value and perfect for a tasty and convenient breakfast, lunch or dinner.",,,,,https://www.coles.com.au/product/thomson's-deli-sliced-chicken-quad-pack-320g-4381879,,,2024-06-18T01:50:00.527789-04:00
"Ind54SColes_ADairy, Eggs & Fridge_SAPackaged Deli Meats_IProvedore Chorizo Crumb | 100g",Provedore Chorizo Crumb | 100g,Provedore,"Dairy, Eggs & Fridge",Packaged Deli Meats,Packaged Deli Meat,,$5.50,,,$55.00 per 1kg,3881526,"Cooks note: Delicious in couscous, paella or add to any dish for a crunchy topping.",,,,,https://www.coles.com.au/product/provedore-chorizo-crumb-100g-3881526,,,2024-06-18T01:50:10.273312-04:00
"Ind54SColes_ADairy, Eggs & Fridge_SAPrimo_IPrimo Rindless Middle Bacon | 250g",Primo Rindless Middle Bacon | 250g,Primo,"Dairy, Eggs & Fridge",Primo,Crackers & Snacks,,$5.50,,$6.80,$22.00 per 1kg,4259897,"Primo Middle Rindless Bacon rashers are a long cut of bacon which are one half short cut bacon and the other half streaky bacon. You can delight everyone in the family with middle bacon.BBQ, grill or fry to desired crispness. Ensure bacon is cooked thoroughly prior to consumption.",,,"Per 100g/ml
Per Serving
%DI
Energy
1030kJ
515kJ
6%
Protein
15.1g
7.6g
15%
Total Fat
20.4g
10.2g
15%
Saturated Fat
8.2g
4.1g
17%
Carbohydrate
1.2g
Less than 1g
<1%
Sugars
1.0g
Less than 1g
<1%
Sodium
1030mg
515mg
22%
Gluten
Not detected
Not detected
* Percentage Daily Intakes are based on an average adult diet of 8700 kJ. Your daily intakes may be higher or lower depending on your energy needs.",,https://www.coles.com.au/product/primo-rindless-middle-bacon-250g-4259897,,,2024-06-18T01:50:21.349642-04:00
"Ind54SColes_ADairy, Eggs & Fridge_SAPackaged Deli Meats_IProvedore Mild Chorizo Salami | 100g",Provedore Mild Chorizo Salami | 100g,Provedore,"Dairy, Eggs & Fridge",Packaged Deli Meats,Packaged Deli Meat,,$6.00,,,$60.00 per 1kg,3881570,This delicious salami is a great addition to sandwiches or wraps or simply add to your favourite pizza or platter!,,,,,https://www.coles.com.au/product/provedore-mild-chorizo-salami-100g-3881570,,,2024-06-18T01:50:30.980733-04:00
"Ind54SColes_ADairy, Eggs & Fridge_SAPrimo_IPrimo Danish Salami | 80g",Primo Danish Salami | 80g,Primo,"Dairy, Eggs & Fridge",Primo,Crackers & Snacks,,$3.95,Pick any 2 for $6.70,,$49.38 per 1kg,2807856,"Primo Danish Salami is rich with the flavours of Europe, known for its smooth consistency, seasoned with garlic and mild spices then lightly wood smoked and for convenience. Serve on crusty bread or with salad and cheese. ",,,"Per 100g/ml
Per Serving
%DI
Energy
1520kJ
608kJ
7%
Protein
22.0g
8.8g
18%
Total Fat
30.6g
12.2g
17%
Saturated Fat
12.2g
4.9g
20%
Carbohydrate
<1g
<1g
<1%
Sugars
<1g
<1g
<1%
Sodium
1460mg
584mg
25%
Gluten
Not Detected
Not Detected
* Percentage Daily Intakes are based on an average adult diet of 8700 kJ. Your daily intakes may be higher or lower depending on your energy needs.",,https://www.coles.com.au/product/primo-danish-salami-80g-2807856,,,2024-06-18T01:50:44.005310-04:00
"Ind54SColes_ADairy, Eggs & Fridge_SAMeat, seafood & deli_IPrimo Classic Chorizo 2 Pack | 250g",Primo Classic Chorizo 2 Pack | 250g,Primo,"Dairy, Eggs & Fridge","Meat, seafood & deli",Deli foods,,$6.70,,,"$26.80 per 1kg
Was $7.80 on Apr 2024",6998745,"Primo Chorizo is inspired by the flavours of Spain, made from finely minced pork and spiced with paprika for a full, strong flavour. Ideal for use in Spanish paella, pizza toppings, pasta sauces or other recipes.",,,"Per 100g/ml
Per Serving
%DI
Energy
1150
1440
17
Protein
20.6g
25.8g
52g
Total Fat
20.4g
25.5g
36g
Saturated Fat
7.5g
9.4g
39g
Carbohydrate
1.9g
2.4g
<1g
Sugars
1.9g
2.4g
3g
Sodium
1140g
1430g
62g
* Percentage Daily Intakes are based on an average adult diet of 8700 kJ. Your daily intakes may be higher or lower depending on your energy needs.",,https://www.coles.com.au/product/primo-classic-chorizo-2-pack-250g-6998745,,,2024-06-18T01:50:55.384926-04:00
"Ind54SColes_ADairy, Eggs & Fridge_SAPackaged Deli Meats_IDon Gluten Free Footy Franks Skinless | 600g",Don Gluten Free Footy Franks Skinless | 600g,Don,"Dairy, Eggs & Fridge",Packaged Deli Meats,Packaged Frankfurts,,$7.80,,,$13.00 per 1kg,1500304,"DON Skinless Footy Franks are lightly smoked to give them their distinctive, popular flavour. DON's frankfurts are delicious on their own and a central ingredient in all your homemade hot dog creations. Perfect for family barbecues and easy kids meals.
Eat on their own or in rolls

Lightly smoked

Great for lunch or dinner

Loved by kids",,,"Per 100g/ml
Per Serving
%DI
Energy
689kJ
469kJ
5%
Protein
12.9g
8.8g
18%
Total Fat
11.3g
7.7g
11%
Saturated Fat
3.6g
2.4g
10%
Carbohydrate
3.1g
2.1g
1%
Sugars
Less than 1g
Less than 1g
Less than 1%
Sodium
1200mg
816mg
35%
Gluten
Not Detected
Not Detected
* Percentage Daily Intakes are based on an average adult diet of 8700 kJ. Your daily intakes may be higher or lower depending on your energy needs.","MANUFACTURED MEAT Meat Including Pork (72%), Water, Starch (Tapioca, Potato), Salt, Soy Protein, Acidity Regulators (325, 262), Emulsifiers (451, 450, 452), Dextrose (Tapioca, Maize), Antioxidants (316, 307b), Hydrolysed Vegetable Protein (Maize), Maltodextrin (Maize), Garlic, Fermented Red Rice, Sodium Nitrite (250), Yeast Extract, Spice Extracts, Colours (160c,110, 129). Smoked.",https://www.coles.com.au/product/don-gluten-free-footy-franks-skinless-600g-1500304,,,2024-06-18T01:51:06.627715-04:00
"Ind54SColes_ADairy, Eggs & Fridge_SAPackaged Deli Meats_IDon Deli Cuts Italian Shaved Salami | 80g",Don Deli Cuts Italian Shaved Salami | 80g,Don,"Dairy, Eggs & Fridge",Packaged Deli Meats,Packaged Deli Meat,,$4.30,Pick any 2 for $6.40,,$53.75 per 1kg,8087589,"Perfect eaten on its own or paired with other sliced meats, Don Deli Cuts Italian Salami could also be the finishing touch to add that chefs kiss flavour to a woodfired pizza.

From a third generation local butcher in 1947 to the deli flavour that brings families and friends together. 

Thanks for making us part of your tradition.
Easy reseal packaging

Source of Protein

No artificial colours and flavours

100% Australian Meat

Gluten Free",,,"Per 100g/ml
Per Serving
%DI
Energy
1540kJ
616kJ
7%
Protein
21.5g
8.6g
17%
Total Fat
31.9g
12.8g
18%
Saturated Fat
13.0g
5.2g
22%
Carbohydrate
<1g
<1g
<1%
Sugars
<1g
<1g
<1%
Sodium
1770mg
680mg
30%
Monounsaturated
0g
0g
0%
Energy (Cal)
0Cal
0Cal
0%
Dietary Fibre (total)
0g
0g
0%
Polyunsaturated
0g
0g
0%
Gluten
Not Detected
Not Detected
0
Trans
0g
0g
0%
* Percentage Daily Intakes are based on an average adult diet of 8700 kJ. Your daily intakes may be higher or lower depending on your energy needs.",,https://www.coles.com.au/product/don-deli-cuts-italian-shaved-salami-80g-8087589,,,2024-06-18T01:51:18.230853-04:00
"Ind54SColes_ADairy, Eggs & Fridge_SAPackaged Deli Meats_IDon Double Smoked Leg Ham | 200g",Don Double Smoked Leg Ham | 200g,Don,"Dairy, Eggs & Fridge",Packaged Deli Meats,Packaged Deli Meat,,$5.00,,$6.40,$25.00 per 1kg,6284545,"DON Thinly Sliced Double Smoked Leg Ham are choice leg cuts which deliver a delicious full-flavoured taste. Enjoy making delicious meals with this double smoked ham and bring some flavour to your day. With no artificial colours and flavours, this ham is sure to make the ultimate sandwich, wrap or roll.
Thinly sliced & ready to use

No artificial colours & flavours

95% Fat Free

Choice leg cuts are double smoked to deliver a delicious full flavoured taste

Source of Protein",,,"Per 100g/ml
Per Serving
%DI
Energy
389kJ
2%
Protein
16.0g
6.4g
13%
Total Fat
2.1g
Less than 1g
1%
Saturated Fat
Less than 1g
Less than 1g
1%
Carbohydrate
2.3g
Less than 1g
Less than 1%
Sugars
1.3g
Less than 1g
1%
Sodium
30mg
332mg
14%
Gluten
Not Detected
Not Detected
* Percentage Daily Intakes are based on an average adult diet of 8700 kJ. Your daily intakes may be higher or lower depending on your energy needs.",,https://www.coles.com.au/product/don-double-smoked-leg-ham-200g-6284545,,,2024-06-18T01:51:30.614919-04:00
"Ind54SColes_ADairy, Eggs & Fridge_SAPackaged Deli Meats_IHans Striker Mild Salami Sticks | 105g",Hans Striker Mild Salami Sticks | 105g,Hans,"Dairy, Eggs & Fridge",Packaged Deli Meats,Packaged Deli Meat,,$5.50,,,$52.38 per 1kg,5476937,Hans Striker Mild Salami Sticks are naturally wood smoked and mildly seasoned beef and pork. Gluten free with no artificial colours or flavours. Individually packed and ideal for a quick snack any time.,,,"Per 100g/ml
Per Serving
%DI
Energy
2030kJ
304kJ
3%
Protein
28.2g
4.2g
8%
Total Fat
40.0g
6.0g
9%
Saturated Fat
17.2g
2.6g
11%
Carbohydrate
4.1g
Less than 1.0g
0.20%
Sugars
Less than 1.0g
Less than 1.0g
0.10%
Sodium
1690mg
254mg
11%
Gluten
0.0mg
0.0mg
* Percentage Daily Intakes are based on an average adult diet of 8700 kJ. Your daily intakes may be higher or lower depending on your energy needs.",,https://www.coles.com.au/product/hans-striker-mild-salami-sticks-105g-5476937,,,2024-06-18T01:51:41.805520-04:00
"Ind54SColes_ADairy, Eggs & Fridge_SAPackaged Deli Meats_IThomson's Deli Cocktail Franks | 500g",Thomson's Deli Cocktail Franks | 500g,Thomsons Deli,"Dairy, Eggs & Fridge",Packaged Deli Meats,Packaged Frankfurts,,$3.00,,,$6.00 per 1kg,4379731,"Thomsons Deli products are great value and perfect for a tasty and convenient breakfast, lunch or dinner.",,,,,https://www.coles.com.au/product/thomson's-deli-cocktail-franks-500g-4379731,,,2024-06-18T01:51:52.441759-04:00
"Ind54SColes_ADairy, Eggs & Fridge_SAPackaged Deli Meats_IThomson's Deli Devon | 1kg",Thomson's Deli Devon | 1kg,Thomsons Deli,"Dairy, Eggs & Fridge",Packaged Deli Meats,Packaged Deli Meat,,$4.30,,,$4.30 per 1kg,2042442,Dandy Devon is a gluten free seasoned luncheon meat with a fine smooth texture and a mildly salty flavour. Slice and remove from casing. Can be eaten cold or heated.,,,"Per 100g/ml
Per Serving
%DI
Energy
970kJ
485kJ
Protein
11.6g
5.8g
Total Fat
17.5g
8.8g
Saturated Fat
8.0g
4.0g
Carbohydrate
7.3g
3.7g
Sugars
Less than 1g
Less than 1g
Sodium
880mg
440mg
Energy (Cal)
232cal
116Cal
Gluten
0mg
0mg
* Percentage Daily Intakes are based on an average adult diet of 8700 kJ. Your daily intakes may be higher or lower depending on your energy needs.",,https://www.coles.com.au/product/thomson's-deli-devon-1kg-2042442,,,2024-06-18T01:52:04.040412-04:00
"Ind54SColes_ADairy, Eggs & Fridge_SAPrimo_IPrimo Original Twiggy Sticks | 200g",Primo Original Twiggy Sticks | 200g,Primo,"Dairy, Eggs & Fridge",Primo,Crackers & Snacks,,$7.00,,$7.80,$35.00 per 1kg,6996841,"Delicious beef and pork with just the right amount of herb and spice added for a tasty snack at any time of the day. Goes great at a party, kids birthday or as a quick snack filler.",,,"Per 100g/ml
Per Serving
%DI
Energy
1850kJ
740kJ
9%
Protein
27.2g
10.9g
22%
Total Fat
32.5g
13.0g
19%
Saturated Fat
12.6g
5.0g
21%
Carbohydrate
10.7g
4.3g
1.4%
Sugars
4.3g
1.7g
0.6%
Sodium
919mg
368mg
16%
Gluten
Not Detected
Not Detected
* Percentage Daily Intakes are based on an average adult diet of 8700 kJ. Your daily intakes may be higher or lower depending on your energy needs.",,https://www.coles.com.au/product/primo-original-twiggy-sticks-200g-6996841,,,2024-06-18T01:52:15.225490-04:00
"Ind54SColes_ADairy, Eggs & Fridge_SAPackaged Deli Meats_IDon Mild Hungarian Salami | 160g",Don Mild Hungarian Salami | 160g,Don,"Dairy, Eggs & Fridge",Packaged Deli Meats,Packaged Deli Meat,,$5.00,,$6.40,$31.25 per 1kg,6284589,"Indulge in the rich and savory taste of DON's Mild Hungarian Flavoured Salami. Crafted with the finest ingredients and a perfect blend of traditional spices, each bite delivers a symphony of flavours that will transport your taste buds to Eastern Europe.

Elevate your charcuterie board or enjoy it on its own - a culinary journey awaits with every slice.

Savour the essence of Hungary with DON's exquisite Mild Hungarian Flavoured Salami.
Mild Hungarian salami

No artificial colours

Source of Protein

Gluten free",,,"Per 100g/ml
Per Serving
%DI
Energy
1730kJ
692kJ
8%
Protein
18.9g
7.6g
15.0%
Total Fat
37.8g
15.1g
22%
Saturated Fat
15.4g
6.2g
26%
Carbohydrate
1.8g
Less than 1g
Less than 1%
Sugars
Less than 1g
Less than 1g
Less than 1%DI
Sodium
1600mg
640mg
28%
Gluten
Not Detected
Not Detected
* Percentage Daily Intakes are based on an average adult diet of 8700 kJ. Your daily intakes may be higher or lower depending on your energy needs.",,https://www.coles.com.au/product/don-mild-hungarian-salami-160g-6284589,,,2024-06-18T01:52:26.673068-04:00
"Ind54SColes_ADairy, Eggs & Fridge_SAPrimo_IPrimo Dairy Short Cut Rindless Bacon | 750g",Primo Dairy Short Cut Rindless Bacon | 750g,Primo,"Dairy, Eggs & Fridge",Primo,Crackers & Snacks,,$12.50,,$16.80,$16.67 per 1kg,4238285,"Wake up happy, Australia's Favourite Bacon is Sizzling with Flavour! 

Primo Shortcut Rindless Bacon is the leanest of them all.
Lean round pieces of bacon from top grade loin for those who enjoy a meatier, leaner flavour preference.

Primo Bacon is gluten free with no artificial colours or flavours.",,,"Per 100g/ml
Per Serving
%DI
Energy
635kJ
318kJ
4%
Protein
16.3g
8.2g
16%
Total Fat
9.2g
4.6g
7%
Saturated Fat
3.4g
1.7g
7%
Carbohydrate
1.0g
Less than 1g
<1%
Sugars
1.0g
Less than 1g
<1%
Sodium
1080mg
540mg
23%
Gluten
Not detected
Not detected
* Percentage Daily Intakes are based on an average adult diet of 8700 kJ. Your daily intakes may be higher or lower depending on your energy needs.",,https://www.coles.com.au/product/primo-dairy-short-cut-rindless-bacon-750g-4238285,,,2024-06-18T01:52:38.574104-04:00
"Ind54SColes_ADairy, Eggs & Fridge_SAPrimo_IPrimo Thin Frankfurts | 1 kg",Primo Thin Frankfurts | 1 kg,Primo,"Dairy, Eggs & Fridge",Primo,Crackers & Snacks,,$7.90,,,$7.90 per 1kg,4510009,For best results fill a saucepan with enough water to cover the frankfurts and bring to the boil. Reduce heat to low and place frankfurts into the saucepan. Do not re boil. Heat for 5 to 6 minutes then serve.,,,"Per 100g/ml
Per Serving
%DI
Energy
738kJ
458kJ
5%
Protein
12.1g
7.5g
15%
Total Fat
12.1g
7.5g
11%
Saturated Fat
4.1g
2.5g
11%
Carbohydrate
5.0g
3.1g
1%
Sugars
0.8g
Less than 1g
<1%
Sodium
1160mg
719mg
31%
Gluten
Not Detected
Not Detected
* Percentage Daily Intakes are based on an average adult diet of 8700 kJ. Your daily intakes may be higher or lower depending on your energy needs.",,https://www.coles.com.au/product/primo-thin-frankfurts-1-kg-4510009,,,2024-06-18T01:52:49.692681-04:00
"Ind54SColes_ADairy, Eggs & Fridge_SAPrimo_IPrimo Pepperoni Hot Salami | 80g",Primo Pepperoni Hot Salami | 80g,Primo,"Dairy, Eggs & Fridge",Primo,Crackers & Snacks,,$3.95,Pick any 2 for $6.70,,$49.38 per 1kg,2808735,"Primo Pepperoni Hot Salami is a crowd favourite made from finely textured meats and blended with a hot seasoning then lightly wood smoked to deliver a full-bodied flavour. Serve on an open sourdough sandwich with slices of bocconcini, cherry tomato halves and basil leaves. Primo Thinly Sliced Pepperoni Hot Salami is gluten free.",,,"Per 100g/ml
Per Serving
%DI
Energy
1630kJ
653kJ
8%
Protein
22.4g
9.0g
18%
Total Fat
33.9g
13.6
19%
Saturated Fat
13.6g
5.4g
23%
Carbohydrate
<1g
<1g
<1%
Sugars
<1g
<1g
<1%
Sodium
1320mg
528mg
23%
Gluten
Not Detected
Not Detected
* Percentage Daily Intakes are based on an average adult diet of 8700 kJ. Your daily intakes may be higher or lower depending on your energy needs.",,https://www.coles.com.au/product/primo-pepperoni-hot-salami-80g-2808735,,,2024-06-18T01:53:01.007850-04:00
"Ind54SColes_ADairy, Eggs & Fridge_SAPrimo_IPrimo English Sliced Ham | 100g",Primo English Sliced Ham | 100g,Primo,"Dairy, Eggs & Fridge",Primo,Crackers & Snacks,,$3.95,Pick any 2 for $6.70,,$39.50 per 1kg,8145856,Primo English Style Leg Ham is lightly seasoned and unsmoked for an authentic ham flavour. Serve on crusty bread with cheese and mustard.,,,"Per 100g/ml
Per Serving
%DI
Energy
465kJ
232kJ
3%
Protein
18.6g
9.3g
19%
Total Fat
3.8g
1.9g
3%
Saturated Fat
1.4g
<1g
3%
Carbohydrate
<1g
<1g
<1%
Sugars
<1g
<1g
<1%
Sodium
762mg
381mg
17%
Gluten
Not Detected
Not Detected
* Percentage Daily Intakes are based on an average adult diet of 8700 kJ. Your daily intakes may be higher or lower depending on your energy needs.",,https://www.coles.com.au/product/primo-english-sliced-ham-100g-8145856,,,2024-06-18T01:53:12.284466-04:00
"Ind54SColes_ADairy, Eggs & Fridge_SAPrimo_IPrimo Gluten Free Real Diced Bacon | 200g",Primo Gluten Free Real Diced Bacon | 200g,Primo,"Dairy, Eggs & Fridge",Primo,Crackers & Snacks,,$5.00,,$5.70,$25.00 per 1kg,2739199,"Primo Real Diced Bacon Pieces are great for salads, pizza, pasta and meals.
Naturally wood smoked

Gluten free

No artificial colours or flavours",,,"Per 100g/ml
Per Serving
%DI
Energy
1040 kJ
520 kJ
6%
Protein
16.3 g
8.2 g
16%
Total Fat
20.1 g
10.1 g
14%
Saturated Fat
7.5 g
3.8 g
16%
Carbohydrate
Less than 1g
Less than 1g
<1%
Sugars
Less than 1g
Less than 1g
<1%
Sodium
1080 mg
540 mg
23%
Gluten
Not Detected
Not Detected
* Percentage Daily Intakes are based on an average adult diet of 8700 kJ. Your daily intakes may be higher or lower depending on your energy needs.",,https://www.coles.com.au/product/primo-gluten-free-real-diced-bacon-200g-2739199,,,2024-06-18T01:53:23.398805-04:00
"Ind54SColes_ADairy, Eggs & Fridge_SA_IProvedore Free Range Chorizo | 200g",Provedore Free Range Chorizo | 200g,Provedore,"Dairy, Eggs & Fridge",,,,$8.00,,,$40.00 per 1kg,4250790,"A perfect Spanish flavoured Free Range Chorizo perfect for paella, casseroles or pastas. This product really delivers on flavour.",,,,,https://www.coles.com.au/product/provedore-free-range-chorizo-200g-4250790,,,2024-06-18T01:53:32.272371-04:00
"Ind54SColes_ADairy, Eggs & Fridge_SAPrimo_IPrimo Mild Hungarian Salami | 80g",Primo Mild Hungarian Salami | 80g,Primo,"Dairy, Eggs & Fridge",Primo,Crackers & Snacks,,$3.95,Pick any 2 for $6.70,,$49.38 per 1kg,2814013,"Primo Thinly Sliced Hungarian Mild Salami is gluten free, contains no artificial colours and no artificial flavours.",,,"Per 100g/ml
Per Serving
%DI
Energy
1780kJ
712kJ
8%
Protein
19.4g
7.8g
16%
Total Fat
38.9g
15.6g
22%
Saturated Fat
13.7g
5.5g
23%
Carbohydrate
<1g
<1g
0.1%
Sugars
<1g
<1g
0.4%
Sodium
1300mg
520mg
23%
Gluten
Not Detected
Not Detected
* Percentage Daily Intakes are based on an average adult diet of 8700 kJ. Your daily intakes may be higher or lower depending on your energy needs.",,https://www.coles.com.au/product/primo-mild-hungarian-salami-80g-2814013,,,2024-06-18T01:53:44.622025-04:00
"Ind54SColes_ADairy, Eggs & Fridge_SAPrimo_IPrimo Streaky Bacon | 650g",Primo Streaky Bacon | 650g,Primo,"Dairy, Eggs & Fridge",Primo,Crackers & Snacks,,$12.50,,$16.80,$19.23 per 1kg,4261040,"Wake up happy, Australia's Favourite Bacon is Sizzling with Flavour! 

Primo Streaky Rindless Bacon is the most flavoursome bacon. Packed for convenience, these pork belly rashers have streaks of meat and a generous section of fat which delivers the great taste. Ideal for American style crispy bacon lovers.

Primo Bacon is gluten free with no artificial colours or flavours.",,,"Per 100g/ml
Per Serving
%DI
Energy
1250kJ
625kJ
7%
Protein
14.1g
7.1g
14%
Total Fat
26.6g
13.3g
19%
Saturated Fat
11.5g
5.8g
24%
Carbohydrate
1.5g
Less than 1g
<1%
Sugars
Less than 1g
Less than 1g
<1%
Sodium
910mg
455mg
20%
* Percentage Daily Intakes are based on an average adult diet of 8700 kJ. Your daily intakes may be higher or lower depending on your energy needs.","Pork, Water, Cure [Salt, Sugar, Mineral Salts (451, 450), Antioxidant (316), Preservative (250)], Wood Smoke.",https://www.coles.com.au/product/primo-streaky-bacon-650g-4261040,,,2024-06-18T01:53:55.807562-04:00
"Ind54SColes_ADairy, Eggs & Fridge_SAPackaged Deli Meats_IColes Australian Made Double Smoked Leg Ham | 150g",Coles Australian Made Double Smoked Leg Ham | 150g,Coles,"Dairy, Eggs & Fridge",Packaged Deli Meats,Packaged Deli Meat,,$5.70,,,$38.00 per 1kg,5012244,Australian double smoked leg ham thinly sliced Thinly sliced Mountain Ash double smoked whole leg Australian ham,,,"Per 100g/ml
Per Serving
%DI
Energy
442.2
221.1
Protein
17.7
8.85
Carbohydrate
2.2
1.1
Sugars
1.6
0.8
Sodium
1072
536
Saturated
0.9
0.45
Energy (Cal)
105.79
52.89
Fat
2.7
1.35
Dietary Fibre (total)
0.5
0.25
Gluten
0
0
* Percentage Daily Intakes are based on an average adult diet of 8700 kJ. Your daily intakes may be higher or lower depending on your energy needs.",,https://www.coles.com.au/product/coles-australian-made-double-smoked-leg-ham-150g-5012244,,,2024-06-18T01:54:06.748151-04:00
"Ind54SColes_ADairy, Eggs & Fridge_SAPackaged Deli Meats_IColes Spicy Chorizo Salami Knob | 200g",Coles Spicy Chorizo Salami Knob | 200g,Coles,"Dairy, Eggs & Fridge",Packaged Deli Meats,Packaged Deli Meat,,$7.40,,,$37.00 per 1kg,3467039,Spicy Chorizo Salami Made to a traditional recipe with Australian pork and seasoned with selected spices. Gluten free as textFree from artificial growth promotants as text,,,"Per 100g/ml
Per Serving
%DI
Energy
1960.80
980.40
11
Protein
25.5
12.8
26
Total Fat
39.20
19.60
28
Saturated Fat
15.80
7.90
33
Carbohydrate
3.30
1.65
1
Sugars
0.23
0.12
0
Sodium
1460.00
730.00
32
Energy (Cal)
469.09
234.55
0
Dietary Fibre (total)
2.60
1.30
4
Gluten
0.00
0.00
0
Trans
0.07
0.04
0
* Percentage Daily Intakes are based on an average adult diet of 8700 kJ. Your daily intakes may be higher or lower depending on your energy needs.",,https://www.coles.com.au/product/coles-spicy-chorizo-salami-knob-200g-3467039,,,2024-06-18T01:54:18.687512-04:00
"Ind54SColes_ADairy, Eggs & Fridge_SAPackaged Deli Meats_IColes Australian Made Rindless Short Cut Bacon | 200g",Coles Australian Made Rindless Short Cut Bacon | 200g,Coles,"Dairy, Eggs & Fridge",Packaged Deli Meats,Packaged Bacon,,$5.00,,$6.00,$25.00 per 1kg,3830092,"Coles Own Brand pork, ham and bacon products solid in our supermarkets are Sow Stall Free . Always sourced from Australian farms",,,"Per 100g/ml
Per Serving
%DI
Energy
803.10
401.55
5
Protein
14.90
7.45
15
Total Fat
14.2
7.1
10
Saturated Fat
5.6
2.8
12
Carbohydrate
1.20
0.60
0
Sugars
1.20
0.60
1
Sodium
894
447
19
Energy (Cal)
192
96
0
Dietary Fibre (total)
0.50
0.25
1
Gluten
NOT DETECTED
NOT DETECTED
0
Trans
LESS THAN 1g
LESS THAN 1g
0
* Percentage Daily Intakes are based on an average adult diet of 8700 kJ. Your daily intakes may be higher or lower depending on your energy needs.",,https://www.coles.com.au/product/coles-australian-made-rindless-short-cut-bacon-200g-3830092,,,2024-06-18T01:54:30.998036-04:00
"Ind54SColes_ADairy, Eggs & Fridge_SAPackaged Deli Meats_IThomson's Deli Middle Bacon | 1kg",Thomson's Deli Middle Bacon | 1kg,Thomsons Deli,"Dairy, Eggs & Fridge",Packaged Deli Meats,Packaged Bacon,,$13.20,,,$13.20 per 1kg,1028220,Thomson's Deli Middle Bacon is gluten free with no artificial colours or flavours. Naturally wood smoked.,,,"Per 100g/ml
Per Serving
%DI
Energy
1140kJ
570kJ
7%
Protein
14.8g
7.4g
15%
Total Fat
22.5g
11.3g
16%
Saturated Fat
8.8g
4.4g
18%
Carbohydrate
2.1g
1.1g
<1%
Sugars
1.1g
Less than 1g
<1%
Sodium
1090mg
545mg
24%
Gluten
Not Detected
Not Detected
* Percentage Daily Intakes are based on an average adult diet of 8700 kJ. Your daily intakes may be higher or lower depending on your energy needs.",,https://www.coles.com.au/product/thomson's-deli-middle-bacon-1kg-1028220,,,2024-06-18T01:54:43.158775-04:00
"Ind54SColes_ADairy, Eggs & Fridge_SA_IPrimo Gluten Free Thinly Sliced Pastrami Beef | 80g",Primo Gluten Free Thinly Sliced Pastrami Beef | 80g,Primo,"Dairy, Eggs & Fridge",,,,$3.95,Pick any 2 for $6.70,,$49.38 per 1kg,2822260,Primo Thinly Sliced Pastrami Beef is covered with ground spices and steam cooked to develop its famous flavour. Can be eaten hot or cold. Serve on rye bread with spicy brown mustard for a classic New York-style Pastrami on rye sandwich. Firm bite and slightly chewy.,,,"Per 100g/ml
Per Serving
%DI
Energy
398kJ
156kJ
2%
Protein
14.5g
5.8g
12%
Total Fat
2.4g
1g
1%
Saturated Fat
1.1g
<1g
2%
Carbohydrate
2.6g
1g
<1%
Sugars
<1g
<1g
<1%
Sodium
1235mg
494mg
21%
Gluten
Not Detected
Not Detected
* Percentage Daily Intakes are based on an average adult diet of 8700 kJ. Your daily intakes may be higher or lower depending on your energy needs.",,https://www.coles.com.au/product/primo-gluten-free-thinly-sliced-pastrami-beef-80g-2822260,,,2024-06-18T01:54:54.513504-04:00
"Ind54SColes_ADairy, Eggs & Fridge_SAPickled vegetables & condiments_ISandhurst Semi-Dried Tomato Strips | 125g",Sandhurst Semi-Dried Tomato Strips | 125g,Sandhurst,"Dairy, Eggs & Fridge",Pickled vegetables & condiments,"Pickles, chutney & relish",,$4.80,,,$38.40 per 1kg,1997199,"Ready to eat Sun-Dried Tomatoes are 97% Fat Free. No added oil. Just peel and serve! Perfect for any recipes due to portion control and is ideal for omelettes, salads and pizzas. - Product of Turkey- Suitable for vegetarians- Vegan Friendly- Gluten Free- Halal certified",,,"Per 100g/ml
Per Serving
%DI
Energy
144.8kJ
36.2kJ
Protein
1.5g
0.375g
Total Fat
0.2g
0.05g
Saturated Fat
0g
0g
Carbohydrate
6.7g
1.675g
Sugars
6g
1.5g
Sodium
330mg
82.5mg
Gluten
0mg
0mg
* Percentage Daily Intakes are based on an average adult diet of 8700 kJ. Your daily intakes may be higher or lower depending on your energy needs.","Semi-dried tomatoes 99.7%, preservative 220, glucose, salt.",https://www.coles.com.au/product/sandhurst-semi-dried-tomato-strips-125g-1997199,,,2024-06-18T01:55:06.380196-04:00
"Ind54SColes_ADairy, Eggs & Fridge_SAPrimo_IPrimo Chicken Breast Thinly Sliced | 80g",Primo Chicken Breast Thinly Sliced | 80g,Primo,"Dairy, Eggs & Fridge",Primo,Crackers & Snacks,,$3.95,Pick any 2 for $6.70,,$49.38 per 1kg,2814057,"Primo Chicken Breast is made from chicken breast and other ingredients and is thinly sliced with a fresh, cooked chicken flavour, with a slight sweet note. Serve on a sandwich or a roll. Primo Thinly Sliced Chicken Breast is gluten free and contains no artificial colours or flavours.",,,"Per 100g/ml
Per Serving
%DI
Energy
546kJ
218kJ
3%
Protein
14.4g
5.8g
12%
Total Fat
5.3g
2.1g
3%
Saturated Fat
1.5g
<1g
3%
Carbohydrate
6.2g
2.5g
<1%
Sugars
1.4g
<1g
<1%
Sodium
1040mg
416mg
18%
Gluten
Not Detected
Not Detected
* Percentage Daily Intakes are based on an average adult diet of 8700 kJ. Your daily intakes may be higher or lower depending on your energy needs.",,https://www.coles.com.au/product/primo-chicken-breast-thinly-sliced-80g-2814057,,,2024-06-18T01:55:18.639532-04:00
"Ind54SColes_ADairy, Eggs & Fridge_SAPrimo_IPrimo Short Cut Bacon | 200g",Primo Short Cut Bacon | 200g,Primo,"Dairy, Eggs & Fridge",Primo,Crackers & Snacks,,$5.50,,$6.80,$27.50 per 1kg,4260568,"Wake up happy!
Australia's Favorite Bacon is Sizziling with Flavour! 
Primo Bacon is gluten free with no artificial colours or flavours.",,,"Per 100g/ml
Per Serving
%DI
Energy
635kJ
318kJ
4%
Protein
16.3g
8.2g
16%
Total Fat
9.2g
4.6g
7%
Saturated Fat
3.4g
1.7g
7%
Carbohydrate
1.0g
Less than 1g
<1%
Sugars
1.0g
Less than 1g
<1%
Sodium
1080mg
540mg
23%
* Percentage Daily Intakes are based on an average adult diet of 8700 kJ. Your daily intakes may be higher or lower depending on your energy needs.",,https://www.coles.com.au/product/primo-short-cut-bacon-200g-4260568,,,2024-06-18T01:55:29.984959-04:00
"Ind54SColes_ADairy, Eggs & Fridge_SAPackaged Deli Meats_IProvedore Prosciutto | 100g",Provedore Prosciutto | 100g,Provedore,"Dairy, Eggs & Fridge",Packaged Deli Meats,Packaged Deli Meat,,$7.50,Pick any 2 for $12,,$75.00 per 1kg,3269170,"Made from a hand select Australian boneless leg of pork, salted, cured and air dried for a balanced flavour. Dry Cured and Air Dried for up to 12 months.",,,,,https://www.coles.com.au/product/provedore-prosciutto-100g-3269170,,,2024-06-18T01:55:39.010820-04:00
"Ind54SColes_ADairy, Eggs & Fridge_SAPrimo_IPrimo Cocktail Frankfurts | 1 kg",Primo Cocktail Frankfurts | 1 kg,Primo,"Dairy, Eggs & Fridge",Primo,Crackers & Snacks,,$7.90,,,$7.90 per 1kg,4509983,Primo Cocktail Frankfurts are made from finely textured meat seasoned with spices and cooked. Serve heated with a dipping sauce.,,,"Per 100g/ml
Per Serving
%DI
Energy
765kJ
482kJ
6%
Protein
12.5g
7.8g
1%
Total Fat
12.4g
7.8g
11%
Saturated Fat
4.5g
2.8g
12%
Carbohydrate
5.2g
3.3g
1.1%
Sugars
Less than 1g
Less than 1g
0.2%
Sodium
1140mg
718mg
31%
Gluten
Not detected
Not detected
* Percentage Daily Intakes are based on an average adult diet of 8700 kJ. Your daily intakes may be higher or lower depending on your energy needs.","Meat including Pork (74%), Water, Frankfurt Mix [Potato Starch, Tapioca Starch, Salt, Modified Starch (1442), Soya Protein Isolate, Soya Protein Concentrate, Stabilisers (451, 341), Spices, Antioxidant (316), Preservative (250), Hydrolysed Maize Protein, Spice Extract], Acidity Regulator (325), Premix [Dextrose (Corn), Sucrose, Stabilisers (450, 452)]. Casing: Colours (120, 160b, 160c). Manufactured Meat.",https://www.coles.com.au/product/primo-cocktail-frankfurts-1-kg-4509983,,,2024-06-18T01:55:50.084741-04:00
"Ind54SColes_ADairy, Eggs & Fridge_SAPackaged Deli Meats_IThomson's Deli Honey Ham Sliced Quad Pack | 400g",Thomson's Deli Honey Ham Sliced Quad Pack | 400g,Thomsons Deli,"Dairy, Eggs & Fridge",Packaged Deli Meats,Packaged Deli Meat,,$6.00,,,$15.00 per 1kg,2260465,"This delicious products is convenient and is great for sandwiches, this product is also  Sow Stall Free .",,,"Per 100g/ml
Per Serving
%DI
Energy
425.98
212.99
2
Protein
15.89
7.95
16
Total Fat
2.15
1.08
2
Saturated Fat
0.6
0.3
1
Carbohydrate
3.5
1.75
1
gluten
0
0
Sodium
977
488.5
21
Energy (Cal)
101.91
50.95
Dietary Fibre
2.1
1.05
* Percentage Daily Intakes are based on an average adult diet of 8700 kJ. Your daily intakes may be higher or lower depending on your energy needs.",,https://www.coles.com.au/product/thomson's-deli-honey-ham-sliced-quad-pack-400g-2260465,,,2024-06-18T01:56:01.683703-04:00
"Ind54SColes_ADairy, Eggs & Fridge_SAPackaged Deli Meats_IColes Bacon Shortcut Rindless | 200g",Coles Bacon Shortcut Rindless | 200g,Coles,"Dairy, Eggs & Fridge",Packaged Deli Meats,Packaged Bacon,,$5.40,,,$27.00 per 1kg,1015411,Rindless Short Cut Bacon,,,"Per 100g/ml
Per Serving
%DI
Energy
695.70
347.85
Protein
16.80
8.40
Saturated Fat
4.2
2.1
9
Carbohydrate
2.00
1.00
Sugars
1.30
0.65
Sodium
1060.00
530.00
Saturated
4.20
2.10
Energy (Cal)
166.44
83.22
Fat
10.10
5.05
Dietary Fibre (total)
0.30
0.15
Gluten
0.00
0.00
Trans
0.02
0.01
* Percentage Daily Intakes are based on an average adult diet of 8700 kJ. Your daily intakes may be higher or lower depending on your energy needs.",,https://www.coles.com.au/product/coles-bacon-shortcut-rindless-200g-1015411,,,2024-06-18T01:56:12.629084-04:00
"Ind54SColes_ADairy, Eggs & Fridge_SAPackaged Deli Meats_IDon Cocktail Franks Skinless | 600g",Don Cocktail Franks Skinless | 600g,Don,"Dairy, Eggs & Fridge",Packaged Deli Meats,Packaged Frankfurts,,$7.80,,,$13.00 per 1kg,1500290,"Your favourite DON franks, now in a party-sized tray pack for added convenience. DON Skinless Cocktail Frankfurts are lightly smoked for the best flavour. For the most delicious hot dog, grill the franks on the BBQ and top with mustard, bacon and your favourite pickled vegetables.
Party sized

Lightly smoked

Perfect for parties & entertaining

Gluten free",,,"Per 100g/ml
Per Serving
%DI
Energy
689kJ
193kJ
2%
Protein
12.9g
3.6g
7%
Total Fat
11.3g
3.2g
5%
Saturated Fat
3.6g
1.0g
4%
Carbohydrate
3.1g
Less Than 1g
Less Than 1%
Sugars
Less Than 1g
Less Than 1g
Less Than 1%
Sodium
1200mg
336mg
15%
Gluten
Not Detected
Not Detected
* Percentage Daily Intakes are based on an average adult diet of 8700 kJ. Your daily intakes may be higher or lower depending on your energy needs.",,https://www.coles.com.au/product/don-cocktail-franks-skinless-600g-1500290,,,2024-06-18T01:56:23.730134-04:00
"Ind54SColes_ADairy, Eggs & Fridge_SAPackaged Deli Meats_IDon English Style Sliced Ham | 200g",Don English Style Sliced Ham | 200g,Don,"Dairy, Eggs & Fridge",Packaged Deli Meats,Packaged Deli Meat,,$5.00,,$6.40,$25.00 per 1kg,6284590,"DON Thinly Sliced English Style Leg Ham delivers a delicious, traditional ham flavour. Made with premium boneless pork cuts, cured and thinly sliced, it's ready to use in rolls, sandwiches, or wraps. Plus it's made with no artificial colours or flavours.
Trusted quality and delicious ham in convenient family pack size

No artificial colours & flavours

95% Fat Free

Source of Protein

Gluten free",,,"Per 100g/ml
Per Serving
%DI
Energy
380kJ
152kJ
2%
Protein
16.2g
6.5g
13.0%
Total Fat
2.1g
Less than 1g
1%
Saturated Fat
Less than 1g
Less than 1g
1%
Carbohydrate
1.6g
Less than 1g
Less than 1%
Sugars
1.3g
Less than 1g
1%
Sodium
940mg
376mg
16%
Gluten
Not Detected
Not Detected
* Percentage Daily Intakes are based on an average adult diet of 8700 kJ. Your daily intakes may be higher or lower depending on your energy needs.",,https://www.coles.com.au/product/don-english-style-sliced-ham-200g-6284590,,,2024-06-18T01:56:35.986854-04:00
"Ind54SColes_ADairy, Eggs & Fridge_SAPickled vegetables & condiments_ISandhurst Sandwich Stackers | 500g",Sandhurst Sandwich Stackers | 500g,Sandhurst,"Dairy, Eggs & Fridge",Pickled vegetables & condiments,"Pickles, chutney & relish",,$4.20,,,$8.40 per 1kg,2748961,Long cut sweet and sour cucumbers. Makes a great addition for the inside of a burger or a sandwich and can be used as a garnish. - Product of India- Vegetarian- Vegan Friendly- Gluten Free- Halal Certified,,,"Per 100g/ml
Per Serving
%DI
Energy
278kJ
83.4kJ
Protein
0.35g
0.1g
Total Fat
0.15g
0.05g
Saturated Fat
<0.1g
<0.03g
Carbohydrate
15.9g
4.8g
Sugars
9.5g
2.85g
Sodium
760mg
228mg
* Percentage Daily Intakes are based on an average adult diet of 8700 kJ. Your daily intakes may be higher or lower depending on your energy needs.",,https://www.coles.com.au/product/sandhurst-sandwich-stackers-500g-2748961,,,2024-06-18T01:56:47.141453-04:00
"Ind54SColes_ADairy, Eggs & Fridge_SA_IDon Deli Cuts Deli Leg Ham | 100g",Don Deli Cuts Deli Leg Ham | 100g,Don,"Dairy, Eggs & Fridge",,,,$4.30,Pick any 2 for $6.40,,$43.00 per 1kg,8087352,"A familiar favourite, Don Deli Cuts Deli Ham is made with premium, boneless pork, cured and thinly sliced. Ready to use in sandwiches, rolls or wraps.

From a third generation local butcher in 1947 to the deli flavour that brings families and friends together. 

Thanks for making us part of your tradition.
Easy reseal packaging

95% fat Free

Source of Protein

No artificial colours and flavours

Gluten Free",,,"Per 100g/ml
Per Serving
%DI
Energy
380kJ
190kJ
2%
Protein
16.2g
8.1g
16%
Total Fat
2.1g
1.1g
2%
Saturated Fat
<1g
<1g
2%
Carbohydrate
1.6g
<1g
<1%
Sugars
1.3g
<1g
1%
Sodium
940mg
470mg
20%
Monounsaturated
0g
0g
0%
Energy (Cal)
0Cal
0Cal
0%
Dietary Fibre (total)
0g
0g
0%
Polyunsaturated
0g
0g
0%
Gluten
Not Detected
Not Detected
0
Trans
0g
0g
0%
* Percentage Daily Intakes are based on an average adult diet of 8700 kJ. Your daily intakes may be higher or lower depending on your energy needs.",,https://www.coles.com.au/product/don-deli-cuts-deli-leg-ham-100g-8087352,,,2024-06-18T01:56:59.603540-04:00
"Ind54SColes_ADairy, Eggs & Fridge_SAPackaged Deli Meats_IDon Chicken Breast | 160g",Don Chicken Breast | 160g,Don,"Dairy, Eggs & Fridge",Packaged Deli Meats,Packaged Deli Meat,,$5.00,,$6.40,$31.25 per 1kg,6284614,"DON Australian Thinly Sliced Chicken Breast is made from Australian chicken with no artificial colours or flavours. It pairs well with tangy cheeses and your favourite sandwich ingredients.
Thinly sliced Chicken breast

No artificial colours & flavours

Easy peel packaging

Source of Protein

Gluten free",,,"Per 100g/ml
Per Serving
%DI
Energy
484kJ
194kJ
2%
Protein
14.4g
5.8g
12.0%
Total Fat
4.2g
1.7g
2%
Saturated Fat
1.1g
Less than 1g
2%
Carbohydrate
4.9g
2.0g
1.0%
Sugars
Less than 1g
Less than 1g
Less than 1%
Sodium
990mg
396mg
17%
Gluten
Not Detected
Not Detected
* Percentage Daily Intakes are based on an average adult diet of 8700 kJ. Your daily intakes may be higher or lower depending on your energy needs.",,https://www.coles.com.au/product/don-chicken-breast-160g-6284614,,,2024-06-18T01:57:11.712660-04:00
"Ind54SColes_ADairy, Eggs & Fridge_SAPackaged Deli Meats_IHans American Hot Dog Franks | 375g",Hans American Hot Dog Franks | 375g,Hans,"Dairy, Eggs & Fridge",Packaged Deli Meats,Packaged Frankfurts,,$6.70,,,$17.87 per 1kg,5738556,"American style skinless hot dogs made from finely minced meat including pork, lightly spiced and wood smoked. Simmer, grill, or microwave to heat, then serve on a bread roll with your favourite toppings. ",,,"Per 100g/ml
Per Serving
%DI
Energy
841kJ
526kJ
6%
Protein
14.0g
8.8g
18%
Total Fat
15.2g
9.5g
14%
Saturated Fat
6.1g
3.8g
16%
Carbohydrate
2.5g
1.6g
<1%
Sugars
1.3g
Less than 1g
<1%
Sodium
834mg
521mg
23%
Gluten
Not detected
Not detected
* Percentage Daily Intakes are based on an average adult diet of 8700 kJ. Your daily intakes may be higher or lower depending on your energy needs.",,https://www.coles.com.au/product/hans-american-hot-dog-franks-375g-5738556,,,2024-06-18T01:57:22.819972-04:00
"Ind54SColes_ADairy, Eggs & Fridge_SAPackaged Deli Meats_IThomson's Deli Shredded Chicken Value Pack | 500g",Thomson's Deli Shredded Chicken Value Pack | 500g,Thomsons,"Dairy, Eggs & Fridge",Packaged Deli Meats,Packaged Deli Meat,,$7.00,,,$14.00 per 1kg,4653935,"Thomson's Deli products are great value and perfect for a tasty and convenient breakfast, lunch or dinner.",,,"Per 100g/ml
Per Serving
%DI
Energy
609kJ
305kJ
3%
Protein
16.2g
8.1g
17%
Total Fat
7.9g
4g
6%
Saturated Fat
2.4g
1.2g
5%
Carbohydrate
2.5g
1.3g
1%
Sugars
0.2g
0.1g
1%
Sodium
889mg
445mg
19%
* Percentage Daily Intakes are based on an average adult diet of 8700 kJ. Your daily intakes may be higher or lower depending on your energy needs.",,https://www.coles.com.au/product/thomson's-deli-shredded-chicken-value-pack-500g-4653935,,,2024-06-18T01:57:34.253149-04:00
"Ind54SColes_ADairy, Eggs & Fridge_SAPackaged Deli Meats_IDon Footy Franks Skinless | 435g",Don Footy Franks Skinless | 435g,Don,"Dairy, Eggs & Fridge",Packaged Deli Meats,Packaged Frankfurts,,$7.00,,,$16.09 per 1kg,5300282,"Delicious in flavour, DON Skinless Footy Franks are a real favourite with kids. Simply boil in salted water or grill on the BBQ and serve on bread with tomato sauce, mustard, bacon and lettuce for an instant classic.
Gluten Free

No Artificial Colours

Good Source of Protein",,,"Per 100g/ml
Per Serving
%DI
Energy
729kJ
456kJ
5% DI*
Protein
12.6g
7.9g
16%
Total Fat
12.4g
7.8g
11% DI*
Saturated Fat
4.1g
2.6g
11% DI*
Carbohydrate
3.3g
2.1g
1%
Sugars
Less than 1g
Less than 1g
Less than 1% DI*
Sodium
973mg
608mg
26% DI*
Gluten
Not detected
Not detected
* Percentage Daily Intakes are based on an average adult diet of 8700 kJ. Your daily intakes may be higher or lower depending on your energy needs.",,https://www.coles.com.au/product/don-footy-franks-skinless-435g-5300282,,,2024-06-18T01:57:46.442858-04:00
"Ind54SColes_ADairy, Eggs & Fridge_SAPrimo_IPrimo Champagne Leg Ham | 100g",Primo Champagne Leg Ham | 100g,Primo,"Dairy, Eggs & Fridge",Primo,Crackers & Snacks,,$3.95,Pick any 2 for $6.70,,$39.50 per 1kg,3055086,"Made with Pork sourced from North America or Europe.

Gluten free.

No artificial colours.

No artificial flavours.

Source of protein.",,,"Per 100g/ml
Per Serving
%DI
Energy
461kJ
231kJ
3%
Protein
18.0g
9.0g
18%
Total Fat
3.2g
1.6g
2%
Saturated Fat
0.9g
0.5g
2%
Carbohydrate
2.9g
1.5g
0.5g
Sugars
Less than 1g
Less than 1g
0.60%
Sodium
1100mg
550mg
24%
Gluten
Not Detected
Not Detected
* Percentage Daily Intakes are based on an average adult diet of 8700 kJ. Your daily intakes may be higher or lower depending on your energy needs.",,https://www.coles.com.au/product/primo-champagne-leg-ham-100g-3055086,,,2024-06-18T01:57:57.556654-04:00
"Ind54SColes_ADairy, Eggs & Fridge_SAPackaged Deli Meats_IColes Mild Hungarian Salami | 200g",Coles Mild Hungarian Salami | 200g,Coles,"Dairy, Eggs & Fridge",Packaged Deli Meats,Packaged Deli Meat,,$7.40,,,$37.00 per 1kg,3269250,"Hungarian Salami Made to a traditional recipe with Australian pork and beef, seasoned with garlic and paprika.",,,"Per 100g/ml
Per Serving
%DI
Energy
1530
763
9
Protein
17.8
8.9
18
Total Fat
31.3
15.7
22
Saturated Fat
21.20
10.60
44
Carbohydrate
3.60
1.80
1
Sugars
0.61
0.31
0
Sodium
1310
655
28
Energy (Cal)
365
183
0
Dietary Fibre (total)
0.50
0.25
1
Gluten
NOT DETECTED
NOT DETECTED
0
Trans
LESS THAN 0.1g
LESS THAN 0.1g
0
* Percentage Daily Intakes are based on an average adult diet of 8700 kJ. Your daily intakes may be higher or lower depending on your energy needs.",,https://www.coles.com.au/product/coles-mild-hungarian-salami-200g-3269250,,,2024-06-18T01:58:08.799704-04:00
"Ind54SColes_ADairy, Eggs & Fridge_SAPackaged Deli Meats_IDon Honey Leg Ham | 200g",Don Honey Leg Ham | 200g,Don,"Dairy, Eggs & Fridge",Packaged Deli Meats,Packaged Deli Meat,,$5.00,,$6.40,$25.00 per 1kg,6284603,"DON Thinly Sliced Honey Leg Ham delivers great flavour, without artificial colours and flavours. This ham is blended with real Australian honey to deliver a sweet, honey flavoured that tastes great in wraps or rolls.
Thinly sliced choice leg cuts

No artificial colours & flavours

95% Fat Free

Source of Protein

Gluten free",,,"Per 100g/ml
Per Serving
%DI
Energy
369kJ
148kJ
2%
Protein
15.0g
6.0g
12.0%
Total Fat
2.2g
Less than 1g
1%
Saturated Fat
Less than 1g
Less than 1g
1%
Carbohydrate
1.9g
Less than 1g
Less than 1%
Sugars
1.9g
Less than 1g
1%
Sodium
976mg
390mg
17%
Gluten
Not Detected
Not Detected
* Percentage Daily Intakes are based on an average adult diet of 8700 kJ. Your daily intakes may be higher or lower depending on your energy needs.",,https://www.coles.com.au/product/don-honey-leg-ham-200g-6284603,,,2024-06-18T01:58:19.772928-04:00
"Ind54SColes_ADairy, Eggs & Fridge_SAPackaged Deli Meats_IDon Salami Pepperoni | 200g",Don Salami Pepperoni | 200g,Don,"Dairy, Eggs & Fridge",Packaged Deli Meats,Packaged Deli Meat,,$8.50,,,$42.50 per 1kg,5643960,"Perfectly spicy American style salami made with a blend of spices and chilli. DON Pepperoni is made with no artificial colours or flavours. Slice it however you like and add to recipes, or serve on a platter with diced cheddar and other snacks when you have company over.
Medium spiced salami

Perfect for pizza and pasta

No artificial colours & flavours

American style salami",,,"Per 100g/ml
Per Serving
%DI
Energy
1710kJ
855kJ
10%
Protein
19.1g
9.6g
19%
Total Fat
34.8g
17.4g
25%
Saturated Fat
14.3g
7.2g
30%
Carbohydrate
5.7g
2.9g
1%
Sugars
Less Than 1g
Less Than 1g
Less Than 1%
Sodium
1680mg
840mg
37%
Monounsaturated
0
0
0
Dietary Fibre (total)
0
0
0
Polyunsaturated
0
0
0
Trans
0
0
0
* Percentage Daily Intakes are based on an average adult diet of 8700 kJ. Your daily intakes may be higher or lower depending on your energy needs.",,https://www.coles.com.au/product/don-salami-pepperoni-200g-5643960,,,2024-06-18T01:58:30.891821-04:00
"Ind54SColes_ADairy, Eggs & Fridge_SAPackaged Deli Meats_IDon Italian Style Shaved Salami | 160g",Don Italian Style Shaved Salami | 160g,Don,"Dairy, Eggs & Fridge",Packaged Deli Meats,Packaged Deli Meat,,$5.00,,$6.40,$31.25 per 1kg,6284680,"At Don, we value quality and have crafted a range of Premium salami from choice premium cuts and using authentic salumeria techniques.
The Italian Style Salami is mild in heat but rich and complex in flavour with hints of pepper shining through every bite.

Perfect eaten on its own or paired with other cold cuts, this Italian could also be the finishing touch to add that chefs kiss flavour to a woodfired pizza.
Source of protein

No artificial colours or flavours

Gluten Free",,,"Per 100g/ml
Per Serving
%DI
Energy
1540kJ
616kJ
7%
Protein
21.5g
8.6g
17%
Total Fat
31.9g
12.8g
18%
Saturated Fat
13.0g
5.2g
22%
Carbohydrate
Less than 1g
Less than 1g
Less than 1%
Sugars
Less than 1g
Less than 1g
Less than 1%
Sodium
1700mg
680mg
30%
Gluten
Not Detected
Not Detected
* Percentage Daily Intakes are based on an average adult diet of 8700 kJ. Your daily intakes may be higher or lower depending on your energy needs.",,https://www.coles.com.au/product/don-italian-style-shaved-salami-160g-6284680,,,2024-06-18T01:58:42.776612-04:00
"Ind54SColes_ADairy, Eggs & Fridge_SAPackaged Deli Meats_IDon Gluten Free Footy Franks Skinless | 600g",Don Gluten Free Footy Franks Skinless | 600g,Don,"Dairy, Eggs & Fridge",Packaged Deli Meats,Packaged Frankfurts,,$7.80,,,$13.00 per 1kg,1500304,"DON Skinless Footy Franks are lightly smoked to give them their distinctive, popular flavour. DON's frankfurts are delicious on their own and a central ingredient in all your homemade hot dog creations. Perfect for family barbecues and easy kids meals.
Eat on their own or in rolls

Lightly smoked

Great for lunch or dinner

Loved by kids",,,"Per 100g/ml
Per Serving
%DI
Energy
689kJ
469kJ
5%
Protein
12.9g
8.8g
18%
Total Fat
11.3g
7.7g
11%
Saturated Fat
3.6g
2.4g
10%
Carbohydrate
3.1g
2.1g
1%
Sugars
Less than 1g
Less than 1g
Less than 1%
Sodium
1200mg
816mg
35%
Gluten
Not Detected
Not Detected
* Percentage Daily Intakes are based on an average adult diet of 8700 kJ. Your daily intakes may be higher or lower depending on your energy needs.",,https://www.coles.com.au/product/don-gluten-free-footy-franks-skinless-600g-1500304,,,2024-06-18T09:56:53.267877-04:00
