idx,name,brand,aisle,subaisle,subsubaisle,size,price,multi_price,old_price,pricePerUnit,itemNum,description,serving,img_urls,item_label,item_ingredients,url,SKU,UPC,timeStamp
Ind54SColes_ADrinks_SACoffee Drinks_ILavazza Qualita Oro Ground Coffee | 1kg,Lavazza Qualita Oro Ground Coffee | 1kg,Lavazza,Drinks,Coffee Drinks,Coffee Ground,,$26.60,,$38.00,$2.66 per 100g,8411698,,,,,,https://www.coles.com.au/product/lavazza-qualita-oro-ground-coffee-1kg-8411698,,,2024-06-16T00:55:29.204802-04:00
Ind54SColes_ADrinks_SACoffee Drinks_IVittoria Latte Nespresso Compatible Coffee Capsules | 10 pack,Vittoria Latte Nespresso Compatible Coffee Capsules | 10 pack,Vittoria,Drinks,Coffee Drinks,Coffee Capsules,,$4.50,,$7.50,$0.45 per 1ea,3984347,"A medium-dark roast of 100% Arabica beans from Central and South America, Vittoria Latte has been specifically blended to drink with milk. The word 'latte' is derived from the traditional Italian term 'Caffe Latte' which translates to 'Milk Coffee'. This blend delivers a clean, medium bodied cup with a slightly sweet caramel-like aftertaste.
100% Arabica - Blend
Best Served: With Milk
Tasting Notes: Milk chocolate, Caramel, Toffee
Origins: Central and South America
Intensity: 12
Compatible with: Nespresso* Original Machines
Australian Made: Our aluminium capsules are roasted and packed locally in Australia for optimal freshness
By purchasing this product and other Vittoria packs bearing the OzHarvest mark you're helping to eliminate food waste and feed vulnerable Australians. For every kilo of coffee prepared for this pack, Vittoria donates $1 to OzHarvest which enables them to deliver two meals to people in need.
*Nespresso is a trademark of Societe des Produits Nestle SA. Neither that company nor its affiliates have manufactured or endorsed this product in any way and have no association to Vittoria Food & Beverage or the Vittoria Coffee brand. Compatible with Nespresso original machines (not compatible with the Vertuo System).",,,,,https://www.coles.com.au/product/vittoria-latte-nespresso-compatible-coffee-capsules-10-pack-3984347,,,2024-06-16T00:58:02.802832-04:00
Ind54SColes_ADrinks_SACoffee_IMoccona Cafe Classics Latte Sachets | 30 pack,Moccona Cafe Classics Latte Sachets | 30 pack,Moccona Cafe,Drinks,Coffee,Coffee mixes,,$12.00,,,$0.40 per 1ea,4405569,"Indulge in a little me-time while enjoying the new smooth taste of a sweet creamy Latte style coffee from Moccona. Finished with a thick layer of velvety froth for that indulgent cafe style experience that's perfect any time of day.
98% Fat Free (as prepared with water)
Gluten Free
63 Calories per serve",,,"Per 100g/ml
Per Serving
%DI
Energy
175
263
Protein
>1
1.2
Total Fat
1.5
2.3
Saturated Fat
1.5
2.3
Carbohydrate
6.1
9.2
Sugars
2.6
3.9
Sodium
43
64
Energy (Cal)
42
63
* Percentage Daily Intakes are based on an average adult diet of 8700 kJ. Your daily intakes may be higher or lower depending on your energy needs.",,https://www.coles.com.au/product/moccona-cafe-classics-latte-sachets-30-pack-4405569,,,2024-06-16T00:58:14.039300-04:00
Ind54SColes_ADrinks_SACoffee_INescafe Mocha Coffee Sachets | 26 Pack,Nescafe Mocha Coffee Sachets | 26 Pack,Nescafe,Drinks,Coffee,Coffee mixes,,$11.00,,,$0.42 per 1ea,2868001,"NESCAFE Mocha delivers a delicious combination of coffee and cocoa for that perfect afternoon indulgence. With a delectable layer of velvety froth and quality coffee, enjoy a cafe style creamy mocha and treat yourself at any time in the comfort of your own home. All you need to do is add hot water and give it a good stir. The result is a delightfully creamy coffee that you can enjoy from the first to the last sip. So whatever you're up to, Now's good for a deliciously creamy NESCAFE Mocha. NESCAFE. Make Your World.
Available in 10 sachets per pack or in our value pack of 26 sachets.

We go beyond the cup. We're committed to sustainable sourcing and packaging so our coffee not only tastes good but also does good. Our coffee beans are roasted right here in Australia and 100% sustainably sourced.

We've also made the commitment to convert all of our packaging to 100% recyclable by 2025.",,,"Per 100g/ml
Per Serving
%DI
Energy
200 kJ
300 kJ as prepared
3%
Protein
1 g
1 g as prepared
2%
Total Fat
1.3 g
1.9 g
3%
Saturated Fat
1.2 g
1.7 g as prepared
7%
Carbohydrate
9.6 g
14.5 g as prepared
5%
Sugars
6.1 g
9.1 g as prepared
10%
Sodium
49 mg
74 mg as prepared
3%
* Percentage Daily Intakes are based on an average adult diet of 8700 kJ. Your daily intakes may be higher or lower depending on your energy needs.","Sugar, Glucose Syrup, Soluble Coffee (13%), Vegetable Oil, Milk Solids, Cocoa (2.5%), Flavours, Stabilisers (340, 451, 331, 452), Emulsifiers (471, 472e), Salt Contains Milk .",https://www.coles.com.au/product/nescafe-mocha-coffee-sachets-26-pack-2868001,,,2024-06-16T00:58:26.482230-04:00
Ind54SColes_ADrinks_SACoffee_INescafe 98% SF Mocha Coffee Sachets | 10 pack,Nescafe 98% SF Mocha Coffee Sachets | 10 pack,Nescafe,Drinks,Coffee,Coffee mixes,,$7.60,,,$0.76 per 1ea,3984110,"As sweet as a hug from your best friend, only without the sugar. A mocha brings together long time BFFs, coffee and cocoa, for a sweet, warming and utterly delicious cup of goodness, and this frothy favourite just got even better. NESCAFE 98% SUGAR FREE MOCHA is now naturally sweetened for a simply deLIGHTful pick-me-up. With a delectable layer of velvety froth and quality coffee, enjoy a cafe style creamy mocha and treat yourself at any time in the comfort of your own home. All you need to do is add hot water and give it a good stir. The result is a delightfully creamy coffee that you can enjoy from the first to the last sip. So whatever you're up to, Now's good for a deliciously creamy NESCAFE 98% SUGAR FREE MOCHA. NESCAFE. Make Your World.
Available in 10 sachets per pack or in our value pack of 26 sachets.

We go beyond the cup. We're committed to sustainable sourcing and packaging so our coffee not only tastes good but also does good. Our coffee beans are roasted right here in Australia and 100% sustainably sourced.

We've also made the commitment to convert all of our packaging to 100% recyclable by 2025.",,,"Per 100g/ml
Per Serving
%DI
Energy
140kJ
200 kJ as prepared
2%
Protein
1g
1 g as prepared
1%
Total Fat
1.2g
1.8g
3%
Saturated Fat
1.1g
1.6 g as prepared
7%
Carbohydrate
2.9g
4.3 g as prepared
1%
Sugars
1g
1.4 g as prepared
2%
Sodium
60mg
100 mg as prepared
4%
Dietary Fibre (total)
1g
1 g as prepared
2%
* Percentage Daily Intakes are based on an average adult diet of 8700 kJ. Your daily intakes may be higher or lower depending on your energy needs.",,https://www.coles.com.au/product/nescafe-98percent-sf-mocha-coffee-sachets-10-pack-3984110,,,2024-06-16T00:58:38.376475-04:00
Ind54SColes_ADrinks_SACoffee_IStarbucks Nescafe Dolce Gusto Capsules Caramel Macchiato | 12 pack,Starbucks Nescafe Dolce Gusto Capsules Caramel Macchiato | 12 pack,Starbucks,Drinks,Coffee,Capsules,,$10.00,,,$0.83 per 1ea,3777127,"Discover STARBUCKS by NESCAFE DOLCE GUSTO Caramel Macchiato.Inspired by the STARBUCKS Caramel Macchiato you love, and indulge in the creamy bliss of dairy and caramel flavour.The box contains 12 capsules (6 coffee capsules and 6 milk capsules) designed for NESCAFE Dolce Gusto coffee machines and allows you to prepare 6 cups of Caramel Macchiato. Slide your STARBUCKS Caramel Macchiato capsules into your NESCAFE DOLCE GUSTO machine and prepare your perfect Caramel Macchiato right away.Years of focus and expertise have led to the STARBUCKS Roast Spectrum. Each coffee bean requires a unique balance of temperature and time to reach its individual peak of aroma, acidity, body and flavour.STARBUCKS is committed to 100% Ethical Coffee Sourcing in partnership with Conservation International.
Inspired by the STARBUCKS Caramel Macchiato you love, and indulge in the creamy bliss of dairy and caramel flavour.

The box contains 12 capsules (6 coffee capsules and 6 milk capsules) designed for NESCAF Dolce Gusto coffee machines and allows you to prepare 6 cups of Caramel Macchiato.

Years of focus and expertise have led to the STARBUCKS Roast Spectrum. Each coffee bean requires a unique balance of temperature and time to reach its individual peak of aroma, acidity, body and flavour.

STARBUCKS is committed to 100% Ethical Coffee Sourcing in partnership with Conservation International.",,,"Per 100g/ml
Per Serving
%DI
Energy
155kJ
310 kJ as prepared
4%
Protein
1.5g
2.9 g as prepared
6%
Total Fat
1.3g
2.8g
4%
Saturated Fat
0.8g
1.6 g as prepared
7%
Carbohydrate
4.6g
9.2 g as prepared
3%
Sugars
4.3g
8.5 g as prepared
9%
Sodium
12mg
24 mg as prepared
1%
Energy (Cal)
36Cal
72Cal
Dietary Fibre (total)
0.1g
0.2g
0.7%
* Percentage Daily Intakes are based on an average adult diet of 8700 kJ. Your daily intakes may be higher or lower depending on your energy needs.",,https://www.coles.com.au/product/starbucks-nescafe-dolce-gusto-capsules-caramel-macchiato-12-pack-3777127,,,2024-06-16T00:58:49.489441-04:00
Ind54SColes_ADrinks_SACoffee_INescafe 98% SF Caramel Coffee Sachets | 10 pack,Nescafe 98% SF Caramel Coffee Sachets | 10 pack,Nescafe,Drinks,Coffee,Coffee mixes,,$7.60,,,$0.76 per 1ea,3984100,"What's something smooth, rich and simply deLIGHTful? Introducing, NESCAFE 98% SUGAR FREE CARAMEL LATTE, the perfect combo of smooth coffee, rich caramel flavour and a layer of silky froth. With a delectable layer of velvety froth and quality coffee, enjoy a cafe style creamy caramel latte and treat yourself at any time in the comfort of your own home. All you need to do is add hot water and give it a good stir. The result is a delightfully creamy coffee that you can enjoy from the first to the last sip. So whatever you're up to, Now's good for a deliciously creamy NESCAFE 98% SUGAR FREE CARAMEL LATTE. NESCAFE. Make Your World.
Available in 10 sachets per pack or in our value pack of 26 sachets.",,,"Per 100g/ml
Per Serving
%DI
Energy
140kJ
200 kJ as prepared
2%
Protein
1g
1 g as prepared
1%
Total Fat
1.3g
1.9g
3%
Saturated Fat
1.2g
1.8 g as prepared
7%
Carbohydrate
2.9g
4.4 g as prepared
1%
Sugars
1g
1.4 g as prepared
2%
Sodium
60mg
85 mg as prepared
4%
Dietary Fibre (total)
1g
1 g as prepared
2%
* Percentage Daily Intakes are based on an average adult diet of 8700 kJ. Your daily intakes may be higher or lower depending on your energy needs.",,https://www.coles.com.au/product/nescafe-98percent-sf-caramel-coffee-sachets-10-pack-3984100,,,2024-06-16T00:59:00.560091-04:00
Ind54SColes_ADrinks_SACoffee_IDaley Street Q-graders Batch Cremorne Ground Coffee | 250g,Daley Street Q-graders Batch Cremorne Ground Coffee | 250g,Daley Street,Drinks,Coffee,Ground coffee,,$12.00,,,$4.80 per 100g,5993258,,,,,,https://www.coles.com.au/product/daley-street-q-graders-batch-cremorne-ground-coffee-250g-5993258,,,2024-06-16T00:59:09.439806-04:00
Ind54SColes_ADrinks_SACoffee_INescafe Decaf Cappuccino Coffee Sachets | 10 pack,Nescafe Decaf Cappuccino Coffee Sachets | 10 pack,Nescafe,Drinks,Coffee,Coffee mixes,,$7.60,,,$0.76 per 1ea,4976956,"Elevate your daily coffee routine with a delicious cup of NESCAFE Decaf Cappuccino. With a delectable layer of velvety froth and the full bodied coffee flavour you love, enjoy a cafe style creamy decaf cappuccino and treat yourself at any time in the comfort of your own home. All you need to do is add hot water, give it a good stir and top it off with a sprinkle of some choc topping. The result is a delightfully creamy coffee that you can enjoy from the first to the last sip. So whatever you're up to, Now's good for a deliciously creamy NESCAFE Decaf Cappuccino. If you love this, try the rest of our delicious range.
Available in 10 sachets per pack or in our value pack of 26 sachets.

We go beyond the cup. We're committed to sustainable sourcing and packaging so our coffee not only tastes good but also does good. Our coffee beans are roasted right here in Australia and 100% sustainably sourced.

We've also made the commitment to convert all of our packaging to 100% recyclable by 2025.

Includes a chocolate shaker.",,,"Per 100g/ml
Per Serving
%DI
Energy
150 kJ
220 kJ as prepared
3%
Protein
1 g
1 g as prepared
2%
Total Fat
1.3 g
1.9 g
3%
Saturated Fat
1.2 g
1.8 g as prepared
7%
Carbohydrate
6.4 g
9.6 g as prepared
3%
Sugars
2.8 g
4.1 g as prepared
5%
Sodium
51 mg
77 mg as prepared
3%
* Percentage Daily Intakes are based on an average adult diet of 8700 kJ. Your daily intakes may be higher or lower depending on your energy needs.",,https://www.coles.com.au/product/nescafe-decaf-cappuccino-coffee-sachets-10-pack-4976956,,,2024-06-16T00:59:20.825377-04:00
Ind54SColes_ADrinks_SACoffee_IVittoria Inca Peru Nespresso Compatible Coffee Capsules | 10 pack,Vittoria Inca Peru Nespresso Compatible Coffee Capsules | 10 pack,Vittoria,Drinks,Coffee,Capsules,,$4.50,,$7.50,$0.45 per 1ea,4204024,"This Vittoria Riserva blend features 100% Arabica beans from Brazil, Costa Rica and the mountainous Cajamarca, Chirinos and Cuzco regions of Peru. Vittoria sources the beans from farms Certified by the Rainforest Alliance as environmentally, socially and economically sustainable. Vittoria Inca Peru is a medium-dark roast that delivers a delicately balanced espresso, which tastes even sweeter with milk.
100% Arabica - Blend
Best Served: With Milk
Tasting Notes: Maple syrup, Roasted peanuts, Blossoms
Origins: Brazil, Costa Rica and the mountainous Cajamarca, Chirinos and Cuzco regions of Peru
Intensity: 15
Compatible with: Nespresso* Original Machines
Australian Made: Our aluminium capsules are roasted and packed locally in Australia for optimal freshness.
By purchasing this product and other Vittoria packs bearing the OzHarvest mark you're helping to eliminate food waste and feed vulnerable Australians. For every kilo of coffee prepared for this pack, Vittoria donates $1 to OzHarvest which enables them to deliver two meals to people in need.
*Nespresso is a trademark of Societe des Produits Nestle SA. Neither that company nor its affiliates have manufactured or endorsed this product in any way and have no association to Vittoria Food & Beverage or the Vittoria Coffee brand. Compatible with Nespresso original machines (not compatible with the Vertuo System).",,,,,https://www.coles.com.au/product/vittoria-inca-peru-nespresso-compatible-coffee-capsules-10-pack-4204024,,,2024-06-16T00:59:29.517337-04:00
Ind54SColes_ADrinks_SACoffee_IStarbucks By Nespresso Blonde Espresso Roast Capsules | 10 pack,Starbucks By Nespresso Blonde Espresso Roast Capsules | 10 pack,Starbucks,Drinks,Coffee,Capsules,,$7.90,Pick any 3 for $18,,$0.79 per 1ea,3613061,"Nearly five decades of sourcing, blending and roasting brought us here: a second espresso that's boldly mellow. This special blend of beans from Latin America was carefully roasted to coax out sweet, vibrant notes. Soft and balanced, it highlights milk's sweeter side, making classic espresso drinks extra smooth without a roasty edge.Years of focus and expertise have led to the Starbucks Roast Spectrum. Each coffee bean requires a unique balance of temperature and time to reach its individual peak of aroma, acidity, body and flavour.Blonde Roast: Lighter-bodied and mellow, Starbucks blonde-roast coffees awaken the senses gently and deliver an approachable and flavourful cup with slight hints of light roast.Enjoy Starbucks at home. The coffee you love without leaving the house.Coffee capsules for Nespresso coffee machines.Smooth & sweet notes. Soft and mellow flavour, this is our lightest espresso roast.Intensity: 6Cup Recommendation: Lungo (110ml)Committed to 100% Ethical Coffee Sourcing in partnership with Conservation International.For NESPRESSO Machines.
- STARBUCKS coffee Pods by NESPRESSO with smooth & sweet notes

- Intensity: 6

- Soft and mellow flavour, this is our lightest espresso roast

- Coffee Pods compatible with NESPRESSO coffee machines

- Enjoy STARBUCKS at home. The coffee you love without leaving the house

- This special blend of beans from Latin America was carefully roasted to bring out sweet, vibrant notes.

- Committed to 100% Ethical Coffee Sourcing in partnership with Conservation International.",,,,100% Arabica,https://www.coles.com.au/product/starbucks-by-nespresso-blonde-espresso-roast-capsules-10-pack-3613061,,,2024-06-16T00:59:38.346968-04:00
Ind54SColes_ADrinks_SACoffee_IMoccona French Style Smooth & Rounded Instant Coffee | 200g,Moccona French Style Smooth & Rounded Instant Coffee | 200g,Moccona,Drinks,Coffee,Instant Coffee,,$16.00,,,$8.00 per 100g,7479324,"French Style.

Smooth & Rounded.

Inspired by France, enjoy a delicate and aromatic freeze dried coffee.

At Moccona we care about coffee, the people who grow it and the planet it comes from.

Working together with our preferred partners like UTZ Certified, we help farmers prosper and help to preserve the environment.",,,,100% Coffee beans.,https://www.coles.com.au/product/moccona-french-style-smooth-and-rounded-instant-coffee-200g-7479324,,,2024-06-16T00:59:47.813102-04:00
Ind54SColes_ADrinks_SACoffee_IColes Coffee Whitener Regular | 500g,Coles Coffee Whitener Regular | 500g,Coles,Drinks,Coffee,Coffee accessories,,$3.20,,,$0.64 per 100g,4487359,"Coles Coffee whitener A smooth & creamy addition to your coffee, tea or hot chocolate",,,"Per 100g/ml
Per Serving
%DI
Energy
2320.30
92.81
Protein
2.80
0.11
Carbohydrate
56.00
2.24
Sugars
15.00
0.60
Sodium
200.00
8.00
Saturated
34.00
1.36
Energy (Cal)
555.10
22.20
Fat
35.50
1.42
Dietary Fibre (total)
0.90
0.04
* Percentage Daily Intakes are based on an average adult diet of 8700 kJ. Your daily intakes may be higher or lower depending on your energy needs.",,https://www.coles.com.au/product/coles-coffee-whitener-regular-500g-4487359,,,2024-06-16T00:59:58.729578-04:00
Ind54SColes_ADrinks_SACoffee_IBushells Turkish Style Pulverised Coffee | 250g,Bushells Turkish Style Pulverised Coffee | 250g,Bushells,Drinks,Coffee,Ground coffee,,$7.20,,$9.00,$2.88 per 100g,116457,Bushells Turkish Style Pulverised Coffee.,,,,coffee,https://www.coles.com.au/product/bushells-turkish-style-pulverised-coffee-250g-116457,,,2024-06-16T01:00:10.080419-04:00
Ind54SColes_ADrinks_SACoffee_ICaffe Aurora Italian Blend Beans Coffee | 1kg,Caffe Aurora Italian Blend Beans Coffee | 1kg,Caffe Aurora,Drinks,Coffee,Coffee beans,,$19.00,,,$1.90 per 100g,4824415,"Caffe Aurora embodies the essence of traditional Italian-style coffeeâ�full-bodied, bold and well balanced. For over 40 years, we have been committed to sourcing the finest raw coffees from around the world and roast them locally for freshness. Boasting a strong, well-rounded flavour, Caffe Aurora Italian blend is a dark roast that has been expertly crafted with the traditional espresso drinker in mind. Caffe Aurora Italian blend is an intense, full-bodied cup producing an authentic Italian-style coffee. Roasted and packed in Australia from imported raw coffees. Tasting Notes: Dark Chocolate, Smokey",,,,,https://www.coles.com.au/product/caffe-aurora-italian-blend-beans-coffee-1kg-4824415,,,2024-06-16T01:00:19.657506-04:00
Ind54SColes_ADrinks_SACoffee_INescafe B43 Instant Coffee Refill Pouch | 400g,Nescafe B43 Instant Coffee Refill Pouch | 400g,Nescafe,Drinks,Coffee,Instant Coffee,,,,,,8077439,"Every cup you drink can make a difference Creating the perfect cup of bold and smooth coffee NESCAFE Blend 43 is proudly made from 100% responsibly sourced coffee beans. We take care & craft in individually roasting our Bold Robusta & Smooth Arabica coffee beans, bringing out their unique flavour & aroma. They are then blended to create the perfect cup. Through using 100% responsibly sourced coffee beans in NESCAFE Blend 43, we are making a difference for coffee farmers, helping to improve their lands and livelihoods. We are making a difference by sourcing 100% renewable electricity and using coffee grounds left over from the brewing process to help power our NESCAFE factory in Gympie, Queensland. What makes a NESCAFE Blend 43 cup of coffee more enjoyable is that every time you enjoy a cup, you are not just enjoying your favourite cup of coffee, you are also making a difference in people's lives and the planet, from farm to cup. Use this pack to refill your NESCAFE Blend 43 jar, giving it a second life.
Intensity Score: 5 (Medium Roast)",,,,100% Natural Coffee Beans.,https://www.coles.com.au/product/nescafe-b43-instant-coffee-refill-pouch-400g-8077439,,,2024-06-16T01:00:29.407539-04:00
Ind54SColes_ADrinks_SACoffee_IVittoria Freeze Dried Latte Instant Coffee | 400g,Vittoria Freeze Dried Latte Instant Coffee | 400g,Vittoria,Drinks,Coffee,Instant Coffee,,$37.00,Pick any 2 for $36,,$9.25 per 100g,4824379,A medium-dark roast of 100% freeze dried Arabica beans. Latte has been specifically blended to drink with milk. The word 'latte' is derived from the traditional Italian term 'Caffe Latte' which translates to 'Milk Coffee',,,,100% Arabica Freeze Dried Instant Coffee,https://www.coles.com.au/product/vittoria-freeze-dried-latte-instant-coffee-400g-4824379,,,2024-06-16T01:00:39.135265-04:00
Ind54SColes_ADrinks_SACoffee_IBushells Coffee & Chicory Essence | 250mL,Bushells Coffee & Chicory Essence | 250mL,Bushells,Drinks,Coffee,Coffee mixes,,$4.80,,$6.00,$1.92 per 100mL,116708,Sweet coffee flavour notes,,,,"Sugar, Caramel (150d), Water, Coffee (6%), Salt, Chicory (0.004%).",https://www.coles.com.au/product/bushells-coffee-and-chicory-essence-250ml-116708,,,2024-06-16T01:00:48.876470-04:00
Ind54SColes_ADrinks_SACoffee_IVittoria Nespresso Compatible Capsules Variety Pack | 40 pack,Vittoria Nespresso Compatible Capsules Variety Pack | 40 pack,Vittoria,Drinks,Coffee,Capsules,,$21.00,,,$0.53 per 1ea,6345050,"Vittoria's Extra Strong Variety Pack is a collection of our strongest 100% Arabica capsule blends, including Italian, Latte, Mountain Grown and Espresso.",,,,,https://www.coles.com.au/product/vittoria-nespresso-compatible-capsules-variety-pack-40-pack-6345050,,,2024-06-16T01:00:59.773496-04:00
Ind54SColes_ADrinks_SACoffee_ILavazza Barista Intenso Ground Coffee | 250g,Lavazza Barista Intenso Ground Coffee | 250g,Lavazza,Drinks,Coffee,Ground coffee,,,,,,8087691,,,,,,https://www.coles.com.au/product/lavazza-barista-intenso-ground-coffee-250g-8087691,,,2024-06-16T01:01:09.111822-04:00
Ind54SColes_ADrinks_SACoffee_ILavazza Tales Of Italy Eternal Roma Premium Coffee Beans | 500g,Lavazza Tales Of Italy Eternal Roma Premium Coffee Beans | 500g,Lavazza,Drinks,Coffee,Coffee beans,,$25.00,,,$5.00 per 100g,6277878,"Explore the coffee stories of the most iconic and authentic Italian cities.

Roasted right here in Australia, Lavazza Eternal Roma is a premium blend of handpicked Brazilian Arabica coffee, washed Colombian Arabica and Vietnamese Robusta beans renowned for their exceptional quality. The blend's captivating aroma transports you to the timeless streets of the eternal city.

Intensity: 8/10
Aroma: Hazelnut & Dark Chocolate
Roast: Medium
Blend: Late Harvest Brazilian Arabica
Origin: South America & Asia",,,,,https://www.coles.com.au/product/lavazza-tales-of-italy-eternal-roma-premium-coffee-beans-500g-6277878,,,2024-06-16T01:01:18.870195-04:00
Ind54SColes_ADrinks_SABeverages_IMoccona Espresso Style Bold & Intense Instant Coffee | 400g,Moccona Espresso Style Bold & Intense Instant Coffee | 400g,Moccona,Drinks,Beverages,Coffee & tea,,$22.00,,,"$5.50 per 100g
Was $28.00 on Jun 2024",2269175,"The perfect coffee to enjoy every day.

The heritage behind Moccona was born half a world away in the quaint Netherlands' village of Joure in 1753. Originally sold in delicatessens and small specialty stores, it symbolised the little indulgence from Europe that added to the pleasures of everyday.

Known for its premium taste and elegant glass jar, Moccona has become a much-loved classic in homes all over Australia.

Moccona blends are created by bringing together the world's finest beans: Arabica and the Robusta. The Arabica has a softer sweeter taste with berry and fruit tones while the Robusta bean has a deep rich flavour.

Together they bring the magical blend and character you expect from the perfect cup of coffee. Every time you smell the aroma of Moccona, you'll be reminded of the great passion that drives us to create moments of pure indulgence - just for you.

At Moccona, we care about coffee, the people who grow it and the planet it comes from.

Working together with our preferred partners like UTZ Certified, we help farmers propers and help to preserve the environments.",,,,,https://www.coles.com.au/product/moccona-espresso-style-bold-and-intense-instant-coffee-400g-2269175,,,2024-06-16T01:01:27.899337-04:00
Ind54SColes_ADrinks_SACoffee_IDaley Street Freeze Dried Instant Coffee | 100g,Daley Street Freeze Dried Instant Coffee | 100g,Daley Street,Drinks,Coffee,Instant Coffee,,$9.00,,,$9.00 per 100g,6495391,,,,,,https://www.coles.com.au/product/daley-street-freeze-dried-instant-coffee-100g-6495391,,,2024-06-16T01:01:38.002780-04:00
Ind54SColes_ADrinks_SACoffee_IHarris Strong Coffee Ground | 1kg,Harris Strong Coffee Ground | 1kg,Harris,Drinks,Coffee,Ground coffee,,$26.00,,,$2.60 per 100g,3755383,"Harris Strong Blend
Expertly blended coffee beans, slowly roasted to develop a bold, full-bodied coffee with nutty notes.

Full bodied and bold
Dark Roast blend
Intensity 4/5
Roasted in Australia

Harris Coffee Story
At Harris, our passion is providing Australians with great coffee.   Since 1883 we've been blending and roasting coffee in in our Sydney Roastery.  Good beans, locally roasted and packed fresh for you to brew a great cup of coffee.

 Visit www.harriscoffee.com.au for more information.
Roasted in Australia

Dark Roast

Intensity 4/5",,,,Roasted Coffee Beans,https://www.coles.com.au/product/harris-strong-coffee-ground-1kg-3755383,,,2024-06-16T01:01:47.080977-04:00
Ind54SColes_ADrinks_SACoffee_IVittoria Italian Nespresso Compatible Coffee Capsules | 10 pack,Vittoria Italian Nespresso Compatible Coffee Capsules | 10 pack,Vittoria,Drinks,Coffee,Capsules,,$4.50,,$7.50,$0.45 per 1ea,3984314,"Vittoria Italian blend is a medium roast of 100% Arabica coffee beans from Central and South America with a balanced body and taste. Italian blend is a milder cup compared to darker roasts like Vittoria Espresso.
100% Arabica - Blend
Best Served: Espresso, With Milk
Tasting Notes: Raisin, Pear, Almond
Origins: Central and South America
Intensity: 11
Compatible with: Nespresso* Original Machines
Australian Made: Our aluminium capsules are roasted and packed locally in Australia for optimal freshness.
By purchasing this product and other Vittoria packs bearing the OzHarvest mark you're helping to eliminate food waste and feed vulnerable Australians. For every kilo of coffee prepared for this pack, Vittoria donates $1 to OzHarvest which enables them to deliver two meals to people in need.
*Nespresso is a trademark of Societe des Produits Nestle SA. Neither that company nor its affiliates have manufactured or endorsed this product in any way and have no association to Vittoria Food & Beverage or the Vittoria Coffee brand. Compatible with Nespresso original machines (not compatible with the Vertuo System).",,,,,https://www.coles.com.au/product/vittoria-italian-nespresso-compatible-coffee-capsules-10-pack-3984314,,,2024-06-16T01:01:55.908190-04:00
Ind54SColes_ADrinks_SACoffee_IRepublica 100% Pure Coffee Decaffeinated | 100g,Republica 100% Pure Coffee Decaffeinated | 100g,Republica,Drinks,Coffee,Instant Coffee,,$11.40,,$13.50,$11.40 per 100g,8648019,"Move Mountains
But First... Coffee
How do we decaffeinate our coffee? It's simple, by using just water & air. It's the most organic and natural method and the coffee retains its exceptional aroma and taste.",,,,,https://www.coles.com.au/product/republica-100percent-pure-coffee-decaffeinated-100g-8648019,,,2024-06-16T01:02:06.944148-04:00
Ind54SColes_ADrinks_SACoffee_IL'OR Espresso Intense Collection Nespresso Compatible Capsules | 40 pack,L'OR Espresso Intense Collection Nespresso Compatible Capsules | 40 pack,LOR,Drinks,Coffee,Capsules,,$22.00,,,$0.55 per 1ea,6314103,"The L'OR Espresso Intense Collection includes four bold capsules from our ristretto and espresso ranges. Let yourself be tempted by our selection of intense coffees and savor rich and powerful aromas that will delight your taste buds.

Ultimo 11
Ultimo reveals the smoothest characteristics of dark-roasted coffee with balanced intensity. Its fruity notes survive the high roast for an intriguing coffee experience. 
Smooth - Intense - Fruity

Onyx 12
Notes of chocolate and spicy bitter cocoa flavours are layered with a lingering aftertaste. Coffee's darkest character - roasted and extreme.
Dark - Smoky - Intense

Ristretto 11
Layers of light spice contrast sharp freshness inspired by the markets of Sumatra. Created to unfold and reveal its complexity in an instant, it is a quick and bold blend.
Fresh - Spicy - Complex

Supremo 10
A blend full of contrasts, Supremo is full of pleasant smokiness with sweet fruitiness too. Remarkably round despite its dark and deeply roasted profile, it is unexpected in every moment.
Roasty - Sweet - Rich

Blended by L'OR Coffee Artists
Rich and powerful ground coffees in single-dose capsules

Ideal preparation is espresso (40mL)

Compatible with L'OR Barista and Nespresso* original coffee machines

100% Rainforest Alliance certified coffee beans

100% recyclable capsules via partnership with Terracycle",,,,,https://www.coles.com.au/product/l'or-espresso-intense-collection-nespresso-compatible-capsules-40-pack-6314103,,,2024-06-16T01:02:16.772742-04:00
Ind54SColes_ADrinks_SACoffee_IVittoria Organic Espresso Coffee Beans | 1kg,Vittoria Organic Espresso Coffee Beans | 1kg,Vittoria,Drinks,Coffee,Coffee beans,,$22.00,,$44.00,$2.20 per 100g,2002095,"Vittoria's Organic Rainforest Alliance Espresso 100% Arabica is certified by the Rainforest Alliance and is approved to meet rigorous social and environmental standards that help to conserve forests, protect wildlife habitat, provide coffee workers with a healthy work environment, decent housing, access to education and health care.
Blend: 100% Arabica Coffee
Roast: Medium to Dark
Origins: Central & South America
Tasting Notes: Hazelnut, Wildberry, Honey, Lemon
Best Served as: Full-flavour cup, whether served as an espresso or with milk",,,,,https://www.coles.com.au/product/vittoria-organic-espresso-coffee-beans-1kg-2002095,,,2024-06-16T01:02:29.171445-04:00
Ind54SColes_ADrinks_SACoffee_IDaley Street Dark Coffee Ground | 200g,Daley Street Dark Coffee Ground | 200g,Daley Street,Drinks,Coffee,Ground coffee,,$9.00,,,$4.50 per 100g,3956170,"Daley StProudly developed &roasted in Preston, MelbourneDark RoastGroundIntense 12Brazilian, Honduran & Ethiopian Arabica BeansDeliver notes of Cocoa - Blackcurrant - Clove",,,,INGREDIENTS: Rainforest Alliance Certified Roasted and Ground Coffee.,https://www.coles.com.au/product/daley-street-dark-coffee-ground-200g-3956170,,,2024-06-16T01:02:38.779835-04:00
Ind54SColes_ADrinks_SACoffee_IStarbucks Nespresso Compatible Capsules Caramel | 10 pack,Starbucks Nespresso Compatible Capsules Caramel | 10 pack,Starbucks,Drinks,Coffee,Capsules,,$7.90,Pick any 3 for $18,,$0.79 per 1ea,6190260,"Smooth, buttery caramel and vanilla notes are waiting in every well-rounded cup of Starbucks Smooth Caramel by Nespresso. It's the darker side of our blonde roast, to be enjoyed at the touch of a button - with or without milk for an oh-so-delicious cup for your next Starbucks moment.
- STARBUCKS coffee Pods by NESPRESSO with smooth & sweet notes

- Intensity: 6

- Coffee Pods compatible with NESPRESSO coffee machines

- Enjoy STARBUCKS at home. The coffee you love without leaving the house",,,,,https://www.coles.com.au/product/starbucks-nespresso-compatible-capsules-caramel-10-pack-6190260,,,2024-06-16T01:02:47.624721-04:00
Ind54SColes_ADrinks_SACoffee_IColes Urban Coffee Culture Medium Roast Beans | 1kg,Coles Urban Coffee Culture Medium Roast Beans | 1kg,Coles,Drinks,Coffee,Coffee beans,,$13.00,,,$1.30 per 100g,3616321,"Intensity: 7Stamp: Batch roasted in Melbourne, Victoria.Well balanced and full bodied with hints of milk chocolate and cinnamon, leaving a sweet caramel aftertaste.Our specially crafted coffee is sourced and roasted with passion for your enjoyment.",,,,INGREDIENTS: Rainforest Alliance Roast Coffee (Coffee).,https://www.coles.com.au/product/coles-urban-coffee-culture-medium-roast-beans-1kg-3616321,,,2024-06-16T01:02:57.285565-04:00
Ind54SColes_ADrinks_SACoffee_ILavazza Espresso Barista Gran Crema Coffee Beans | 1kg,Lavazza Espresso Barista Gran Crema Coffee Beans | 1kg,Lavazza,Drinks,Coffee,Coffee beans,,$40.00,,,$4.00 per 100g,3756513,"Espresso Barista Gran Crema is a professional drum roast, offering a rich and rounded flavour.
Espresso Barista Gran Crema gives a genuine espresso experience, its professional drum roast, espresso grinding and intense taste, offering floral notes with a persistent aftertaste of dried fruits and nuts.
Intensity: 7/10
Aroma: Floral, Dried Fruits, Nuts
Roast: Drum Roast to Medium
Origin: South-East Asia & Central & South America",,,,,https://www.coles.com.au/product/lavazza-espresso-barista-gran-crema-coffee-beans-1kg-3756513,,,2024-06-16T01:03:06.610296-04:00
Ind54SColes_ADrinks_SACoffee_IL'OR Espresso Lungo Profondo Capsules | 40 pack,L'OR Espresso Lungo Profondo Capsules | 40 pack,LOR,Drinks,Coffee,Capsules,,$22.00,,,$0.55 per 1ea,3984008,"A journey of taste from start to finish with a medium roast taken right to the edge of dark. Deeper hints of chocolate and nuts, then light toasty notes, contrasted with soft fruitiness. A lingering, distinct aftertaste keeps you yearning for more.

Blended by L'OR Coffee Artists
Toasty, fruity and distinct ground coffee in single-dose capsules
Ideal preparation is espresso (40mL)
Compatible with L'OR Barista and Nespresso* original coffee machines
100% Rainforest Alliance certified coffee beans
100% recyclable capsules via partnership with Terracycle",,,,,https://www.coles.com.au/product/l'or-espresso-lungo-profondo-capsules-40-pack-3984008,,,2024-06-16T01:03:16.383624-04:00
Ind54SColes_ADrinks_SACoffee_IL'OR Espresso Lungo Profondo Intensity 8 Coffee Capsules 52g | 10 pack,L'OR Espresso Lungo Profondo Intensity 8 Coffee Capsules 52g | 10 pack,LOR,Drinks,Coffee,Capsules,,$5.50,,$7.50,$0.55 per 1ea,2951047,"A journey of taste from start to finish with a medium roast taken right to the edge of dark. Deeper hints of chocolate and nuts, then light toasty notes, contrasted with soft fruitiness. A lingering, distinct aftertaste keeps you yearning for more.

Blended by L'OR Coffee Artists
Toasty, fruity and distinct ground coffee in single-dose capsules
Ideal preparation is espresso (40mL)
Compatible with L'OR Barista and Nespresso* original coffee machines
100% Rainforest Alliance certified coffee beans
100% recyclable capsules via partnership with Terracycle",,,,,https://www.coles.com.au/product/l'or-espresso-lungo-profondo-intensity-8-coffee-capsules-52g-10-pack-2951047,,,2024-06-16T01:03:25.492671-04:00
Ind54SColes_ADrinks_SACoffee_IColes Urban Coffee Culture Strong Beans | 1kg,Coles Urban Coffee Culture Strong Beans | 1kg,Coles,Drinks,Coffee,Coffee beans,,$13.00,,,$1.30 per 100g,7656656,"Intensity 10Stamp: Batch roasted in Melbourne, Victoria. Balance of dark cocoa and vanilla flavour with hints of aniseed and clove, full bodied and ideal with milk Our specially crafted coffee is sourced and roasted with passion for your enjoyment.",,,,INGREDIENTS: Rainforest Alliance Certified Roast Coffee Beans.,https://www.coles.com.au/product/coles-urban-coffee-culture-strong-beans-1kg-7656656,,,2024-06-16T01:03:34.746041-04:00
Ind54SColes_ADrinks_SACoffee_IColes Coffee Machine Descaler | 250mL,Coles Coffee Machine Descaler | 250mL,Coles,Drinks,Coffee,Coffee accessories,,$4.00,,,$1.60 per 100mL,3209077,"1. Removes hard water scale. 2. For all machine types. Capsule or Pod, Manual or Fully automatic machines",,,,,https://www.coles.com.au/product/coles-coffee-machine-descaler-250ml-3209077,,,2024-06-16T01:03:44.001614-04:00
Ind54SColes_ADrinks_SACoffee_IJarrah Brazilian Cafe Latte Coffee | 250g,Jarrah Brazilian Cafe Latte Coffee | 250g,Jarrah,Drinks,Coffee,Coffee mixes,,$3.75,,$7.50,$1.50 per 100g,5436896,,,,,,https://www.coles.com.au/product/jarrah-brazilian-cafe-latte-coffee-250g-5436896,,,2024-06-16T01:03:53.062333-04:00
Ind54SColes_ADrinks_SACoffee_INescafe Gold Intense Coffee | 200g,Nescafe Gold Intense Coffee | 200g,Nescafe,Drinks,Coffee,Instant Coffee,,$16.00,,,$8.00 per 100g,3208198,"Bold taste with deep coffee notes. Made from Arabica and Robusta Beans. 100% Soluble Coffee. Through using 100% responsibly sourced coffee, we are supporting coffee farmers to improve their lands and livelihoods. To learn more visit nescafe.com.au or nescafe.co.nz.
Dark & Vibrant Taste

Dark & vibrant taste.

200g makes 117 cups of coffee based on 1.7g per cup.

NESCAF Gold caps and glass jars are 100% recyclable.",,,,100% Soluble Coffee,https://www.coles.com.au/product/nescafe-gold-intense-coffee-200g-3208198,,,2024-06-16T01:04:02.173585-04:00
Ind54SColes_ADrinks_SACoffee_IDC Coffee Ground Darkness | 250g,DC Coffee Ground Darkness | 250g,DC,Drinks,Coffee,Coffee beans,,$8.00,,$10.00,$3.20 per 100g,3354860,"A terror from out of space...people on Earth, ''the Dark Side'' has arrived. For the robots, aliens, creatures of the night, and everything that lurks in the shadows be restored with the monstrous flavours of vanilla, almond and dark chocolate.
Sourced from Armenia, Colombia, Labareda, and Brazil
Vanilla, almond, and dark chocolate flavour
Walnut and cocoa aroma
Medium acidity
Medium-dark roast (Level 10)",,,,,https://www.coles.com.au/product/dc-coffee-ground-darkness-250g-3354860,,,2024-06-16T01:04:13.044344-04:00
Ind54SColes_ADrinks_SACoffee_IL'or Onyx Coffee Beans | 500g,L'or Onyx Coffee Beans | 500g,Lor,Drinks,Coffee,Coffee beans,,,,,,8057657,"Stimulate your senses with L'OR Espresso Onyx Coffee Beans. Roasted locally in Australia, this bold blend pairs spicy and woody notes with a hint of nutmeg and ginger.
Tasting notes: powerful, dark roast with touches of nutmeg & ginger

Roast: dark

Origins: Brazil and other coffee regions of South America, Central America, South-East Asia, South Asia, East Africa & Papua New Guinea

Intensity: 12

Size: 500g

Usage: best brewed in fully automatic coffee machines.",,,,,https://www.coles.com.au/product/l'or-onyx-coffee-beans-500g-8057657,,,2024-06-16T01:04:22.927119-04:00
Ind54SColes_ADrinks_SACoffee_IColes Coffee Decaffeinated | 100g,Coles Coffee Decaffeinated | 100g,Coles,Drinks,Coffee,Instant Coffee,,$4.00,,,$4.00 per 100g,5334660,Coles decaffinated coffee ideal for that morning coffee break or afternoon cuppa with friends enjoy the smooth bold flavour,,,,,https://www.coles.com.au/product/coles-coffee-decaffeinated-100g-5334660,,,2024-06-16T01:04:34.936541-04:00
Ind54SColes_ADrinks_SACoffee_IMoccona Barista Reserve Extra Dark Roast Espresso Capsules | 10 Pack,Moccona Barista Reserve Extra Dark Roast Espresso Capsules | 10 Pack,Moccona,Drinks,Coffee,Capsules,,$6.00,,,$0.60 per 1ea,3193421,"Extra Dark Roast Espresso has a powerful and robust intensity. Enjoy black or pair with milk for your perfect coffee moment at home.

Crafted by Moccona's master blenders.
Intense and bold ground coffee in single-dose capsules

Enjoy black or pair with milk for your perfect coffee moment at home

Ideal preparation is ristretto (25mL) and espresso (40mL)

Compatible with Nespresso* original coffee machines

100% Rainforest Alliance certified coffee beans

100% recyclable capsules via partnership with Terracycle.",,,,,https://www.coles.com.au/product/moccona-barista-reserve-extra-dark-roast-espresso-capsules-10-pack-3193421,,,2024-06-16T01:04:44.741303-04:00
Ind54SColes_ADrinks_SACoffee_IOasis Greek Style Coffee | 200g,Oasis Greek Style Coffee | 200g,Oasis,Drinks,Coffee,Ground coffee,,$5.70,,,$2.85 per 100g,204328,"Made in Australia from imported raw beans that are roasted, finely ground and packed by Griffiths Bros. Coffee Roasters.",,,,,https://www.coles.com.au/product/oasis-greek-style-coffee-200g-204328,,,2024-06-16T01:04:54.058809-04:00
Ind54SColes_ADrinks_SACoffee_IStarbucks By Nespresso Colombia Nespresso Compatible Capsules | 36 pack,Starbucks By Nespresso Colombia Nespresso Compatible Capsules | 36 pack,Starbucks By Nespresso,Drinks,Coffee,Capsules,,$16.80,,,$0.47 per 1ea,6195897,"We've always loved coffee from Colombia. And we're never reminded of that love more than when we're travelling to the coffee farms. Driving treacherous dirt roads with a sheer mountain wall to one side - nothing but air for thousands of feet to the other. For us, the round body, juicy taste and signature nutty finish of this 100% Colombian coffee are worth the journey every time.

Years of focus and expertise have led to the STARBUCKS Roast Spectrum. Each coffee bean requires a unique balance of temperature and time to reach its individual peak of aroma, acidity, body and flavour.

Smooth and balanced, our medium-roast coffees have a little kick and deliver a medium-bodied cup with a hearty roast.

STARBUCKS coffee Pods by NESPRESSO, compatible with NESPRESSO coffee machines.
- STARBUCKS coffee Pods by NESPRESSO, balanced with nutty notes

- Intensity: 7

- Nutty and floral with extraordinary cup balance and tons of complexity

- Coffee Pods compatible with NESPRESSO coffee machines

- Enjoy STARBUCKS at home. The coffee you love without leaving the house

- Committed to 100% Ethical Coffee Sourcing in partnership with Conservation International.",,,,,https://www.coles.com.au/product/starbucks-by-nespresso-colombia-nespresso-compatible-capsules-36-pack-6195897,,,2024-06-16T01:05:03.035840-04:00
Ind54SColes_ADrinks_SACoffee_IStarbucks Pike Place Capsules | 10 pack,Starbucks Pike Place Capsules | 10 pack,Starbucks,Drinks,Coffee,Capsules,,$7.90,Pick any 3 for $18,,$0.79 per 1ea,3772950,"From our first store in Seattle's Pike Place Market to our coffeehouses around the world, customers requested a freshly brewed coffee they could enjoy throughout the day. A smooth, well-rounded blend of Latin American coffees with subtly rich flavours of chocolate and toasted nuts, it's served fresh every day at a Starbucks store near you.Years of focus and expertise have led to the Starbucks Roast Spectrum. Each coffee bean requires a unique balance of temperature and time to reach its individual peak of aroma, acidity, body and flavour.Medium Roast: Smooth and balanced, our medium-roast coffees have a little kick and deliver a medium-bodied cup with a hearty roast.Enjoy Starbucks at home. The coffee you love without leaving the house.Coffee capsules for Nespresso coffee machines.Smooth with Chocolate notes. A rich, satisfying and balanced cup to enjoy throughout the day.Intensity: 7Cup Recommendation: Lungo (110ml)Committed to 100% Ethical Coffee Sourcing in partnership with Conservation International.For Nespresso Machines.
- STARBUCKS coffee Pods by NESPRESSO, smooth with chocolate notes

- Intensity: 7

- Well-rounded with subtle notes of cocoa and toasted nuts balancing the smooth mouthfeel

- Coffee Pods compatible with NESPRESSO coffee machines

- Enjoy STARBUCKS at home. The coffee you love without leaving the house

- A rich, satisfying and balanced cup to enjoy throughout the day.

- Committed to 100% Ethical Coffee Sourcing in partnership with Conservation International.",,,,Contents: 10 Capsules of Roast and Ground Coffee for the Nespresso System. 100% Arabica,https://www.coles.com.au/product/starbucks-pike-place-capsules-10-pack-3772950,,,2024-06-16T01:05:13.587757-04:00
Ind54SColes_ADrinks_SACoffee_IRobert Timms Italian Espresso Style Coffee Bags 160g | 28 Pack,Robert Timms Italian Espresso Style Coffee Bags 160g | 28 Pack,Robert Timms,Drinks,Coffee,Instant Coffee,,$9.45,,$13.50,$0.34 per 1ea,4965756,"Rich, dark and aromatic",,,,coffee,https://www.coles.com.au/product/robert-timms-italian-espresso-style-coffee-bags-160g-28-pack-4965756,,,2024-06-16T01:05:23.630352-04:00
Ind54SColes_ADrinks_SABeverages_IMoccona Cafe Classics Cappuccino Sachets | 10 pack,Moccona Cafe Classics Cappuccino Sachets | 10 pack,Moccona,Drinks,Beverages,Coffee & tea,,$5.00,,,"$0.50 per 1ea
Was $6.00 on Jun 2024",4405627,"Indulge in a little me-time while enjoying the new smooth taste of a rich and creamy Cappuccino style coffee from Moccona. Finished with a thick layer of velvety froth for that indulgent cafe style experience that's perfect any time of day.
97% Sugar Free (as prepared with water)
Gluten Free
55 Calories per serve
Smooth taste and velvety froth",,,"Per 100g/ml
Per Serving
%DI
Energy
154
231
Protein
Less than 1g
Less than 1g
Total Fat
1.6g
2.4g
Saturated Fat
1.6g
2.4g
Carbohydrate
4.9g
7.4g
Sugars
2.3g
3.4g
Sodium
48mg
72mg
Energy (Cal)
37
55
Dietary Fibre (total)
Less than 1g
Less than 1g
* Percentage Daily Intakes are based on an average adult diet of 8700 kJ. Your daily intakes may be higher or lower depending on your energy needs.",,https://www.coles.com.au/product/moccona-cafe-classics-cappuccino-sachets-10-pack-4405627,,,2024-06-16T01:05:34.727956-04:00
Ind54SColes_ADrinks_SACoffee_INescafe 98% Sugar Free Caramel Latte Coffee Sachets 13.5g | 26 pack,Nescafe 98% Sugar Free Caramel Latte Coffee Sachets 13.5g | 26 pack,Nescafe,Drinks,Coffee,Coffee mixes,,$11.00,,,$0.42 per 1ea,4929515,"What's something smooth, rich and simply deLIGHTful? Introducing, NESCAFE 98% SUGAR FREE CARAMEL LATTE, the perfect combo of smooth coffee, rich caramel flavour and a layer of silky froth. With a delectable layer of velvety froth and quality coffee, enjoy a cafe style creamy caramel latte and treat yourself at any time in the comfort of your own home. All you need to do is add hot water and give it a good stir. The result is a delightfully creamy coffee that you can enjoy from the first to the last sip. So whatever you're up to, Now's good for a deliciously creamy NESCAFE 98% SUGAR FREE CARAMEL LATTE. NESCAFE. Make Your World.
Available in 10 sachets per pack or in our value pack of 26 sachets.

We go beyond the cup. We're committed to sustainable sourcing and packaging so our coffee not only tastes good but also does good. Our coffee beans are roasted right here in Australia and 100% sustainably sourced.

We've also made the commitment to convert all of our packaging to 100% recyclable by 2025.",,,"Per 100g/ml
Per Serving
%DI
Energy
140kJ
200 kJ as prepared
2%
Protein
1g
1 g as prepared
1%
Total Fat
1.3g
1.8g
3%
Saturated Fat
1.2g
1.8 g as prepared
7%
Carbohydrate
2.9g
4.4 g as prepared
1%
Sugars
1g
1.4 g as prepared
2%
Sodium
60mg
85 mg as prepared
4%
Dietary Fibre (total)
1g
1 g as prepared
2%
* Percentage Daily Intakes are based on an average adult diet of 8700 kJ. Your daily intakes may be higher or lower depending on your energy needs.",,https://www.coles.com.au/product/nescafe-98percent-sugar-free-caramel-latte-coffee-sachets-13.5g-26-pack-4929515,,,2024-06-16T01:05:46.662679-04:00
Ind54SColes_ADrinks_SACoffee_IVittoria Espresso Ground Coffee | 1kg,Vittoria Espresso Ground Coffee | 1kg,Vittoria,Drinks,Coffee,Ground coffee,,$22.00,,$37.00,$2.20 per 100g,5098986,"Vittoria's original and iconic blend, Espresso has remained unchanged for over 50 years. This blend of 100% Arabica coffee beans is darkly roasted to deliver the strong flavour of traditional Italian espresso.

Blend: 100% Arabica

Roast: Medium to Dark

Origins: Central and South America

Tasting Notes: Honey, Toasty

Best brewed with: Filter machines, stove top brewers, plungers & pour overs",,,,,https://www.coles.com.au/product/vittoria-espresso-ground-coffee-1kg-5098986,,,2024-06-16T01:05:56.790102-04:00
Ind54SColes_ADrinks_SACoffee_INescafe Vanilla Latte Coffee Sachets | 10 pack,Nescafe Vanilla Latte Coffee Sachets | 10 pack,Nescafe,Drinks,Coffee,Coffee mixes,,$7.60,,,$0.76 per 1ea,4462846,"Indulge yourself with a divine vanilla moment with NESCAFE Vanilla Latte. With a delectable layer of velvety froth and quality coffee, enjoy a cafe style creamy vanilla latte and treat yourself at any time in the comfort of your own home. All you need to do is add hot water and give it a good stir. The result is a delightfully creamy coffee that you can enjoy from the first to the last sip. So whatever you're up to, Now's good for a deliciously creamy NESCAFE Vanilla Latte. NESCAFE. Make Your World.
Available in 10 sachets per pack or in our value pack of 26 sachets.

We go beyond the cup. We're committed to sustainable sourcing and packaging so our coffee not only tastes good but also does good. Our coffee beans are roasted right here in Australia and 100% sustainably sourced.

We've also made the commitment to convert all of our packaging to 100% recyclable by 2025.",,,"Per 100g/ml
Per Serving
%DI
Energy
220kJ
330 kJ as prepared
4%
Protein
1g
1 g as prepared
1%
Total Fat
1.6g
2.5g
4%
Saturated Fat
1.5g
2.2 g as prepared
9%
Carbohydrate
9.6g
14.4 g as prepared
5%
Sugars
5.8g
8.6 g as prepared
10%
Sodium
46mg
69 mg as prepared
3%
* Percentage Daily Intakes are based on an average adult diet of 8700 kJ. Your daily intakes may be higher or lower depending on your energy needs.","Sugar, Glucose Syrup, Vegetable Oil, Soluble Coffee (11%), Milk Solids, Flavours, Stabilisers (340, 451, 331,452), Emulsifiers (471, 472e), Salt. Stick: Sucre, Sirop de Glucose, Huile Vegetale, Cafe Soluble (11%), Matieres Seches Du Lait, Aromes, Stabilisants (340, 451, 331, 452), emulsifiants (471, 472e), Sel .",https://www.coles.com.au/product/nescafe-vanilla-latte-coffee-sachets-10-pack-4462846,,,2024-06-16T01:06:08.963677-04:00
Ind54SColes_ADrinks_SACoffee_IGrinders Cafe Q Cremello Coffee Beans | 1kg,Grinders Cafe Q Cremello Coffee Beans | 1kg,Grinders Cafe,Drinks,Coffee,Coffee beans,,$23.50,,$47.00,$2.35 per 100g,6330788,"Grinders Coffee Roasters, crafted by Master Roasters. Since 1962 we have been delivering quality coffee with passion and expertise.

Grinders Coffee Cafe-Q Beans Cremello has been specially selected, batch roasted and blended by our Grinders Master Roaster for a cafe-quality coffee at home. The blend is well-rounded and versatile and has a  sweet flavour profile with nut, milk chocolate, and caramel notes.
Blend: 100% imported green coffee beans roasted and packed in Australia

Roast: Medium

Origins: 100% imported green coffee beans roasted and packed in Australia

Tasting Notes: Milk Chocolate, Caramel, Nutty

Best Brewed: Espresso machine or grind accordingly for other preparations",,,,100% imported green coffee beans roasted and packed in Australia.,https://www.coles.com.au/product/grinders-cafe-q-cremello-coffee-beans-1kg-6330788,,,2024-06-16T01:06:18.011014-04:00
Ind54SColes_ADrinks_SACoffee_IVittoria Decaffeinated Nespresso Compatible Coffee Capsules | 10 pack,Vittoria Decaffeinated Nespresso Compatible Coffee Capsules | 10 pack,Vittoria,Drinks,Coffee,Capsules,,$4.50,,$7.50,$0.45 per 1ea,3984369,"Decaffeinated using a natural water process, this 100% Arabica blend has a sweet aroma and medium body with an authentic Italian espresso flavour.
100% Arabica - Blend
Best Served: With Milk
Tasting Notes: Grape, Winey
Intensity: 13
Compatible with: Nespresso* Original Machines
Australian Made: Our aluminium capsules are roasted and packed locally in Australia for optimal freshness.
By purchasing this product and other Vittoria packs bearing the OzHarvest mark you're helping to eliminate food waste and feed vulnerable Australians. For every kilo of coffee prepared for this pack, Vittoria donates $1 to OzHarvest which enables them to deliver two meals to people in need.
*Nespresso is a trademark of Societe des Produits Nestle SA. Neither that company nor its affiliates have manufactured or endorsed this product in any way and have no association to Vittoria Food & Beverage or the Vittoria Coffee brand. Compatible with Nespresso original machines (not compatible with the Vertuo System).",,,,,https://www.coles.com.au/product/vittoria-decaffeinated-nespresso-compatible-coffee-capsules-10-pack-3984369,,,2024-06-16T01:06:28.918812-04:00
Ind54SColes_ADrinks_SABeverages_IJed's No.X Extreme Coffee Beans | 1kg,Jed's No.X Extreme Coffee Beans | 1kg,Jeds,Drinks,Beverages,Coffee & tea,,$21.50,,,"$2.15 per 100g
Was $36.00 on Apr 2024",6314227,"Here at Jed's, we love coffee, and we want you to love coffee too! That's why we source high quality beans from Brazil, India and Tanzania and batch roast locally in Sydney on a drum roaster. To give you the ultimate flavour experience and ensure freshness, Jed's coffee is roasted weekly and nitro flushed. Jed's blends range from medium to dark roast and are suitable for milk and milk alternative drinks so you can enjoy a cappuccino, flat white, latte or mocha.
Intense, smoky cocoa notes without the bitterness. Full bodied

Made from Brazil, India & Tanzania beans

Roasted in Sydney on a drum roaster

Coffee is nitro flushed

Suitable for milk & milk alternative drinks

Packaging is 100% recyclable via Redcycle.",,,,,https://www.coles.com.au/product/jed's-no.x-extreme-coffee-beans-1kg-6314227,,,2024-06-16T01:06:37.820857-04:00
Ind54SColes_ADrinks_SACoffee_IColes Urban Coffee Culture Intense Aluminium | 10 pack,Coles Urban Coffee Culture Intense Aluminium | 10 pack,Coles,Drinks,Coffee,Capsules,,$4.00,,,$0.40 per 1ea,5020887,"Our Story At Urban Coffee Culture, we're passionate coffee curators. First, we carefully select our beans from some of the world's best coffee growing regions. The beans are then blended, and batch roasted at our Melbourne roastery to bring out their full potential and flavour. The result is a delicious premium coffee that you can enjoy every day, knowing that each bean has been sourced from Rainforest Alliance Certified farms. Nespresso® is a trade mark of Societe Des Products Nestle SA. Neither that company not its affiliates have manufactured or endorsed this product in any way.",,,,,https://www.coles.com.au/product/coles-urban-coffee-culture-intense-aluminium-10-pack-5020887,,,2024-06-16T01:06:46.724310-04:00
Ind54SColes_ADrinks_SACoffee_INescafe Gold Short Black Strong Instant Coffee | 100g,Nescafe Gold Short Black Strong Instant Coffee | 100g,Nescafe,Drinks,Coffee,Instant Coffee,,$10.50,,$13.50,$10.50 per 100g,8050829,"Smooth taste, with a rich velvety dark golden crema. Made from 100% Arabica coffee beans, a perfect black coffee. 100% Soluble coffee. Through using 100% responsibly sourced coffee, we are supporting coffee farmers to improve their lands and livelihoods. To learn more visit nescafe.com.au or nescafe.co.nz.
Rich Taste & Silky Crema

- Rich taste & silky crema.

- 100% Arabica beans.

- 100g Jar makes 58 cups of coffee based on 1.7g per cup.

- NESCAFE Gold caps and glass jars are 100% recyclable.",,,,100% Soluble Coffee,https://www.coles.com.au/product/nescafe-gold-short-black-strong-instant-coffee-100g-8050829,,,2024-06-16T01:06:55.843284-04:00
Ind54SColes_ADrinks_SA_IMoccona Cafe Classics Caramel Latte Sachets | 10 pack,Moccona Cafe Classics Caramel Latte Sachets | 10 pack,Moccona Cafe,Drinks,,,,$5.00,,,"$0.50 per 1ea
Was $6.00 on Jun 2024",4405536,"Relax and enjoy a little me-time with the new smooth taste of the creamy Caramel Latte style coffee from Moccona. Finished with a thick layer of velvety froth for that indulgent cafe style experience that's perfect any time of day.
98% Fat Free (as prepared with water)
Gluten Free
57 Calories per serve
Smooth taste and velvety froth",,,"Per 100g/ml
Per Serving
%DI
Energy
160
240
Protein
Less than 1g
Less than 1g
Total Fat
1.0g
1.6g
Saturated Fat
1.0g
1.5g
Carbohydrate
6.8g
10.2g
Sugars
4.9g
7.4g
Sodium
37mg
56mg
Energy (Cal)
38
57
Dietary Fibre (total)
Less than 1g
Less than 1g
* Percentage Daily Intakes are based on an average adult diet of 8700 kJ. Your daily intakes may be higher or lower depending on your energy needs.",,https://www.coles.com.au/product/moccona-cafe-classics-caramel-latte-sachets-10-pack-4405536,,,2024-06-16T01:07:06.888644-04:00
Ind54SColes_ADrinks_SACoffee_INescafe Farmers Origins South Asia | 10 pack,Nescafe Farmers Origins South Asia | 10 pack,Nescafe,Drinks,Coffee,Capsules,,,,,,8055640,"In NESCAFE South Asia Espresso, two leading origins, iconic to the NESCAFE brand, come together to bring you a great Italian espresso experience. Delivering all the roasty boldness, full body and thick, syrupy texture you want in this classic shot, Vietnam and India each offer their unique characteristics to win you over in a quick sip. Woody and spicy notes set this one apart.",,,,Contents: 10 Capsules of Roast and Ground Coffee for the Nespresso System.,https://www.coles.com.au/product/nescafe-farmers-origins-south-asia-10-pack-8055640,,,2024-06-16T01:07:17.391576-04:00
Ind54SColes_ADrinks_SACoffee_IDaley Street Medium/Dark Aluminium Nespresso Compatible Coffee Capsules | 10 pack,Daley Street Medium/Dark Aluminium Nespresso Compatible Coffee Capsules | 10 pack,Daley Street,Drinks,Coffee,Capsules,,$5.00,,,$0.50 per 1ea,3745324,"In The Heart Of Inner-City Preston, Our Melbourne Roasters Have Taken Their Passion For Coffee To Develop A Sustainable, Specialty Blend. Made With Quality Brazilian, Colombian & Kenyan Arabica Beans, Daley St Is Ready For You To Savour At Home.",,,,INGREDIENTS: Rainforest Alliance Certified Roasted and Ground Coffee^ in Capsules.,https://www.coles.com.au/product/daley-street-mediumdark-aluminium-nespresso-compatible-coffee-capsules-10-pack-3745324,,,2024-06-16T01:07:26.559846-04:00
Ind54SColes_ADrinks_SACoffee_INescafe Dolce Gusto Capsules Flat White | 16 pack,Nescafe Dolce Gusto Capsules Flat White | 16 pack,Nescafe,Drinks,Coffee,Capsules,,,,,,3208085,"Inspired by the most velvety signature-cup in Australia.

Born in the stylish coffee shops of Australia and New Zealand, the Flat White earned its reputation thanks to the fine milk so skilfully prepared by baristas and then carefully poured into a bold Espresso, creating a uniquely mellow texture with marbled, nut-coloured foam. Discover our smooth Flat White in the comfort of own home and fall for its delicious, sweet caramelly notes. 

A wide choice of coffee creations and more!

Whether you like your coffee short or long, smooth or intense, black or white, we have it all for you to find your favourite.

More creations:
dolce-gusto.com
Our talented coffee creators have combined the intensity of Arabica and Robusta coffee with the soft creaminess of milk to create a harmonious and balanced cup, with caramel notes, toasted cereal undertones and round texture.

Discover our creamy Flat White in the comfort of your own home and fall for its delicious, sweet caramelly notes.

The box contains 16 capsules designed for NESCAF DOLCE GUSTO capsule coffee machines for you to prepare 16 cups of Flat White.

Our expertise is creating great-looking, great-tasting coffee. The team at NESCAF DOLCE GUSTO has joined forces with TerraCycle, to collect and recycle your used capsules, preventing them from ending up in landfill and giving the capsule materials a second life!

The team at NESCAF DOLCE GUSTO has joined forces with TerraCycle, to collect and recycle your used capsules, preventing them from ending up in landfill and giving the capsule materials a second life!",,,"Per 100g/ml
Per Serving
%DI
Energy
115kJ
210kJ
Protein
1.3g
2.3g
5%*
Total Fat
1.3g
2.3g
3%*
Saturated Fat
0.8g
1.4g
6%*
Carbohydrate
2.4g
4.3g
1%*
Sugars
2.2g
3.9g
4%*
Sodium
20mg
36mg
2%*
Energy (Cal)
28kcal
50kcal
2%*
Dietary Fibre (total)
0.3g
0.5g
2%*
* Percentage Daily Intakes are based on an average adult diet of 8700 kJ. Your daily intakes may be higher or lower depending on your energy needs.",,https://www.coles.com.au/product/nescafe-dolce-gusto-capsules-flat-white-16-pack-3208085,,,2024-06-16T01:07:38.921193-04:00
Ind54SColes_ADrinks_SACoffee_INescafe Gold Smooth Mild Ground Coffee | 180g,Nescafe Gold Smooth Mild Ground Coffee | 180g,Nescafe,Drinks,Coffee,Instant Coffee,,$16.00,,,$8.89 per 100g,3208201,"Smooth taste with a golden crema. Made from Arabica beans. Soluble coffee with finely ground roasted coffee (3%). Through using 100% responsibly sourced coffee, we are supporting coffee farmers to improve their lands and livelihoods. To learn more visit nescafe.com.au or nescafe.co.nz.
Smooth Taste & Silky Crema

-Smooth taste & silky crema.

-180g makes 105 cups of coffee based on 1.7g per cup.

-NESCAFE Gold caps and glass jars are 100% recyclable.",,,,,https://www.coles.com.au/product/nescafe-gold-smooth-mild-ground-coffee-180g-3208201,,,2024-06-16T01:07:48.141878-04:00
Ind54SColes_ADrinks_SACoffee_INestle Caro Extra Instant Beverage | 150g,Nestle Caro Extra Instant Beverage | 150g,Nestle,Drinks,Coffee,Instant Coffee,,$7.20,,,$4.80 per 100g,468319,"Nestle Caro Chicory & Rye Drink is a refreshing alternative to tea and coffee that can be enjoyed hot or cold. Made from the finest roasted Barley, Chicory, Rye and Barley malt. Each cup is a smooth blend that's caffeine free.",,,"Per 100g/ml
Per Serving
%DI
Energy
20kJ
40kJ
Protein
0.1g
0.1g
Total Fat
<0.1g
<0.1g
Saturated Fat
<0.1g
<0.1g
Carbohydrate
1g
2g
Sugars
0.1g
0.1g
Sodium
1mg
2mg
Caffeine
Undetected
Undetected
* Percentage Daily Intakes are based on an average adult diet of 8700 kJ. Your daily intakes may be higher or lower depending on your energy needs.",,https://www.coles.com.au/product/nestle-caro-extra-instant-beverage-150g-468319,,,2024-06-16T01:07:58.982612-04:00
Ind54SColes_ADrinks_SACoffee_INescafe Cappuccino Coffee Sachets | 26 Pack,Nescafe Cappuccino Coffee Sachets | 26 Pack,Nescafe,Drinks,Coffee,Coffee mixes,,$11.00,,,$0.42 per 1ea,2868023,"Elevate your daily coffee routine with a delicious cup of NESCAFE Cappuccino. With a delectable layer of velvety froth and quality coffee, enjoy a cafe style creamy cappuccino and treat yourself at any time in the comfort of your own home. All you need to do is add hot water, give it a good stir and top it off with a sprinkle of some choc topping. The result is a delightfully creamy coffee that you can enjoy from the first to the last sip. So whatever you're up to, Now's good for a deliciously creamy NESCAFE Cappuccino. NESCAFE. Make Your World.
Available in 10 sachets per pack or in our value pack of 26 sachets.

We go beyond the cup. We're committed to sustainable sourcing and packaging so our coffee not only tastes good but also does good. Our coffee beans are roasted right here in Australia and 100% sustainably sourced.

We've also made the commitment to convert all of our packaging to 100% recyclable by 2025.

Includes a chocolate shaker.",,,"Per 100g/ml
Per Serving
%DI
Energy
150kJ
220 kJ As Prepared
3%
Protein
1g
1 g As Prepared
2%
Total Fat
1.3g
1.9g
3%
Saturated Fat
1.2g
1.8 g As Prepared
7%
Carbohydrate
6.4g
9.6 g As Prepared
3%
Sugars
2.8g
4.2 g As Prepared
5%
Sodium
51mg
77 mg As Prepared
3%
* Percentage Daily Intakes are based on an average adult diet of 8700 kJ. Your daily intakes may be higher or lower depending on your energy needs.",,https://www.coles.com.au/product/nescafe-cappuccino-coffee-sachets-26-pack-2868023,,,2024-06-16T01:08:10.348843-04:00
Ind54SColes_ADrinks_SACoffee_IRobert Timms Premium Full Bodied Granulated Coffee | 200g,Robert Timms Premium Full Bodied Granulated Coffee | 200g,Robert Timms,Drinks,Coffee,Instant Coffee,,$10.70,,,$5.35 per 100g,4965712,The House of Robert Timms Full-Bodied Granulated Coffee is a rich and robust coffee for a truly satisfying taste and extraordinary aroma and flavour.,,,,coffee,https://www.coles.com.au/product/robert-timms-premium-full-bodied-granulated-coffee-200g-4965712,,,2024-06-16T01:08:19.441465-04:00
Ind54SColes_ADrinks_SACoffee_IVittoria Espresso Coffee Beans | 500g,Vittoria Espresso Coffee Beans | 500g,Vittoria,Drinks,Coffee,Coffee beans,,$14.00,,$20.00,$2.80 per 100g,3208358,"Vittoria's original and iconic blend, Espresso has remained unchanged for over 50 years. This blend of 100% Arabica coffee beans is darkly roasted to deliver the strong flavour of traditional Italian espresso.
Blend: 100% Arabica
Roast: Medium to Dark
Origins: Central and South America
Tasting Notes: Honey, Toasty
Best Served as: Enjoy as an espresso or with milk",,,,,https://www.coles.com.au/product/vittoria-espresso-coffee-beans-500g-3208358,,,2024-06-16T01:08:28.459325-04:00
Ind54SColes_ADrinks_SABeverages_IMoccona Classic Dark Roast Instant Coffee | 400g,Moccona Classic Dark Roast Instant Coffee | 400g,Moccona,Drinks,Beverages,Coffee & tea,,$22.00,,,"$5.50 per 100g
Was $28.00 on Jun 2024",6835015,"The perfect coffee to enjoy every day.

The heritage behind Moccona was born half a world away in the quaint Netherlands' village of Joure in 1753. Originally sold in delicatessens and small specialty stores, it symbolised the little indulgence from Europe that added to the pleasures of everyday.

Known for its premium taste and elegant glass jar, Moccona has become a much-loved classic in homes all over Australia.

Moccona blends are created by bringing together the world's finest beans: Arabica and the Robusta. The Arabica has a softer sweeter taste with berry and fruit tones while the Robusta bean has a deep rich flavour.

Together they bring the magical blend and character you expect from the perfect cup of coffee. Every time you smell the aroma of Moccona, you'll be reminded of the great passion that drives us to create moments of pure indulgence - just for you.

Experience the rich taste of Moccona Classic Dark Roast.

Its bold, full-bodied flavour and intense aroma make it the perfect coffee to enjoy everyday.

At Moccona, we care about coffee, the people who grow it and the planet it comes from.

Working together with our preferred partners like UTZ Certified, we help farmers prosper and help to preserve the environment.",,,,100% coffee beans.,https://www.coles.com.au/product/moccona-classic-dark-roast-instant-coffee-400g-6835015,,,2024-06-16T01:08:37.593592-04:00
Ind54SColes_ADrinks_SACoffee_IColes Classic Granulated Coffee | 200g,Coles Classic Granulated Coffee | 200g,Coles,Drinks,Coffee,Instant Coffee,,$3.70,,,$1.85 per 100g,5892498,Coles classic granulated coffee ideal for that morning coffee break or afternoon cuppa with friends enjoy the smooth bold flavour,,,,,https://www.coles.com.au/product/coles-classic-granulated-coffee-200g-5892498,,,2024-06-16T01:08:48.521277-04:00
Ind54SColes_ADrinks_SACoffee_IStarbucks By Nespresso Caffe Verona Capsules | 10 pack,Starbucks By Nespresso Caffe Verona Capsules | 10 pack,Starbucks,Drinks,Coffee,Capsules,,$7.90,Pick any 3 for $18,,$0.79 per 1ea,3613083,"This is a coffee of one true love, and three names. We created it for a Seattle restaurant in 1975, as Jake's Blend. People loved it so much we began scooping it in our stores as 80/20 Blend, after the recipe. The love was so strong we finally made it official, calling it Verona after the city that inspires so many.Years of focus and expertise have led to the Starbucks Roast Spectrum. Each coffee bean requires a unique balance of temperature and time to reach its individual peak of aroma, acidity, body and flavour.Dark Roast: Fuller-bodied and bold, our dark-roast coffees feature robust flavours and the characteristic essence of an intense roast.Enjoy Starbucks at home. The coffee you love without leaving the house.Coffee capsules for Nespresso coffee machines. Roasty Sweet & Dark Cocoa notes. A seductive blend of beans with a touch of Italian Roast for depth, soul and sweetness.Intensity: 10Cup Recommendation: Espresso (40ml)Committed to 100% Ethical Coffee Sourcing in partnership with Conservation International.For Nespresso Machines.
- STARBUCKS coffee Pods by NESPRESSO, roasty sweet & dark cocoa

- Intensity: 10

- Well-balanced and rich coffee with a dark cocoa texture

- Coffee Pods compatible with NESPRESSO coffee machines

- Enjoy STARBUCKS at home. The coffee you love without leaving the house

- A seductive blend of beans with a touch of Italian Roast for depth, soul and sweetness.

- Committed to 100% Ethical Coffee Sourcing in partnership with Conservation International.",,,,100% Arabica,https://www.coles.com.au/product/starbucks-by-nespresso-caffe-verona-capsules-10-pack-3613083,,,2024-06-16T01:08:57.648030-04:00
Ind54SColes_ADrinks_SACoffee_IRobert Timms Intense Coffee Bags | 28 pack,Robert Timms Intense Coffee Bags | 28 pack,Robert Timms,Drinks,Coffee,Instant Coffee,,$9.45,,$13.50,$0.34 per 1ea,6313020,Rich full bodied dark roasted coffee flavour,,,,coffee,https://www.coles.com.au/product/robert-timms-intense-coffee-bags-28-pack-6313020,,,2024-06-16T01:09:06.843745-04:00
Ind54SColes_ADrinks_SACoffee_ILavazza Tales Of Italy Alluring Napoli Ground Coffee | 250g,Lavazza Tales Of Italy Alluring Napoli Ground Coffee | 250g,Lavazza,Drinks,Coffee,Ground coffee,,$14.00,,,$5.60 per 100g,6277776,"Explore the coffee stories of the most iconic and authentic Italian cities.
Roasted right here in Australia, Lavazza Alluring Napoli is a superior blend composed of Brazilian Arabica and prestigious Robusta Conillon, distinguished by the intensity of a long roast and notes of toasted cereals and caramel.
Intensity: 7/10
Aroma: Chocolate & Caramel
Roast: Dark
Blend: Brazilian Arabica & Prestigious Robusta Conillon
Origin: South America",,,,,https://www.coles.com.au/product/lavazza-tales-of-italy-alluring-napoli-ground-coffee-250g-6277776,,,2024-06-16T01:09:16.089117-04:00
Ind54SColes_ADrinks_SACoffee_INescafe Coffee 98% Sugar Free Hazelnut | 10 pack,Nescafe Coffee 98% Sugar Free Hazelnut | 10 pack,Nescafe,Drinks,Coffee,Coffee mixes,,,,,,8059776,"Enjoy the simply delightful NESCAFE 98% Sugar Free* Hazelnut Latte. This delicious blend perfectly balances the creaminess of coffee with the smoothness of Hazelnut flavour creating a perfect cup -that's a little nutty too! All you need to do is add hot water and give it a good stir. The result is a delightfully creamy coffee that you can enjoy from the first to the last sip. So whatever you're up to, Now's good for a deliciously creamy NESCAFE Sugar Free* Hazelnut Latte. NESCAFE. Make Your World.
Available in 10 sachets per pack.",,,"Per 100g/ml
Per Serving
%DI
Energy
130kJ
190 kJ as prepared
2%
Protein
1g
1 g as prepared
1%
Total Fat
1g
2%
Saturated Fat
1g
1.3 g as prepared
5%
Carbohydrate
2.8g
4.2 g as prepared
1%
Sugars
1g
1.5 g as prepared
2%
Sodium
72mg
108 mg as prepared
5%
Dietary Fibre (total)
1g
1 g as prepared
2%
* Percentage Daily Intakes are based on an average adult diet of 8700 kJ. Your daily intakes may be higher or lower depending on your energy needs.",,https://www.coles.com.au/product/nescafe-coffee-98percent-sugar-free-hazelnut-10-pack-8059776,,,2024-06-16T01:09:27.047543-04:00
Ind54SColes_ADrinks_SACoffee_INescafe Coffee Sachets Cappuccino Skim | 26 pack,Nescafe Coffee Sachets Cappuccino Skim | 26 pack,Nescafe,Drinks,Coffee,Coffee mixes,,,,,,4406095,,,,,,https://www.coles.com.au/product/nescafe-coffee-sachets-cappuccino-skim-26-pack-4406095,,,2024-06-16T01:09:36.669619-04:00
Ind54SColes_ADrinks_SACoffee_INescafe Caramel Latte Coffee Sachets | 26 Pack,Nescafe Caramel Latte Coffee Sachets | 26 Pack,Nescafe,Drinks,Coffee,Coffee mixes,,$11.00,,,$0.42 per 1ea,2867993,"Make your daily coffee routine a little more enjoyable with NESCAFE Caramel Latte. With a delectable layer of velvety froth and quality coffee infused with irresistibly smooth caramel flavour, enjoy a cafe style creamy caramel latte and treat yourself at any time in the comfort of your own home. All you need to do is add hot water and give it a good stir. The result is a delightfully creamy coffee that you can enjoy from the first to the last sip. So whatever you're up to, Now's good for a deliciously creamy NESCAFE Caramel Latte. NESCAFE. Make Your World.
Available in 10 sachets per pack or in our value pack of 26 sachets.

We go beyond the cup. We're committed to sustainable sourcing and packaging so our coffee not only tastes good but also does good. Our coffee beans are roasted right here in Australia and 100% sustainably sourced.

We've also made the commitment to convert all of our packaging to 100% recyclable by 2025.",,,"Per 100g/ml
Per Serving
%DI
Energy
200kJ
300 kJ as prepared
3%
Protein
1g
1 g as prepared
1%
Total Fat
1.4g
2.1g
3%
Saturated Fat
1.3g
1.9 g as prepared
8%
Carbohydrate
9g
13.5 g as prepared
4%
Sugars
5.5g
8.2 g as prepared
9%
Sodium
50mg
75 mg as prepared
3%
* Percentage Daily Intakes are based on an average adult diet of 8700 kJ. Your daily intakes may be higher or lower depending on your energy needs.","Sachet: Sugar, Glucose Syrup, Vegetable Oil, Soluble Coffee (10%), Milk Solids, Flavours, Stabilisers (340, 451, 331,452), Emulsifiers (471, 472e), Salt",https://www.coles.com.au/product/nescafe-caramel-latte-coffee-sachets-26-pack-2867993,,,2024-06-16T01:09:47.614994-04:00
Ind54SColes_ADrinks_SACoffee_IMoccona Rich & Dark Speciality Blend Coffee | 200g,Moccona Rich & Dark Speciality Blend Coffee | 200g,Moccona,Drinks,Coffee,Instant Coffee,,,,,,3232476,"A truly indulgent coffee experience brought to you by Moccona. 
 Moccona introduces a range of 3 Specialty blends, each made from carefully selected Arabica beans to deliver a unique coffee experience. From the full-bodied, velvety flavour of Indulgence, the distinctive dark roasted flavour of Rich to the delicate, fruity aromatic flavour of Exotic, there is a flavour for every coffee lover.
Known for its premium taste and elegant glass jar, Moccona has become a much-loved name in coffee in homes all over Australia.
 Life is too short to settle for second best. So make every moment count and enjoy the pleasure that can be found in the smallest of indulgences.
At Moccona we care about coffee, the people who grow it and the planet it comes from.

Working together with our preferred partners like UTZ Certified, we help farmers prosper and help to preserve the environment.",,,,100% Coffee beans.,https://www.coles.com.au/product/moccona-rich-and-dark-speciality-blend-coffee-200g-3232476,,,2024-06-16T01:09:57.244913-04:00
Ind54SColes_ADrinks_SACoffee_IL'Or Espresso Onyx Capsules 208g | 40 pack,L'Or Espresso Onyx Capsules 208g | 40 pack,LOr,Drinks,Coffee,Capsules,,$22.00,,,$0.55 per 1ea,4501267,"Notes of chocolate and spicy bitter cocoa flavours are layered with a lingering aftertaste. Coffee's darkest character - roasted and extreme.

Blended by L'OR Coffee Artists
Dark, smoky and intense ground coffee in single-dose capsules

Ideal preparation is espresso (40mL)

Compatible with L'OR Barista and Nespresso* original coffee machines

100% Rainforest Alliance certified coffee beans

100% recyclable capsules via partnership with Terracycle",,,,,https://www.coles.com.au/product/l'or-espresso-onyx-capsules-208g-40-pack-4501267,,,2024-06-16T01:10:07.226380-04:00
Ind54SColes_ADrinks_SACoffee_IStarbucks By Nespresso Dark Espresso Roast Capsules | 10 pack,Starbucks By Nespresso Dark Espresso Roast Capsules | 10 pack,Starbucks,Drinks,Coffee,Capsules,,$7.90,Pick any 3 for $18,,$0.79 per 1ea,3613072,"Every espresso beverage we handcraft for you started right here. The quest began in 1975 with a search for the perfect melding of beans and roast, ending months of intense experimentation later with the coffee you're holding in your hand. A recipe for caramelly sweetness - so right it's never been changed.Years of focus and expertise have led to the Starbucks Roast Spectrum. Each coffee bean requires a unique balance of temperature and time to reach its individual peak of aroma, acidity, body and flavour.Dark Roast: Fuller-bodied and bold, our dark-roast coffees feature robust flavours and the characteristic essence of an intense roast.Enjoy Starbucks at home. The coffee you love without leaving the house.Coffee capsules for Nespresso coffee machines.Rich & Caramelly notes. Intense and caramelly sweet, this coffee is at the heart of our handcrafted latte.Intensity: 10Cup Recommendation: Espresso (40ml)Committed to 100% Ethical Coffee Sourcing in partnership with Conservation International.For NESPRESSO Machines.
- STARBUCKS coffee Pods by NESPRESSO with rich & caramelly notes

- Intensity: 11

- Intense and caramelly sweet, this coffee is at the heart of our handcrafted latte

- Coffee Pods compatible with NESPRESSO coffee machines

- Enjoy STARBUCKS at home. The coffee you love without leaving the house

- Committed to 100% Ethical Coffee Sourcing in partnership with Conservation International.",,,,Contents: 10 Capsules of Roast and Ground Coffee for the Nespresso System. 100% Arabica,https://www.coles.com.au/product/starbucks-by-nespresso-dark-espresso-roast-capsules-10-pack-3613072,,,2024-06-16T01:10:16.781695-04:00
Ind54SColes_ADrinks_SACoffee_INescafe Double Shot Latte Sachet | 10 pack,Nescafe Double Shot Latte Sachet | 10 pack,Nescafe,Drinks,Coffee,Coffee mixes,,$7.60,,,$0.76 per 1ea,5578165,"Boost those dull days with a coffee that packs a punch. The NESCAFE Double Shot Latte* is the perfect combination of strong coffee flavour, smooth creamy texture and silky froth. Add an extra kick in your step and elevate your cafe moment from home. All you need to do is add hot water and give it a good stir. The result is a delightfully creamy coffee that you can enjoy from the first to the last sip. So whatever you're up to, Now's good for a deliciously creamy NESCAFE Double Shot Latte*. NESCAFE. Make Your World.*Twice the amount of coffee per serve than our standard NESCAFE Latte
Available in 10 sachets per pack.

We go beyond the cup. We're committed to sustainable sourcing and packaging so our coffee not only tastes good but also does good. Our coffee beans are roasted right here in Australia and 100% sustainably sourced.

We've also made the commitment to convert all of our packaging to 100% recyclable by 2025.",,,"Per 100g/ml
Per Serving
%DI
Energy
160kJ
240 kJ as prepared
3%
Protein
1g
1 g as prepared
2%
Total Fat
1.6g
2.4g
3%
Saturated Fat
1.5g
2.2 g as prepared
9%
Carbohydrate
7g
10.6 g as prepared
3%
Sugars
2.1g
3.1 g as prepared
3%
Sodium
50mg
75 mg as prepared
3%
* Percentage Daily Intakes are based on an average adult diet of 8700 kJ. Your daily intakes may be higher or lower depending on your energy needs.",,https://www.coles.com.au/product/nescafe-double-shot-latte-sachet-10-pack-5578165,,,2024-06-16T01:10:27.757659-04:00
Ind54SColes_ADrinks_SACoffee_IGrinders Organic Coffee Beans | 1kg,Grinders Organic Coffee Beans | 1kg,Grinders,Drinks,Coffee,Coffee beans,,$37.00,,,$3.70 per 100g,3516054,,,,,,https://www.coles.com.au/product/grinders-organic-coffee-beans-1kg-3516054,,,2024-06-16T01:10:36.936045-04:00
Ind54SColes_ADrinks_SABeverages_IMoccona Cafe Classics Latte Sachets | 10 pack,Moccona Cafe Classics Latte Sachets | 10 pack,Moccona Cafe,Drinks,Beverages,Coffee & tea,,$5.00,,,"$0.50 per 1ea
Was $6.00 on Jun 2024",4405638,"Indulge in a little me-time while enjoying the new smooth taste of a sweet creamy Latte style coffee from Moccona. Finished with a thick layer of velvety froth for that indulgent cafe style experience that's perfect any time of day.
98% Fat Free (as prepared with water)
Gluten Free
63 Calories per serve
Smooth taste and velvety froth",,,"Per 100g/ml
Per Serving
%DI
Energy
175
263
Protein
Less than 1g
1.2g
Total Fat
1.5g
2.3g
Saturated Fat
1.5g
2.3g
Carbohydrate
6.1g
9.2g
Sugars
2.6g
3.9g
Sodium
43mg
64mg
Energy (Cal)
42
63
Dietary Fibre (total)
Less than 1g
Less than 1g
* Percentage Daily Intakes are based on an average adult diet of 8700 kJ. Your daily intakes may be higher or lower depending on your energy needs.",,https://www.coles.com.au/product/moccona-cafe-classics-latte-sachets-10-pack-4405638,,,2024-06-16T01:10:48.615669-04:00
Ind54SColes_ADrinks_SACoffee_IMoccona Barista Reserve Capsules Dark Roast Espresso | 10 Pack,Moccona Barista Reserve Capsules Dark Roast Espresso | 10 Pack,Moccona,Drinks,Coffee,Capsules,,$6.00,,,$0.60 per 1ea,3193410,"Dark Roast Espresso is full bodied with chocolate notes. Enjoy black or pair with milk and indulge in your perfect coffee moment at home.

Crafted by Moccona's master blenders.
Rich and full bodied ground coffee in single-dose capsules

Enjoy black or pair with milk and indulge in your perfect coffee moment at home

Ideal preparation is ristretto (25mL) and espresso (40mL)

Compatible with Nespresso* original coffee machines

100% Rainforest Alliance certified coffee beans

100% recyclable capsules via partnership with Terracycle.",,,,,https://www.coles.com.au/product/moccona-barista-reserve-capsules-dark-roast-espresso-10-pack-3193410,,,2024-06-16T01:10:57.932689-04:00
Ind54SColes_ADrinks_SACoffee_INestle Coffee & Milk | 395g,Nestle Coffee & Milk | 395g,Nestle,Drinks,Coffee,Coffee mixes,,$5.00,,,$1.27 per 100g,3995999,"Nestle Coffee and Milk provides you with the convenience of coffee, milk and sugar all in one pack. Just add hot water for an instant cup of coffee. It is perfect for the outdoors as it is made from long life milk, so you can take it with you camping, fishing, hiking or boating. Nestle Coffee and Milk is also handy for work when coffee facilities are limited. It can also be used in a coffee dessert.",,,"Per 100g/ml
Per Serving
%DI
Energy
1300kJ
325kJ
4%
Protein
6.8g
1.7g
3%
Total Fat
7.1g
1.8g
3%
Saturated Fat
4.1g
1g
4%
Carbohydrate
54g
13.5g
4%
Sugars
53.6g
13.4g
15%
Sodium
180mg
45mg
2%
* Percentage Daily Intakes are based on an average adult diet of 8700 kJ. Your daily intakes may be higher or lower depending on your energy needs.","Milk , Sugar, Instant Coffee (3.5%), Milk Solids, Water, Salt. Contains Milk",https://www.coles.com.au/product/nestle-coffee-and-milk-395g-3995999,,,2024-06-16T01:11:08.949703-04:00
Ind54SColes_ADrinks_SACoffee_IBean Ground & Drunk Organic Classic Medium Roast Fairtrade Coffee | 250g,Bean Ground & Drunk Organic Classic Medium Roast Fairtrade Coffee | 250g,Bean Ground&Drunk,Drinks,Coffee,Ground coffee,,$8.40,,$10.50,$3.36 per 100g,3208290,"Roast Profile: Medium
Strength: Medium
Taste Profile
Velvety smooth, rich and well balanced with a vibrant floral aroma. Bright stone fruit flavours carry through in the espresso to finish nutty on the palate. Earthy notes are pronounced with cacao and sweet caramel prevailing.",,,,"PERU,ETHIOPIA",https://www.coles.com.au/product/bean-ground-and-drunk-organic-classic-medium-roast-fairtrade-coffee-250g-3208290,,,2024-06-16T01:11:18.778796-04:00
Ind54SColes_ADrinks_SABeverages_IJed's No.3 Strong Coffee Beans | 1kg,Jed's No.3 Strong Coffee Beans | 1kg,Jeds,Drinks,Beverages,Coffee & tea,,$21.50,,,"$2.15 per 100g
Was $36.00 on Apr 2024",6314180,"Here at Jed's, we love coffee, and we want you to love coffee too! That's why we source high quality beans from Brazil, India and Tanzania and batch roast locally in Sydney on a drum roaster. To give you the ultimate flavour experience and ensure freshness, Jed's coffee is roasted weekly and nitro flushed. Jed's blends range from medium to dark roast and are suitable for milk and milk alternative drinks so you can enjoy a cappuccino, flat white, latte or mocha.
Medium-dark roast colour with chocolate flavour. Rich in taste

Made from Brazil, India & Tanzania beans

Roasted in Sydney on a drum roaster

Coffee is nitro flushed

Suitable for milk & milk alternative drinks

Packaging is 100% recyclable via Redcycle.",,,,,https://www.coles.com.au/product/jed's-no.3-strong-coffee-beans-1kg-6314180,,,2024-06-16T01:11:28.291210-04:00
Ind54SColes_ADrinks_SACoffee Drinks_IDaley Street Medium/Dark Aluminium Nespresso Compatible Coffee Capsules | 30 pack,Daley Street Medium/Dark Aluminium Nespresso Compatible Coffee Capsules | 30 pack,Daley Street,Drinks,Coffee Drinks,Coffee Capsules,,,,,,3928561,"Medium/Dark Roast 30x Aluminium Capsules BOLD 9 Brazilian, Colombian & Kenyan Arabica beans DELIVER NOTES OF HONEY - ALMOND - RASPBERRY Nespresso Machine Compatible*",,,,,https://www.coles.com.au/product/daley-street-mediumdark-aluminium-nespresso-compatible-coffee-capsules-30-pack-3928561,,,2024-06-16T01:19:40.743791-04:00
Ind54SColes_ADrinks_SACoffee_INescafe Blend 43 Mild Roast Instant Coffee | 150g,Nescafe Blend 43 Mild Roast Instant Coffee | 150g,Nescafe,Drinks,Coffee,Instant Coffee,,$5.75,,$11.50,$3.83 per 100g,8228669,"Every cup you drink can make a difference. When you need to mellow out, try NESCAFE BLEND 43 Mild Roast, a smooth flavour with a gentle roast.Through using 100% responsibly sourced coffee beans in NESCAFE Blend 43, we are making a difference for coffee farmers helping to improve their lands and livelihoods.We are making a difference by sourcing 100% renewable electricity and using coffee grounds left over from the brewing process to help power our NESCAFE factory in Gympie, Queensland. What makes a NESCAFE Blend 43 cup of coffee more enjoyable is that every time you enjoy a cup, you are not just enjoying your favourite cup of coffee, you are also making a difference.
Intensity score: 3 (Smooth Roast)

- Roasted and blended right here in country Queensland, Australia.

- 100% of NESCAF BLEND 43 coffee beans are sustainably sourced.

- NESCAF BLEND 43 tin, caps and glass jars are 100% recyclable. Plus, 60% of the energy powering our NESCAF factory comes from renewable energy, including used coffee grounds.

- A 150g Jar is recyclable and makes approx. 88 cups of coffee based on 1.7g per cup. It's perfect for smaller households and the ideal companion for holidays or getaways.",,,,100% Natural Coffee Beans. Soluble Coffee.,https://www.coles.com.au/product/nescafe-blend-43-mild-roast-instant-coffee-150g-8228669,,,2024-06-16T01:19:49.940386-04:00
Ind54SColes_ADrinks_SACoffee_IL'or Mocha Coffee | 250g,L'or Mocha Coffee | 250g,Lor,Drinks,Coffee,Coffee mixes,,,,,,8057690,"Experience a luxurious and indulgent moment to awaken your senses.

L'OR Mocha is a rich and aromatic blend of coffee and cocoa.

Preperation Instructions:
Add 3-4 teaspoons to your favourite mug
Stir as your pour in 170ml of hot, not boiling water
Stir well and enjoy
Premium indulgent coffee

Smooth and indulgent coffee

15 serves per tin

Ideal preparation is with 170 ml of hot water

Reycable tin and lid",,,,,https://www.coles.com.au/product/l'or-mocha-coffee-250g-8057690,,,2024-06-16T01:19:58.548978-04:00
Ind54SColes_ADrinks_SACoffee_INescafe Hazelnut Latte Coffee Sachets | 10 pack,Nescafe Hazelnut Latte Coffee Sachets | 10 pack,Nescafe,Drinks,Coffee,Coffee mixes,,$7.60,,,$0.76 per 1ea,4491550,"Have a little something for yourself and enjoy a special moment of coffee delight and flavours of freshly roasted hazelnuts with NESCAFE Hazelnut Latte. With a delectable layer of velvety froth and quality coffee, enjoy a cafe style creamy hazelnut latte and treat yourself at any time in the comfort of your own home. All you need to do is add hot water and give it a good stir. The result is a delightfully creamy coffee that you can enjoy from the first to the last sip. So whatever you're up to, Now's good for a deliciously creamy NESCAFE Hazelnut Latte. NESCAFE. Make Your World.
Available in 10 sachets per pack or in our value pack of 26 sachets.

We go beyond the cup. We're committed to sustainable sourcing and packaging so our coffee not only tastes good but also does good. Our coffee beans are roasted right here in Australia and 100% sustainably sourced.

We've also made the commitment to convert all of our packaging to 100% recyclable by 2025.",,,"Per 100g/ml
Per Serving
%DI
Energy
210kJ
320 kJ As Prepared
4%
Protein
1g
1 g As Prepared
1%
Total Fat
1.5g
2.2g
3%
Saturated Fat
1.3g
2 g As Prepared
8%
Carbohydrate
9.5g
14.3 g As Prepared
5%
Sugars
6.1g
9.1 g As Prepared
10%
Sodium
52mg
78 mg As Prepared
3%
* Percentage Daily Intakes are based on an average adult diet of 8700 kJ. Your daily intakes may be higher or lower depending on your energy needs.",,https://www.coles.com.au/product/nescafe-hazelnut-latte-coffee-sachets-10-pack-4491550,,,2024-06-16T01:20:09.639775-04:00
Ind54SColes_ADrinks_SA_IColes Urban Coffee Culture Medium Roast Beans | 1kg,Coles Urban Coffee Culture Medium Roast Beans | 1kg,Coles,Drinks,,,,$13.00,,,$1.30 per 100g,3616321,"Intensity: 7Stamp: Batch roasted in Melbourne, Victoria.Well balanced and full bodied with hints of milk chocolate and cinnamon, leaving a sweet caramel aftertaste.Our specially crafted coffee is sourced and roasted with passion for your enjoyment.",,,,INGREDIENTS: Rainforest Alliance Roast Coffee (Coffee).,https://www.coles.com.au/product/coles-urban-coffee-culture-medium-roast-beans-1kg-3616321,,,2024-06-16T01:20:18.152262-04:00
Ind54SColes_ADrinks_SACoffee_IVittoria Colombia Nespresso Compatible Coffee Capsules | 10 pack,Vittoria Colombia Nespresso Compatible Coffee Capsules | 10 pack,Vittoria,Drinks,Coffee,Capsules,,$4.50,,$7.50,$0.45 per 1ea,4204170,"Vittoria Colombia is a 100% Arabica single origin sourced from small, select local farms in Colombia where coffee plants are often grown in rich, volcanic soil amongst trees of avocados, mangoes and guayaba fruits.
100% Arabica - Single Origin
Best Served: Espresso, Long Black
Tasting Notes: Raisins, Syrupy, Bright
Origins: Colombia
Intensity: 12
Compatible with: Nespresso* Original Machines
Australian Made: Our aluminium capsules are roasted and packed locally in Australia for optimal freshness.
By purchasing this product and other Vittoria packs bearing the OzHarvest mark you're helping to eliminate food waste and feed vulnerable Australians. For every kilo of coffee prepared for this pack, Vittoria donates $1 to OzHarvest which enables them to deliver two meals to people in need.
*Nespresso is a trademark of Societe des Produits Nestle SA. Neither that company nor its affiliates have manufactured or endorsed this product in any way and have no association to Vittoria Food & Beverage or the Vittoria Coffee brand. Compatible with Nespresso original machines (not compatible with the Vertuo System).",,,,,https://www.coles.com.au/product/vittoria-colombia-nespresso-compatible-coffee-capsules-10-pack-4204170,,,2024-06-16T01:20:27.023418-04:00
Ind54SColes_ADrinks_SACoffee_IAvalanche Caramel Sugar Free Coffee Sachets | 10 pack,Avalanche Caramel Sugar Free Coffee Sachets | 10 pack,Avalanche,Drinks,Coffee,Coffee mixes,,$4.40,,$5.50,$0.44 per 1ea,3631904,"Serenade your senses with our 99% Suagr Free Caramel Latte. Its the perfect balancing act; deliciously smooth, but 100% guilt free.",,,"Per 100g/ml
Per Serving
%DI
Energy
82
136
Protein
<1
1.1
Total Fat
<1
1.2
Saturated Fat
<1
1.2
Carbohydrate
2.2
3.7
Sugars
1
1.7
Sodium
45
74
Saturated
Less than 1g
1.2g
Energy (Cal)
20
32
Dietary Fibre (total)
<1
<1
Gluten
Not detected
Not detected
Erythritol
4.9g
8.1g
* Percentage Daily Intakes are based on an average adult diet of 8700 kJ. Your daily intakes may be higher or lower depending on your energy needs.",,https://www.coles.com.au/product/avalanche-caramel-sugar-free-coffee-sachets-10-pack-3631904,,,2024-06-16T01:20:38.317536-04:00
Ind54SColes_ADrinks_SA_IDaley Street Intese / Extreme Aluminium Nespresso Compatible Coffee Capsules | 10 pack,Daley Street Intese / Extreme Aluminium Nespresso Compatible Coffee Capsules | 10 pack,Daley Street,Drinks,,,,$5.00,,,$0.50 per 1ea,4782100,"IN THE HEART OF INNER-CITY PRESTON, OUR MELBOURNE ROASTERS HAVE TAKEN THEIR PASSION FOR COFFEE TO DEVELOP A SUSTAINABLE, SPECIALTY BLEND. MADE WITH QUALITY COLUMBIAN, BRAZILIAN ARABICA, & VIETNAMESE ROBUSTA BEANS, DALEY ST IS READY FOR YOU TO SAVOUR AT HOME.",,,,,https://www.coles.com.au/product/daley-street-intese-extreme-aluminium-nespresso-compatible-coffee-capsules-10-pack-4782100,,,2024-06-16T01:20:46.936450-04:00
Ind54SColes_ADrinks_SACoffee_IStarbucks By Nespresso Colombia Nespresso Compatible Capsules | 36 pack,Starbucks By Nespresso Colombia Nespresso Compatible Capsules | 36 pack,Starbucks By Nespresso,Drinks,Coffee,Capsules,,$16.80,,,$0.47 per 1ea,6195897,"We've always loved coffee from Colombia. And we're never reminded of that love more than when we're travelling to the coffee farms. Driving treacherous dirt roads with a sheer mountain wall to one side - nothing but air for thousands of feet to the other. For us, the round body, juicy taste and signature nutty finish of this 100% Colombian coffee are worth the journey every time.

Years of focus and expertise have led to the STARBUCKS Roast Spectrum. Each coffee bean requires a unique balance of temperature and time to reach its individual peak of aroma, acidity, body and flavour.

Smooth and balanced, our medium-roast coffees have a little kick and deliver a medium-bodied cup with a hearty roast.

STARBUCKS coffee Pods by NESPRESSO, compatible with NESPRESSO coffee machines.
- STARBUCKS coffee Pods by NESPRESSO, balanced with nutty notes

- Intensity: 7

- Nutty and floral with extraordinary cup balance and tons of complexity

- Coffee Pods compatible with NESPRESSO coffee machines

- Enjoy STARBUCKS at home. The coffee you love without leaving the house

- Committed to 100% Ethical Coffee Sourcing in partnership with Conservation International.",,,,,https://www.coles.com.au/product/starbucks-by-nespresso-colombia-nespresso-compatible-capsules-36-pack-6195897,,,2024-06-16T01:20:57.001256-04:00
Ind54SColes_ADrinks_SACoffee_INescafe Blend 43 Instant Coffee | 500g,Nescafe Blend 43 Instant Coffee | 500g,Nescafe,Drinks,Coffee,Instant Coffee,,$26.00,,,$5.20 per 100g,202672,"Every cup you drink can make a difference. Creating the perfect cup of bold and smooth coffee NESCAFE Blend 43 is proudly made from 100% responsibly sourced coffee beans. We take care & craft in individually roasting our Bold Robusta & Smooth Arabica coffee beans, bringing out their unique flavour & aroma. They are then blended to create the perfect cup. Through using 100% responsibly sourced coffee beans in NESCAFE Blend 43, we are making a difference for coffee farmers, helping to improve their lands and livelihoods.We are making a difference by sourcing 100% renewable electricity and using coffee grounds left over from the brewing process to help power our NESCAFE factory in Gympie, Queensland. What makes a NESCAFE Blend 43 cup of coffee more enjoyable is that every time you enjoy a cup, you are not just enjoying your favourite cup of coffee, you are also making a difference.
Intensity Score: 5 (Medium Roast)

-Roasted and blended right here in country Queensland, Australia.

-100% of NESCAF BLEND 43 coffee beans are sustainably sourced.

-NESCAF BLEND 43 tin, caps and glass jars are 100% recyclable. Plus, 60% of the energy powering our NESCAF factory comes from renewable energy, including used coffee grounds.

-A 500g Tin makes 294 cups of coffee and is great value, perfect for the household or small office of coffee lovers and great for spaces where you want the safety of no glass.",,,,100% Natural Coffee Beans.,https://www.coles.com.au/product/nescafe-blend-43-instant-coffee-500g-202672,,,2024-06-16T01:21:07.024879-04:00
Ind54SColes_ADrinks_SACoffee_IStarbucks Nescafe Dolce Gusto Capsules Cappuccino | 12 pack,Starbucks Nescafe Dolce Gusto Capsules Cappuccino | 12 pack,Starbucks,Drinks,Coffee,Capsules,,$10.00,,,$0.83 per 1ea,3777116,"Inspired by the STARBUCKS Cappuccino you love, balanced, indulgent and deliciously familiar. With rich and creamy tasting notes.

The box contains 12 capsules (6 coffee capsules and 6 milk capsules) designed for NESCAFÉ Dolce Gusto coffee machines and allows you to prepare 6 cups of Cappuccino. Slide your STARBUCKS Cappuccino capsules into your NESCAFÉ DOLCE GUSTO machine and prepare your perfect Cappuccino right away.

Years of focus and expertise have led to the STARBUCKS Roast Spectrum.

Each coffee bean requires a unique balance of temperature and time to reach its individual peak of aroma, acidity, body and flavour. STARBUCKS is committed to 100% Ethical Coffee Sourcing in partnership with Conservation International.
Inspired by the STARBUCKS Cappuccino you love, balanced, indulgent and deliciously familiar. With rich and creamy tasting notes
The box contains 12 capsules (6 coffee capsules and 6 milk capsules) designed for NESCAF Dolce Gusto coffee machines and allows you to prepare 6 cups of Cappuccino.
Years of focus and expertise have led to the STARBUCKS Roast Spectrum.
Each coffee bean requires a unique balance of temperature and time to reach its individual peak of aroma, acidity, body and flavour. STARBUCKS is committed to 100% Ethical Coffee Sourcing in partnership with Conservation International.",,,"Per 100g/ml
Per Serving
%DI
Energy
130kJ
290kJ
3%
Protein
1.4g
3.1g
6%
Total Fat
1.5g
3.2g
5%
Saturated Fat
0.9g
2.0g
8%
Carbohydrate
3.0g
6.7g
2%
Sugars
2.7g
6.0g
7%
Sodium
16mg
36mg
2%
Energy (Cal)
31kcal
69kcal
3%
Dietary Fibre (total)
0.1g
0.2g
0.70%
* Percentage Daily Intakes are based on an average adult diet of 8700 kJ. Your daily intakes may be higher or lower depending on your energy needs.","Whole Milk Powder (82%), Sugar (18%).",https://www.coles.com.au/product/starbucks-nescafe-dolce-gusto-capsules-cappuccino-12-pack-3777116,,,2024-06-16T01:21:18.912695-04:00
Ind54SColes_ADrinks_SACoffee_INescafe Roastery Dark Roast | 95g,Nescafe Roastery Dark Roast | 95g,Nescafe,Drinks,Coffee,Instant Coffee,,,,,,8055516,,,,,,https://www.coles.com.au/product/nescafe-roastery-dark-roast-95g-8055516,,,2024-06-16T01:21:28.210866-04:00
Ind54SColes_ADrinks_SACoffee_INescafe Gold Original Premium Instant Coffee | 100g,Nescafe Gold Original Premium Instant Coffee | 100g,Nescafe,Drinks,Coffee,Instant Coffee,,$5.75,,$11.50,$5.75 per 100g,8049750,"A blend of Arabica and Robusta Beans gives a balanced coffee with sweet aromatic notes and a subtle roastiness. 100% soluble coffee.
Through using 100% responsibly sourced coffee, we are supporting coffee farmers to improve their lands and livelihoods. To learn more visit nescafe.com.au or nescafe.co.nz.",,,,100% Soluble Coffee.,https://www.coles.com.au/product/nescafe-gold-original-premium-instant-coffee-100g-8049750,,,2024-06-16T01:21:37.418828-04:00
Ind54SColes_ADrinks_SACoffee_INescafe Farmers Origins South Asia | 10 pack,Nescafe Farmers Origins South Asia | 10 pack,Nescafe,Drinks,Coffee,Capsules,,,,,,8055640,"In NESCAFE South Asia Espresso, two leading origins, iconic to the NESCAFE brand, come together to bring you a great Italian espresso experience. Delivering all the roasty boldness, full body and thick, syrupy texture you want in this classic shot, Vietnam and India each offer their unique characteristics to win you over in a quick sip. Woody and spicy notes set this one apart.",,,,Contents: 10 Capsules of Roast and Ground Coffee for the Nespresso System.,https://www.coles.com.au/product/nescafe-farmers-origins-south-asia-10-pack-8055640,,,2024-06-16T01:21:47.006742-04:00
Ind54SColes_ADrinks_SACoffee_ILavazza Medium Roast Smooth And Aromatic Coffee Beans | 1kg,Lavazza Medium Roast Smooth And Aromatic Coffee Beans | 1kg,Lavazza,Drinks,Coffee,Coffee beans,,$26.60,,$38.00,$2.66 per 100g,8967050,"Qualita Oro is a combination of 6 varieties of Arabica beans from Central & South America. The perfect symphony of taste you can enjoy every day, like every Italian family.

Qualita Oro is the very first Lavazza blend, created in 1956 by Luigi Lavazza in his small roasting lab in Turin, with a dark colour, velvety texture, notes of fruit and flowers.

Intensity: 5/10
Aroma: Fruity & Floral
Roast: Medium
Blend: 100% Arabica
Origin: Central & South America",,,,,https://www.coles.com.au/product/lavazza-medium-roast-smooth-and-aromatic-coffee-beans-1kg-8967050,,,2024-06-16T01:21:55.998683-04:00
Ind54SColes_ADrinks_SACoffee_IStarbucks Pike Place Capsules | 10 pack,Starbucks Pike Place Capsules | 10 pack,Starbucks,Drinks,Coffee,Capsules,,$7.90,Pick any 3 for $18,,$0.79 per 1ea,3772950,"From our first store in Seattle's Pike Place Market to our coffeehouses around the world, customers requested a freshly brewed coffee they could enjoy throughout the day. A smooth, well-rounded blend of Latin American coffees with subtly rich flavours of chocolate and toasted nuts, it's served fresh every day at a Starbucks store near you.Years of focus and expertise have led to the Starbucks Roast Spectrum. Each coffee bean requires a unique balance of temperature and time to reach its individual peak of aroma, acidity, body and flavour.Medium Roast: Smooth and balanced, our medium-roast coffees have a little kick and deliver a medium-bodied cup with a hearty roast.Enjoy Starbucks at home. The coffee you love without leaving the house.Coffee capsules for Nespresso coffee machines.Smooth with Chocolate notes. A rich, satisfying and balanced cup to enjoy throughout the day.Intensity: 7Cup Recommendation: Lungo (110ml)Committed to 100% Ethical Coffee Sourcing in partnership with Conservation International.For Nespresso Machines.
- STARBUCKS coffee Pods by NESPRESSO, smooth with chocolate notes

- Intensity: 7

- Well-rounded with subtle notes of cocoa and toasted nuts balancing the smooth mouthfeel

- Coffee Pods compatible with NESPRESSO coffee machines

- Enjoy STARBUCKS at home. The coffee you love without leaving the house

- A rich, satisfying and balanced cup to enjoy throughout the day.

- Committed to 100% Ethical Coffee Sourcing in partnership with Conservation International.",,,,Contents: 10 Capsules of Roast and Ground Coffee for the Nespresso System. 100% Arabica,https://www.coles.com.au/product/starbucks-pike-place-capsules-10-pack-3772950,,,2024-06-16T01:22:05.031059-04:00
Ind54SColes_ADrinks_SACoffee_INescafe Vanilla Latte Coffee Sachets | 10 pack,Nescafe Vanilla Latte Coffee Sachets | 10 pack,Nescafe,Drinks,Coffee,Coffee mixes,,$7.60,,,$0.76 per 1ea,4462846,"Indulge yourself with a divine vanilla moment with NESCAFE Vanilla Latte. With a delectable layer of velvety froth and quality coffee, enjoy a cafe style creamy vanilla latte and treat yourself at any time in the comfort of your own home. All you need to do is add hot water and give it a good stir. The result is a delightfully creamy coffee that you can enjoy from the first to the last sip. So whatever you're up to, Now's good for a deliciously creamy NESCAFE Vanilla Latte. NESCAFE. Make Your World.
Available in 10 sachets per pack or in our value pack of 26 sachets.

We go beyond the cup. We're committed to sustainable sourcing and packaging so our coffee not only tastes good but also does good. Our coffee beans are roasted right here in Australia and 100% sustainably sourced.

We've also made the commitment to convert all of our packaging to 100% recyclable by 2025.",,,"Per 100g/ml
Per Serving
%DI
Energy
220kJ
330 kJ as prepared
4%
Protein
1g
1 g as prepared
1%
Total Fat
1.6g
2.5g
4%
Saturated Fat
1.5g
2.2 g as prepared
9%
Carbohydrate
9.6g
14.4 g as prepared
5%
Sugars
5.8g
8.6 g as prepared
10%
Sodium
46mg
69 mg as prepared
3%
* Percentage Daily Intakes are based on an average adult diet of 8700 kJ. Your daily intakes may be higher or lower depending on your energy needs.",,https://www.coles.com.au/product/nescafe-vanilla-latte-coffee-sachets-10-pack-4462846,,,2024-06-16T01:22:16.588346-04:00
Ind54SColes_ADrinks_SACoffee_IVittoria Espresso Coffee Beans | 500g,Vittoria Espresso Coffee Beans | 500g,Vittoria,Drinks,Coffee,Coffee beans,,$14.00,,$20.00,$2.80 per 100g,3208358,"Vittoria's original and iconic blend, Espresso has remained unchanged for over 50 years. This blend of 100% Arabica coffee beans is darkly roasted to deliver the strong flavour of traditional Italian espresso.
Blend: 100% Arabica
Roast: Medium to Dark
Origins: Central and South America
Tasting Notes: Honey, Toasty
Best Served as: Enjoy as an espresso or with milk",,,,,https://www.coles.com.au/product/vittoria-espresso-coffee-beans-500g-3208358,,,2024-06-16T01:22:26.353542-04:00
Ind54SColes_ADrinks_SACoffee_IBean Ground & Drunk Organic Classic Medium Roast Fairtrade Coffee | 250g,Bean Ground & Drunk Organic Classic Medium Roast Fairtrade Coffee | 250g,Bean Ground&Drunk,Drinks,Coffee,Ground coffee,,$8.40,,$10.50,$3.36 per 100g,3208290,"Roast Profile: Medium
Strength: Medium
Taste Profile
Velvety smooth, rich and well balanced with a vibrant floral aroma. Bright stone fruit flavours carry through in the espresso to finish nutty on the palate. Earthy notes are pronounced with cacao and sweet caramel prevailing.",,,,,https://www.coles.com.au/product/bean-ground-and-drunk-organic-classic-medium-roast-fairtrade-coffee-250g-3208290,,,2024-06-16T01:22:35.347724-04:00
Ind54SColes_ADrinks_SACoffee_IGrinders Ground Coffee | 200g,Grinders Ground Coffee | 200g,Grinders,Drinks,Coffee,Ground coffee,,,,,,8059630,"Enjoy our classic and full bodied Espresso blend, crafted by our master roaster with notes of cocoa and nuts.
Tasting Notes: Fruity and chocolate flavour notes, creating mild sweetness with a full-bodied mouth feel. Higher roasting maintains medium acidity and delivers a nutty and dark cocoa after-taste.

Aroma: The aroma is distinctly nutty.

Roast: Medium - Dark Roast.

From crop to cup, we are about creating a better coffee that's more sustainable for everyone to enjoy. Made from 100% Rainforest Alliance sourced beans.

Nothing but freshly roasted, 100% ethically certified coffee.",,,,,https://www.coles.com.au/product/grinders-ground-coffee-200g-8059630,,,2024-06-16T01:22:44.599253-04:00
Ind54SColes_ADrinks_SACoffee_IVittoria Freeze Dried Classic Instant Coffee | 100g,Vittoria Freeze Dried Classic Instant Coffee | 100g,Vittoria,Drinks,Coffee,Instant Coffee,,$7.50,,$12.50,$7.50 per 100g,4737401,"Original Classic is a blend that has been designed for everyday enjoyment. This 100% Arabica freeze dried blend delivers a full-bodied, smooth cup with an intense aroma.
Blend: Central & South America
Roast: Dark Roast
Intensity: 13/15
Brewing Guide: Add 1-2 tbs to 85-92Â° water",,,,,https://www.coles.com.au/product/vittoria-freeze-dried-classic-instant-coffee-100g-4737401,,,2024-06-16T01:22:53.793394-04:00
Ind54SColes_ADrinks_SABeverages_IMoccona Cafe Classics Strong Cappuccino Sachets | 10 pack,Moccona Cafe Classics Strong Cappuccino Sachets | 10 pack,Moccona Cafe,Drinks,Beverages,Coffee & tea,,$5.00,,,"$0.50 per 1ea
Was $6.00 on Jun 2024",4405649,"If you like your cappuccino with a kick, then this coffee has your name on it. Indulge in a little me-time while enjoying the new smooth taste and bold coffee flavour of a Strong Cappuccino style coffee from Moccona. Finished with a thick layer of velvety froth for that indulgent cafe style experience that's perfect any time of day.
97% Sugar Free (as prepared with water)
98% Fat Free (as prepared with water)
Gluten Free
53 Calories per serve
Smooth taste and velvety froth",,,"Per 100g/ml
Per Serving
%DI
Energy
147
220
Protein
Less than 1g
1.1g
Total Fat
1.2g
1.9g
Saturated Fat
1.2g
1.9g
Carbohydrate
5.1g
7.6g
Sugars
2.4g
3.6g
Sodium
35mg
53mg
Energy (Cal)
35
53
Dietary Fibre (total)
Less than 1g
Less than 1g
* Percentage Daily Intakes are based on an average adult diet of 8700 kJ. Your daily intakes may be higher or lower depending on your energy needs.",,https://www.coles.com.au/product/moccona-cafe-classics-strong-cappuccino-sachets-10-pack-4405649,,,2024-06-16T01:23:06.564492-04:00
Ind54SColes_ADrinks_SACoffee_IRobert Timms Premium Full Bodied Granulated Coffee | 200g,Robert Timms Premium Full Bodied Granulated Coffee | 200g,Robert Timms,Drinks,Coffee,Instant Coffee,,$10.70,,,$5.35 per 100g,4965712,The House of Robert Timms Full-Bodied Granulated Coffee is a rich and robust coffee for a truly satisfying taste and extraordinary aroma and flavour.,,,,coffee,https://www.coles.com.au/product/robert-timms-premium-full-bodied-granulated-coffee-200g-4965712,,,2024-06-16T01:23:15.602074-04:00
Ind54SColes_ADrinks_SACoffee_IL'OR Espresso Lungo Estremo Intensity 10 Coffee Capsules 52g | 10 pack,L'OR Espresso Lungo Estremo Intensity 10 Coffee Capsules 52g | 10 pack,LOR,Drinks,Coffee,Capsules,,$5.50,,$7.50,$0.55 per 1ea,3193217,"An exciting blend of sharp, red fruit notes contrasted with hints of soft vanilla. A full-bodied, roasty profile with touches of smokiness. Its flavours move in different directions, full of action and movement.

Blended by L'OR Coffee Artists
Fruity, smoky and complex ground coffee in single-dose capsules
Ideal preparation is espresso (40mL)
Compatible with L'OR Barista and Nespresso* original coffee machines
100% Rainforest Alliance certified coffee beans
100% recyclable capsules via partnership with Terracycle",,,,,https://www.coles.com.au/product/l'or-espresso-lungo-estremo-intensity-10-coffee-capsules-52g-10-pack-3193217,,,2024-06-16T01:23:24.668642-04:00
Ind54SColes_ADrinks_SACoffee_INescafe Green Blend Instant Coffee | 100g,Nescafe Green Blend Instant Coffee | 100g,Nescafe,Drinks,Coffee,Instant Coffee,,$10.50,,$13.50,$10.50 per 100g,8051118,"A special blend of green and roasted coffee beans: Made from Arabica and Robusta coffee beans. 100% Soluble Coffee. Through using 100% responsibly sourced coffee, we are supporting coffee farmers to improve their lands and livelihoods. To learn more visit nescafe.com.au or nescafe.co.nz.
Smooth & Mild Taste

-Delicate mild coffee.

-100g Jar makes 58 cups of coffee based on 1.7g per cup.

-Glass jars and caps are 100% recyclable.",,,,,https://www.coles.com.au/product/nescafe-green-blend-instant-coffee-100g-8051118,,,2024-06-16T01:23:33.750843-04:00
Ind54SColes_ADrinks_SACoffee_IColes Urban Coffee Culture Dolce Gusto Ristretto Capsules | 16 pack,Coles Urban Coffee Culture Dolce Gusto Ristretto Capsules | 16 pack,Coles,Drinks,Coffee,Capsules,,$6.50,,,$0.41 per 1ea,3209066,Strong & Intense16 capsulesIntensity 11Dark Roasted with overtone of creamy caramel and a hint of chocolate.,,,,INGREDIENTS: Ground Roasted Coffee^ in capsules,https://www.coles.com.au/product/coles-urban-coffee-culture-dolce-gusto-ristretto-capsules-16-pack-3209066,,,2024-06-16T01:23:44.541024-04:00
Ind54SColes_ADrinks_SACoffee_IL'or Onyx Coffee Beans | 500g,L'or Onyx Coffee Beans | 500g,Lor,Drinks,Coffee,Coffee beans,,,,,,8057657,"Stimulate your senses with L'OR Espresso Onyx Coffee Beans. Roasted locally in Australia, this bold blend pairs spicy and woody notes with a hint of nutmeg and ginger.
Tasting notes: powerful, dark roast with touches of nutmeg & ginger

Roast: dark

Origins: Brazil and other coffee regions of South America, Central America, South-East Asia, South Asia, East Africa & Papua New Guinea

Intensity: 12

Size: 500g

Usage: best brewed in fully automatic coffee machines.",,,,,https://www.coles.com.au/product/l'or-onyx-coffee-beans-500g-8057657,,,2024-06-16T01:23:54.723639-04:00
Ind54SColes_ADrinks_SACoffee_IL'OR Espresso Ristretto Capsules | 40 pack,L'OR Espresso Ristretto Capsules | 40 pack,LOR,Drinks,Coffee,Capsules,,$22.00,,,$0.55 per 1ea,3755179,"Layers of light spice contrast sharp freshness inspired by the markets of Sumatra. Created to unfold and reveal its complexity in an instant, it is a quick and bold blend.

Blended by L'OR Coffee Artists
Fresh, spicy and complex ground coffee in single-dose capsules
Ideal preparation is ristretto (25mL) and espresso (40mL)
Compatible with L'OR Barista and Nespresso* original coffee machines
100% Rainforest Alliance certified coffee beans
100% recyclable capsules via partnership with Terracycle",,,,,https://www.coles.com.au/product/l'or-espresso-ristretto-capsules-40-pack-3755179,,,2024-06-16T01:24:04.541804-04:00
Ind54SColes_ADrinks_SABeverages_IVittoria Italian Nespresso Compatible Coffee Capsules | 20 pack,Vittoria Italian Nespresso Compatible Coffee Capsules | 20 pack,Vittoria,Drinks,Beverages,Coffee & tea,,$9.00,,,"$0.45 per 1ea
Was $13.00 on Apr 2024",4151960,"Vittoria Italian blend is a medium roast of 100% Arabica coffee beans from Central and South America with a balanced body and taste. Italian blend is a milder cup compared to darker roasts like Vittoria Espresso.
100% Arabica - Blend
Best Served: Espresso, With Milk
Tasting Notes: Raisin, Pear, Almond
Origins: Central and South America
Intensity: 11
Compatible with: Nespresso* Original Machines
Australian Made: Our aluminium capsules are roasted and packed locally in Australia for optimal freshness.
By purchasing this product and other Vittoria packs bearing the OzHarvest mark you're helping to eliminate food waste and feed vulnerable Australians. For every kilo of coffee prepared for this pack, Vittoria donates $1 to OzHarvest which enables them to deliver two meals to people in need.
*Nespresso is a trademark of Societe des Produits Nestle SA. Neither that company nor its affiliates have manufactured or endorsed this product in any way and have no association to Vittoria Food & Beverage or the Vittoria Coffee brand. Compatible with Nespresso original machines (not compatible with the Vertuo System).",,,,,https://www.coles.com.au/product/vittoria-italian-nespresso-compatible-coffee-capsules-20-pack-4151960,,,2024-06-16T01:24:13.572279-04:00
Ind54SColes_ADrinks_SACoffee_IChicco D'Oro Premium Blend Delta Ground Coffee | 200g,Chicco D'Oro Premium Blend Delta Ground Coffee | 200g,Chicco DOro,Drinks,Coffee,Ground coffee,,$4.00,,,$2.00 per 100g,7397638,Chicco D'oro coffee premium blend is an exclusive blend of fine coffees. The dark roast and fine grind of Chicco d'oro Premium Blend ensures a full bodied strong coffee with every cup.,,,,,https://www.coles.com.au/product/chicco-d'oro-premium-blend-delta-ground-coffee-200g-7397638,,,2024-06-16T01:24:23.810319-04:00
Ind54SColes_ADrinks_SACoffee_IMoccona Classic Medium Roast Instant Coffee | 100g,Moccona Classic Medium Roast Instant Coffee | 100g,Moccona,Drinks,Coffee,Instant Coffee,,$11.50,,,$11.50 per 100g,303556,"The perfect coffee to enjoy every day.

The heritage behind Moccona was born half a world away in the quaint Netherlands' village of Joure in 1753. Originally sold in delicatessens and small specialty stores, it symbolised the little indulgence from Europe that added to the pleasures of everyday.

Known for its premium taste and elegant glass jar, Moccona has become a much-loved classic in homes all over Australia.

Moccona blends are created by bringing together the world's finest beans: Arabica and the Robusta. The Arabica has a softer sweeter taste with berry and fruit tones while the Robusta bean has a deep rich flavour.

Together they bring the magical blend and character you expect from the perfect cup of coffee. Every time you smell the aroma of Moccona, you'll be reminded of the great passion that drives us to create moments of pure indulgence - just for you.

Experience the smooth taste of Moccona Classic Medium Roast. Its full-bodied flavour and rich aroma make it the perfect coffee to enjoy everyday.

At Moccona we care about coffee, the people who grow it and the planet it comes from.

Working together with our preferred partners like UTZ Certified, we help farmers prosper and help to preserve the environment.",,,,100% Coffee beans.,https://www.coles.com.au/product/moccona-classic-medium-roast-instant-coffee-100g-303556,,,2024-06-16T01:24:32.683628-04:00
Ind54SColes_ADrinks_SACoffee_INescafe Iced Vanilla Coffee Sachets | 8 pack,Nescafe Iced Vanilla Coffee Sachets | 8 pack,Nescafe,Drinks,Coffee,Coffee mixes,,$7.60,,,$0.95 per 1ea,4407269,"We all know coffee is cool, but here's proof. NESCAFE Vanilla Iced Cappuccino is a seriously chill blend of rich coffee and smooth vanilla flavour topped with a refreshing layer of creamy froth. It's an icy cold pick-me-up that's perfect any time. All you need to do is add cold water and give it a good stir. The result is a delightfully creamy coffee that you can enjoy from the first to the last sip. So whatever you're up to, Now's good for a deliciously creamy NESCAFE Vanilla Iced Cappuccino. NESCAFE. Make Your World.
Available in 8 sachets per pack.

We go beyond the cup. We're committed to sustainable sourcing and packaging so our coffee not only tastes good but also does good. Our coffee beans are roasted right here in Australia and 100% sustainably sourced.

We've also made the commitment to convert all of our packaging to 100% recyclable by 2025.",,,"Per 100g/ml
Per Serving
%DI
Energy
180kJ
270 kJ As Prepared
3%
Protein
1.4g
2 g As Prepared
4%
Total Fat
1g
<1g
1%
Saturated Fat
1g
1 g As Prepared
2%
Carbohydrate
9.1g
13.7 g As Prepared
4%
Sugars
6.8g
10.2 g As Prepared
11%
Sodium
60mg
100 mg As Prepared
4%
* Percentage Daily Intakes are based on an average adult diet of 8700 kJ. Your daily intakes may be higher or lower depending on your energy needs.",,https://www.coles.com.au/product/nescafe-iced-vanilla-coffee-sachets-8-pack-4407269,,,2024-06-16T01:24:43.996830-04:00
Ind54SColes_ADrinks_SACoffee_IOxfam Fair Ethiopia Blend Ground Coffee | 250g,Oxfam Fair Ethiopia Blend Ground Coffee | 250g,Oxfam,Drinks,Coffee,Ground coffee,,$10.85,,,$4.34 per 100g,4824540,"Intense coffee with full flavour, smooth finish and sweet aroma.",,,,100% Roasted Arabica Beans,https://www.coles.com.au/product/oxfam-fair-ethiopia-blend-ground-coffee-250g-4824540,,,2024-06-16T01:24:53.189759-04:00
Ind54SColes_ADrinks_SACoffee_INescafe Blend 43 Instant Coffee | 250g,Nescafe Blend 43 Instant Coffee | 250g,Nescafe,Drinks,Coffee,Instant Coffee,,$13.00,,,$5.20 per 100g,116402,"Every cup you drink can make a difference. Creating the perfect cup of bold and smooth coffee NESCAFE Blend 43 is proudly made from 100% responsibly sourced coffee beans. We take care & craft in individually roasting our Bold Robusta & Smooth Arabica coffee beans, bringing out their unique flavour & aroma. They are then blended to create the perfect cup. Through using 100% responsibly sourced coffee beans in NESCAFE Blend 43, we are making a difference for coffee farmers, helping to improve their lands and livelihoods.We are making a difference by sourcing 100% renewable electricity and using coffee grounds left over from the brewing process to help power our NESCAFE factory in Gympie, Queensland. What makes a NESCAFE Blend 43 cup of coffee more enjoyable is that every time you enjoy a cup, you are not just enjoying your favourite cup of coffee, you are also making a difference.
Intensity Score: 5 (Medium Roast)

-Roasted and blended right here in country Queensland, Australia.

-100% of NESCAF BLEND 43 coffee beans are sustainably sourced.

-NESCAF BLEND 43 tin, caps and glass jars are 100% recyclable. Plus, 60% of the energy powering our NESCAF factory comes from renewable energy, including used coffee grounds.

-A 250g Jar is recyclable and makes approx. 147 cups of coffee based on 1.7g per cup. It's perfect for the household offering great value in a convenient size.",,,,100% Natural Coffee Beans. Soluble Coffee.,https://www.coles.com.au/product/nescafe-blend-43-instant-coffee-250g-116402,,,2024-06-16T01:25:03.187579-04:00
Ind54SColes_ADrinks_SACoffee_INescafe Mocha Coffee Sachets | 10 pack,Nescafe Mocha Coffee Sachets | 10 pack,Nescafe,Drinks,Coffee,Coffee mixes,,$7.60,,,$0.76 per 1ea,4461832,"NESCAFE Mocha delivers a delicious combination of coffee and cocoa for that perfect afternoon indulgence. With a delectable layer of velvety froth and quality coffee, enjoy a cafe style creamy mocha and treat yourself at any time in the comfort of your own home. All you need to do is add hot water and give it a good stir. The result is a delightfully creamy coffee that you can enjoy from the first to the last sip. So whatever you're up to, Now's good for a deliciously creamy NESCAFE Mocha. NESCAFE. Make Your World.
Available in 10 sachets per pack or in our value pack of 26 sachets.

We go beyond the cup. We're committed to sustainable sourcing and packaging so our coffee not only tastes good but also does good. Our coffee beans are roasted right here in Australia and 100% sustainably sourced.

We've also made the commitment to convert all of our packaging to 100% recyclable by 2025.",,,"Per 100g/ml
Per Serving
%DI
Energy
200kJ
300kJ as prepared
3%
Protein
1g
1g as prepared
2%
Total Fat
1.3g
1.7g
3%
Saturated Fat
1.2g
1.7g as prepared
7%
Carbohydrate
9.6g
14.5g as prepared
5%
Sugars
6.1g
9.1g as prepared
10%
Sodium
49mg
74mg as prepared
1%
* Percentage Daily Intakes are based on an average adult diet of 8700 kJ. Your daily intakes may be higher or lower depending on your energy needs.",,https://www.coles.com.au/product/nescafe-mocha-coffee-sachets-10-pack-4461832,,,2024-06-16T01:25:15.934311-04:00
Ind54SColes_ADrinks_SACoffee_INestle Coffee & Milk | 395g,Nestle Coffee & Milk | 395g,Nestle,Drinks,Coffee,Coffee mixes,,$5.00,,,$1.27 per 100g,3995999,"Nestle Coffee and Milk provides you with the convenience of coffee, milk and sugar all in one pack. Just add hot water for an instant cup of coffee. It is perfect for the outdoors as it is made from long life milk, so you can take it with you camping, fishing, hiking or boating. Nestle Coffee and Milk is also handy for work when coffee facilities are limited. It can also be used in a coffee dessert.",,,"Per 100g/ml
Per Serving
%DI
Energy
1300kJ
325kJ
4%
Protein
6.8g
1.7g
3%
Total Fat
7.1g
1.8g
3%
Saturated Fat
4.1g
1g
4%
Carbohydrate
54g
13.5g
4%
Sugars
53.6g
13.4g
15%
Sodium
180mg
45mg
2%
* Percentage Daily Intakes are based on an average adult diet of 8700 kJ. Your daily intakes may be higher or lower depending on your energy needs.",,https://www.coles.com.au/product/nestle-coffee-and-milk-395g-3995999,,,2024-06-16T01:25:29.258303-04:00
Ind54SColes_ADrinks_SACoffee_IDaley Street Freeze Dried Instant Coffee | 100g,Daley Street Freeze Dried Instant Coffee | 100g,Daley Street,Drinks,Coffee,Instant Coffee,,$9.00,,,$9.00 per 100g,6495391,,,,,,https://www.coles.com.au/product/daley-street-freeze-dried-instant-coffee-100g-6495391,,,2024-06-16T01:25:38.623641-04:00
Ind54SColes_ADrinks_SACoffee_IColes Coffee Cappuccino 132g | 10 Pack,Coles Coffee Cappuccino 132g | 10 Pack,Coles,Drinks,Coffee,Coffee mixes,,$3.25,,,$0.33 per 1ea,6168602,"Classic Cappuccino Deliciously rich and frothy coffee drink. For a creamier treat, try adding hot milk instead of water. Instant Coffee Drink.",,,"Per 100g/ml
Per Serving
%DI
Energy
152.53
228.80
Protein
1.40
2.10
Total Fat
1.20
1.80
Carbohydrate
4.87
7.30
Sugars
3.20
4.80
Sodium
37.33
56.00
Saturated
1.00
1.50
Energy (Cal)
36.49
54.74
Dietary Fibre (total)
0.20
0.30
Gluten
0.00
0.00
* Percentage Daily Intakes are based on an average adult diet of 8700 kJ. Your daily intakes may be higher or lower depending on your energy needs.",,https://www.coles.com.au/product/coles-coffee-cappuccino-132g-10-pack-6168602,,,2024-06-16T01:25:50.583526-04:00
Ind54SColes_ADrinks_SACoffee_IRepublica Organic Melbourne Capsules | 20 pack,Republica Organic Melbourne Capsules | 20 pack,Republica Organic,Drinks,Coffee,Capsules,,$11.50,,,$0.58 per 1ea,3985340,"Nespresso Compatible*
*Republica Coffee Capsules are made to fit your Nespresso coffee machines.
Move Mountains
But First... Coffee
Whether you like it tall or short, Republica's Melbourne Coffee Pods are certainly dark and handsome. Coffee beans from PNG and Peru are dark-roasted to create a blend that ticks every box - bold, strong, and rich. Let this brew lead you to adventures through Melbourne's laneways.",,,,,https://www.coles.com.au/product/republica-organic-melbourne-capsules-20-pack-3985340,,,2024-06-16T01:25:59.770187-04:00
Ind54SColes_ADrinks_SACoffee_IRobert Timms Premium Espresso Extra Dark Roasted Granulated Coffee | 200g,Robert Timms Premium Espresso Extra Dark Roasted Granulated Coffee | 200g,Robert Timms,Drinks,Coffee,Instant Coffee,,$10.70,,,$5.35 per 100g,8639925,"A unique blend of dark roasted beans, with an authentic continental aroma and full-bodied flavour.",,,,coffee,https://www.coles.com.au/product/robert-timms-premium-espresso-extra-dark-roasted-granulated-coffee-200g-8639925,,,2024-06-16T01:26:09.783703-04:00
Ind54SColes_ADrinks_SACoffee_IDaley Street Dark Roast Coffee Beans | 200g,Daley Street Dark Roast Coffee Beans | 200g,Daley Street,Drinks,Coffee,Coffee beans,,$9.00,,,$4.50 per 100g,3956160,"Daley StProudly developed &roasted in Preston, MelbourneDark RoastBeansIntense 12Brazilian, Honduran & Ethiopian Arabica Beans Deliver notes of Cocoa - Blackcurrant - Clove",,,,INGREDIENTS: Rainforest Alliance Certified Roasted Coffee Beans,https://www.coles.com.au/product/daley-street-dark-roast-coffee-beans-200g-3956160,,,2024-06-16T01:26:20.662234-04:00
Ind54SColes_ADrinks_SABeverages_IRepublica Organic South American Medium Roast Freeze Dried Instant Coffee | 100g,Republica Organic South American Medium Roast Freeze Dried Instant Coffee | 100g,Republica Organic,Drinks,Beverages,Coffee & tea,,$9.50,,,"$9.50 per 100g
Was $12.00 on May 2024",8649077,"Move Mountains
But First... Coffee
Good things aren't just for those who wait, get great coffee - instantly. With a rich caramel aroma and velvety smooth finish, it's obvious why Republica's South American blend was selected as Australia's best tasting instant coffee*.
*As judged by Good Food 2020.",,,,,https://www.coles.com.au/product/republica-organic-south-american-medium-roast-freeze-dried-instant-coffee-100g-8649077,,,2024-06-16T01:26:29.553022-04:00
Ind54SColes_ADrinks_SACoffee_IDaley Street Medium/Dark Beans | 1kg,Daley Street Medium/Dark Beans | 1kg,Daley Street,Drinks,Coffee,Coffee beans,,$35.00,,,$3.50 per 100g,5556286,"Medium/Dark Roast Brewing Tips: To get the best brewing results, use fresh filtered water and ensure your machine is thoroughly clean. Each machine will vary, so ensure that you follow the manufacturer's guidelines and adjust to meet your preferences to achieve the best brew. Storage: Once opened store coffee in an airtight container in a cool dark place. We suggest to avoid storing coffee in the fridge as it can absorb other flavours or freezer as it can introduce moisture, which will potentially degrade the quality. Consider recycling the grounds into the garden Espresso Machine Visual. IN THE HEART OF INNER-CITY PRESTON, WE'VE PASSIONATELY BLENDED AND ROASTED A SUSTAINABLE, SPECIALTY COFFEE. MADE WITH QUALITY BRAZILIAN, COLOMBIAN & KENYAN ARABICA BEANS, DALEY ST IS READY FOR YOU TO SAVOUR AT HOME. Espresso Roast Best Served with milk Recommended for: Espresso Machine.",,,,INGREDIENTS: Roast Coffee Beans^.,https://www.coles.com.au/product/daley-street-mediumdark-beans-1kg-5556286,,,2024-06-16T01:26:41.432652-04:00
Ind54SColes_ADrinks_SABeverages_IMoccona Cafe Classics Latte Sachets | 10 pack,Moccona Cafe Classics Latte Sachets | 10 pack,Moccona Cafe,Drinks,Beverages,Coffee & tea,,$5.00,,,"$0.50 per 1ea
Was $6.00 on Jun 2024",4405638,"Indulge in a little me-time while enjoying the new smooth taste of a sweet creamy Latte style coffee from Moccona. Finished with a thick layer of velvety froth for that indulgent cafe style experience that's perfect any time of day.
98% Fat Free (as prepared with water)
Gluten Free
63 Calories per serve
Smooth taste and velvety froth",,,"Per 100g/ml
Per Serving
%DI
Energy
175
263
Protein
Less than 1g
1.2g
Total Fat
1.5g
2.3g
Saturated Fat
1.5g
2.3g
Carbohydrate
6.1g
9.2g
Sugars
2.6g
3.9g
Sodium
43mg
64mg
Energy (Cal)
42
63
Dietary Fibre (total)
Less than 1g
Less than 1g
* Percentage Daily Intakes are based on an average adult diet of 8700 kJ. Your daily intakes may be higher or lower depending on your energy needs.",,https://www.coles.com.au/product/moccona-cafe-classics-latte-sachets-10-pack-4405638,,,2024-06-16T01:26:52.966022-04:00
Ind54SColes_ADrinks_SACoffee_INescafe Gold Original Instant Coffee Jar | 200g,Nescafe Gold Original Instant Coffee Jar | 200g,Nescafe,Drinks,Coffee,Instant Coffee,,$16.00,,,$8.00 per 100g,8048033,"A blend of Arabica and Robusta Beans gives a balanced coffee with sweet aromatic notes and a subtle roastiness. 100% soluble coffee.
Through using 100% responsibly sourced coffee, we are supporting coffee farmers to improve their lands and livelihoods. To learn more visit nescafe.com.au or nescafe.co.nz.",,,,100% Soluble Coffee.,https://www.coles.com.au/product/nescafe-gold-original-instant-coffee-jar-200g-8048033,,,2024-06-16T01:27:02.231374-04:00
Ind54SColes_ADrinks_SACoffee_IL'OR Espresso Caramel Capsules | 10 pack,L'OR Espresso Caramel Capsules | 10 pack,LOR,Drinks,Coffee,Capsules,,$5.50,,$7.50,$0.55 per 1ea,4823693,"An aromatic flavoured espresso that delivers a blend of delicate and dark caramel notes, delicious balance and light sweetness. A taste reminiscent of buttery caramel, with layers of indulgent but subtle, velvety flavour.

Blended by L'OR coffee artists.
Velvety, juicy and subtle caramel ground coffee in single-dose capsules

Designed to blend perfectly with milk for a velvety creation

Contains natural flavours to craft a beautiful and smooth espresso

Ideal preparation is espresso (40mL)

Compatible with L'OR Barista and Nespresso* original coffee machines

100% Rainforest Alliance certified coffee beans.

100% recyclable capsules via partnership with Terracycle.",,,,,https://www.coles.com.au/product/l'or-espresso-caramel-capsules-10-pack-4823693,,,2024-06-16T01:27:11.054331-04:00
Ind54SColes_ADrinks_SACoffee_IMoccona Classic Medium Roast Instant Coffee | 50g,Moccona Classic Medium Roast Instant Coffee | 50g,Moccona,Drinks,Coffee,Instant Coffee,,$7.00,,,$14.00 per 100g,173144,"Moccona Classic Instant Coffee Classic, 50g. The place where Arabica and Robusta beans meet for a rounded, balanced flavour is called Moccona Medium Roast. We think of it as the happy medium. It's full bodied, richly aromatic and just right for your everyday coffee moment.",,,,100% coffee beans.,https://www.coles.com.au/product/moccona-classic-medium-roast-instant-coffee-50g-173144,,,2024-06-16T01:27:20.055460-04:00
Ind54SColes_ADrinks_SACoffee_ICaffe Aurora Italian Style Ground Coffee | 500g,Caffe Aurora Italian Style Ground Coffee | 500g,Caffe Aurora,Drinks,Coffee,Ground coffee,,,,,,4875835,"Boasting a strong, well-rounded flavour, Caffe Aurora Italian Blend is a dark roast that has been expertly crafted with the espresso drinker in mind. An intense, full-bodied cup producing an authentic Italian-style coffee. Tasting Notes: Dark Chocolate, Smokey",,,,,https://www.coles.com.au/product/caffe-aurora-italian-style-ground-coffee-500g-4875835,,,2024-06-16T01:27:29.415888-04:00
Ind54SColes_ADrinks_SACoffee_IRobert Timms Italian Espresso Style Coffee Bags 160g | 28 Pack,Robert Timms Italian Espresso Style Coffee Bags 160g | 28 Pack,Robert Timms,Drinks,Coffee,Instant Coffee,,$9.45,,$13.50,$0.34 per 1ea,4965756,"Rich, dark and aromatic",,,,coffee,https://www.coles.com.au/product/robert-timms-italian-espresso-style-coffee-bags-160g-28-pack-4965756,,,2024-06-16T01:27:38.497621-04:00
Ind54SColes_ADrinks_SA_IColes Caramel Mocha Sachets 180g | 10 pack,Coles Caramel Mocha Sachets 180g | 10 pack,Coles,Drinks,,,,$3.25,,,$0.33 per 1ea,4295642,"Coles Caramel Mocha Sachets 10 Pack. Choc coffee with a sweet caramel note. For a creamier treat, try adding hot milk instead of water. Caramel flavoured coffee drink, rainforest alliance certified coffee and cocoa- a better future for people and nature.",,,"Per 100g/ml
Per Serving
%DI
Energy
210.30
315.45
Protein
1.10
1.65
Total Fat
1.30
1.95
Carbohydrate
8.30
12.45
Sugars
6.70
10.05
Sodium
68.00
102.00
Saturated
1.20
1.80
Energy (Cal)
50.31
75.47
Dietary Fibre (total)
0.30
0.45
* Percentage Daily Intakes are based on an average adult diet of 8700 kJ. Your daily intakes may be higher or lower depending on your energy needs.",,https://www.coles.com.au/product/coles-caramel-mocha-sachets-180g-10-pack-4295642,,,2024-06-16T01:27:49.822397-04:00
Ind54SColes_ADrinks_SACoffee_IRobert Timms Decaffeinated Coffee Bags 105g | 18 pack,Robert Timms Decaffeinated Coffee Bags 105g | 18 pack,Robert Timms,Drinks,Coffee,Instant Coffee,,$10.00,,,$0.56 per 1ea,6415064,"A delicious full bodied, extra dark roast decaffeinated coffee with light spice and berry notes for your enjoyment.",,,,coffee,https://www.coles.com.au/product/robert-timms-decaffeinated-coffee-bags-105g-18-pack-6415064,,,2024-06-16T01:27:58.879063-04:00
Ind54SColes_ADrinks_SACoffee_IMoccona Cafe Classics Cappuccino Sachets | 30 pack,Moccona Cafe Classics Cappuccino Sachets | 30 pack,Moccona,Drinks,Coffee,Coffee mixes,,$12.00,,,$0.40 per 1ea,4405558,"Made with real Moccona coffee.

Indulge in a little me-time with our specially crafted cappucino blend. 

A delightfully rich and cream coffee experience, finished with a thick layer of velvety froth.

Enjoy cafe style coffees any time of day
- Moccona Strong Cappucino 
Wake up with our frothy strong cappucino
- Moccona Caramel Latte
Relax with our creamy caramel latte",,,"Per 100g/ml
Per Serving
%DI
Energy
154kJ
231kJ
Protein
Less than 1g
Less than 1g
Total Fat
1.6g
2.4g
Saturated Fat
1.6g
2.4g
Carbohydrate
4.9g
7.4g
Sugars
2.3g
3.4g
Sodium
48mg
72mg
Energy (Cal)
37Cal
55Cal
Dietary Fibre (total)
Less than 1g
Less than 1g
Gluten
0.0g
0.0g
* Percentage Daily Intakes are based on an average adult diet of 8700 kJ. Your daily intakes may be higher or lower depending on your energy needs.",,https://www.coles.com.au/product/moccona-cafe-classics-cappuccino-sachets-30-pack-4405558,,,2024-06-16T01:28:11.846672-04:00
Ind54SColes_ADrinks_SACoffee_INescafe Gold Smooth Mild Ground Coffee | 180g,Nescafe Gold Smooth Mild Ground Coffee | 180g,Nescafe,Drinks,Coffee,Instant Coffee,,$16.00,,,$8.89 per 100g,3208201,"Smooth taste with a golden crema. Made from Arabica beans. Soluble coffee with finely ground roasted coffee (3%). Through using 100% responsibly sourced coffee, we are supporting coffee farmers to improve their lands and livelihoods. To learn more visit nescafe.com.au or nescafe.co.nz.
Smooth Taste & Silky Crema

-Smooth taste & silky crema.

-180g makes 105 cups of coffee based on 1.7g per cup.

-NESCAFE Gold caps and glass jars are 100% recyclable.",,,,Soluble Coffee With Finely Ground Roasted Coffee (3%),https://www.coles.com.au/product/nescafe-gold-smooth-mild-ground-coffee-180g-3208201,,,2024-06-16T01:28:22.397600-04:00
Ind54SColes_ADrinks_SACoffee_IBushells Coffee & Chicory Essence | 250mL,Bushells Coffee & Chicory Essence | 250mL,Bushells,Drinks,Coffee,Coffee mixes,,$4.80,,$6.00,$1.92 per 100mL,116708,Sweet coffee flavour notes,,,,,https://www.coles.com.au/product/bushells-coffee-and-chicory-essence-250ml-116708,,,2024-06-16T01:28:31.450294-04:00
Ind54SColes_ADrinks_SACoffee_ILavazza Dek Decaffeinated A Modo Mio Coffee Pods | 16 pack,Lavazza Dek Decaffeinated A Modo Mio Coffee Pods | 16 pack,Lavazza,Drinks,Coffee,Capsules,,$12.50,,,$0.78 per 1ea,3208722,"A Modo Mio Dek Cremoso is a decafinated but full-flavoured coffee with a well-balanced taste and sweet and balanced aroma.

The Lavazza decaffeination method leaves the unique characteristics of each origin unchanged.

Made for Lavazza A Modo Mio machines, Dek Cremoso is an exceptional decaffeinated blend of sweet and full-bodied Brazilian Arabica, decaffeinated using a purely natural method to keep its fragrance intact, full and well-balanced taste.

Intensity: 7/13
Aroma: Sweet and Balanced
Roast: Medium
Blend: Decaffeinated Arabica
Origin: Brazil",,,,,https://www.coles.com.au/product/lavazza-dek-decaffeinated-a-modo-mio-coffee-pods-16-pack-3208722,,,2024-06-16T01:28:40.636194-04:00
Ind54SColes_ADrinks_SACoffee_IVittoria Espresso Ground Coffee | 200g,Vittoria Espresso Ground Coffee | 200g,Vittoria,Drinks,Coffee,Ground coffee,,$6.00,,$10.00,$3.00 per 100g,397447,"Vittoria's original and iconic blend, Espresso has remained unchanged for over 50 years. This blend of 100% Arabica coffee beans is darkly roasted to deliver the strong flavour of traditional Italian espresso.
Blend: 100% Arabica
Roast: Medium to Dark
Origins: Central and South America
Tasting Notes: Honey, Toasty
Best brewed with: Filter machines, stove top brewers, plungers & pour overs",,,,,https://www.coles.com.au/product/vittoria-espresso-ground-coffee-200g-397447,,,2024-06-16T01:28:50.066136-04:00
Ind54SColes_ADrinks_SACoffee_IDaley Street Dark Coffee Ground | 200g,Daley Street Dark Coffee Ground | 200g,Daley Street,Drinks,Coffee,Ground coffee,,$9.00,,,$4.50 per 100g,3956170,"Daley StProudly developed &roasted in Preston, MelbourneDark RoastGroundIntense 12Brazilian, Honduran & Ethiopian Arabica BeansDeliver notes of Cocoa - Blackcurrant - Clove",,,,,https://www.coles.com.au/product/daley-street-dark-coffee-ground-200g-3956170,,,2024-06-16T01:29:00.681116-04:00
Ind54SColes_ADrinks_SACoffee_ILavazza Qualita Oro A Modo Mio Coffee Pods | 16 pack,Lavazza Qualita Oro A Modo Mio Coffee Pods | 16 pack,Lavazza,Drinks,Coffee,Capsules,,,,,,8087670,,,,,,https://www.coles.com.au/product/lavazza-qualita-oro-a-modo-mio-coffee-pods-16-pack-8087670,,,2024-06-16T01:29:09.976505-04:00
Ind54SColes_ADrinks_SACoffee_INescafe Strong Cappuccino Coffee Sachets | 10 pack,Nescafe Strong Cappuccino Coffee Sachets | 10 pack,Nescafe,Drinks,Coffee,Coffee mixes,,$7.60,,,$0.76 per 1ea,5694097,"Add a kick to your regular cappuccino with a delicious cup of NESCAFE Strong Cappuccino. With a delectable layer of velvety froth and intense coffee flavour, enjoy a cafe style creamy cappuccino and treat yourself at any time in the comfort of your own home. All you need to do is add hot water, give it a good stir and top it off with a sprinkle of some choc topping. The result is a delightfully creamy coffee that you can enjoy from the first to the last sip. So whatever you're up to, Now's good for a deliciously creamy NESCAFE Strong Cappuccino. NESCAFE. Make Your World.
Available in 10 sachets per pack or in our value pack of 26 sachets.

We go beyond the cup. We're committed to sustainable sourcing and packaging so our coffee not only tastes good but also does good. Our coffee beans are roasted right here in Australia and 100% sustainably sourced.

We've also made the commitment to convert all of our packaging to 100% recyclable by 2025.

Includes a chocolate shaker.",,,"Per 100g/ml
Per Serving
%DI
Energy
140kJ
210 kJ as prepared
2%
Protein
1g
1.2 g as prepared
2%
Total Fat
1.2g
1.8g
3%
Saturated Fat
1.1g
1.6 g as prepared
7%
Carbohydrate
6.4g
9.6 g as prepared
3%
Sugars
2.6g
3.9 g as prepared
4%
Sodium
41mg
62 mg as prepared
3%
* Percentage Daily Intakes are based on an average adult diet of 8700 kJ. Your daily intakes may be higher or lower depending on your energy needs.",,https://www.coles.com.au/product/nescafe-strong-cappuccino-coffee-sachets-10-pack-5694097,,,2024-06-16T01:29:22.450029-04:00
Ind54SColes_ADrinks_SACoffee_IGrinders Crema Ground Coffee | 200g,Grinders Crema Ground Coffee | 200g,Grinders,Drinks,Coffee,Ground coffee,,,,,,8059608,,,,,,https://www.coles.com.au/product/grinders-crema-ground-coffee-200g-8059608,,,2024-06-16T01:29:31.468602-04:00
Ind54SColes_ADrinks_SACoffee_INescafe Blend 43 Instant Coffee | 50g,Nescafe Blend 43 Instant Coffee | 50g,Nescafe,Drinks,Coffee,Instant Coffee,,$6.50,,,$13.00 per 100g,116220,"Every cup you drink can make a difference. Creating the perfect cup of bold and smooth coffee NESCAFE Blend 43 is proudly made from 100% responsibly sourced coffee beans. We take care & craft in individually roasting our Bold Robusta & Smooth Arabica coffee beans, bringing out their unique flavour & aroma. They are then blended to create the perfect cup. Through using 100% responsibly sourced coffee beans in NESCAFE Blend 43, we are making a difference for coffee farmers, helping to improve their lands and livelihoods.We are making a difference by sourcing 100% renewable electricity and using coffee grounds left over from the brewing process to help power our NESCAFE factory in Gympie, Queensland. What makes a NESCAFE Blend 43 cup of coffee more enjoyable is that every time you enjoy a cup, you are not just enjoying your favourite cup of coffee, you are also making a difference.
Intensity Score: 5 (Medium Roast)

-Roasted and blended in country Queensland, Australia.

-100% of NESCAF BLEND 43 coffee beans are sustainably sourced.

-NESCAF BLEND 43 tin, caps and glass jars are 100% recyclable. Plus, 60% of the energy powering our NESCAF factory comes from renewable energy, including used coffee grounds.

-A 50g Jar is recyclable and makes approx. 29 cups of coffee based on 1.7g per cup. It's the ideal companion for holidays or getaways and will fit nicely on your desk or drawer at work.",,,,100% Natural Coffee Beans. Soluble Coffee.,https://www.coles.com.au/product/nescafe-blend-43-instant-coffee-50g-116220,,,2024-06-16T01:29:40.636851-04:00
Ind54SColes_ADrinks_SA_IVittoria Italian Nespresso Compatible Coffee Capsules | 10 pack,Vittoria Italian Nespresso Compatible Coffee Capsules | 10 pack,Vittoria,Drinks,,,,$4.50,,$7.50,$0.45 per 1ea,3984314,"Vittoria Italian blend is a medium roast of 100% Arabica coffee beans from Central and South America with a balanced body and taste. Italian blend is a milder cup compared to darker roasts like Vittoria Espresso.
100% Arabica - Blend
Best Served: Espresso, With Milk
Tasting Notes: Raisin, Pear, Almond
Origins: Central and South America
Intensity: 11
Compatible with: Nespresso* Original Machines
Australian Made: Our aluminium capsules are roasted and packed locally in Australia for optimal freshness.
By purchasing this product and other Vittoria packs bearing the OzHarvest mark you're helping to eliminate food waste and feed vulnerable Australians. For every kilo of coffee prepared for this pack, Vittoria donates $1 to OzHarvest which enables them to deliver two meals to people in need.
*Nespresso is a trademark of Societe des Produits Nestle SA. Neither that company nor its affiliates have manufactured or endorsed this product in any way and have no association to Vittoria Food & Beverage or the Vittoria Coffee brand. Compatible with Nespresso original machines (not compatible with the Vertuo System).",,,,,https://www.coles.com.au/product/vittoria-italian-nespresso-compatible-coffee-capsules-10-pack-3984314,,,2024-06-16T01:29:49.647604-04:00
Ind54SColes_ADrinks_SACoffee_IStarbucks By Nespresso Dark Espresso Roast Capsules | 10 pack,Starbucks By Nespresso Dark Espresso Roast Capsules | 10 pack,Starbucks,Drinks,Coffee,Capsules,,$7.90,Pick any 3 for $18,,$0.79 per 1ea,3613072,"Every espresso beverage we handcraft for you started right here. The quest began in 1975 with a search for the perfect melding of beans and roast, ending months of intense experimentation later with the coffee you're holding in your hand. A recipe for caramelly sweetness - so right it's never been changed.Years of focus and expertise have led to the Starbucks Roast Spectrum. Each coffee bean requires a unique balance of temperature and time to reach its individual peak of aroma, acidity, body and flavour.Dark Roast: Fuller-bodied and bold, our dark-roast coffees feature robust flavours and the characteristic essence of an intense roast.Enjoy Starbucks at home. The coffee you love without leaving the house.Coffee capsules for Nespresso coffee machines.Rich & Caramelly notes. Intense and caramelly sweet, this coffee is at the heart of our handcrafted latte.Intensity: 10Cup Recommendation: Espresso (40ml)Committed to 100% Ethical Coffee Sourcing in partnership with Conservation International.For NESPRESSO Machines.
- STARBUCKS coffee Pods by NESPRESSO with rich & caramelly notes

- Intensity: 11

- Intense and caramelly sweet, this coffee is at the heart of our handcrafted latte

- Coffee Pods compatible with NESPRESSO coffee machines

- Enjoy STARBUCKS at home. The coffee you love without leaving the house

- Committed to 100% Ethical Coffee Sourcing in partnership with Conservation International.",,,,Contents: 10 Capsules of Roast and Ground Coffee for the Nespresso System. 100% Arabica,https://www.coles.com.au/product/starbucks-by-nespresso-dark-espresso-roast-capsules-10-pack-3613072,,,2024-06-16T01:29:58.536103-04:00
Ind54SColes_ADrinks_SACoffee_ILavazza Delizioso A Modo Mio Coffee Pods | 16 pack,Lavazza Delizioso A Modo Mio Coffee Pods | 16 pack,Lavazza,Drinks,Coffee,Capsules,,$12.50,,,$0.78 per 1ea,1774194,"A Modo Mio Delizioso delights with a floral bouquet, sweet aftertaste and aromatic, slightly liqueur-like flavour notes.

Made for Lavazza A Modo Mio machines, Delizioso is a blend of Brazilian Arabica coffees, with an aroma of white grapes and notes of dried fruits, skilfully combined with sweet flowery Indian Arabica in a delicate roast.
Intensity: 8/13
Aroma: Smooth Floral Notes
Roast: Medium
Blend: 100% Arabica
Origin: India & Greater Asia",,,,100% Ground Coffee,https://www.coles.com.au/product/lavazza-delizioso-a-modo-mio-coffee-pods-16-pack-1774194,,,2024-06-16T01:30:09.142936-04:00
Ind54SColes_ADrinks_SACoffee_IDC Coffee Beans Darkness | 250g,DC Coffee Beans Darkness | 250g,DC,Drinks,Coffee,Coffee beans,,$8.00,,$10.00,$3.20 per 100g,3354746,,,,,,https://www.coles.com.au/product/dc-coffee-beans-darkness-250g-3354746,,,2024-06-16T01:30:18.579250-04:00
Ind54SColes_ADrinks_SA_IL'OR Espresso Lungo Profondo Intensity 8 Coffee Capsules 52g | 10 pack,L'OR Espresso Lungo Profondo Intensity 8 Coffee Capsules 52g | 10 pack,LOR,Drinks,,,,$5.50,,$7.50,$0.55 per 1ea,2951047,"A journey of taste from start to finish with a medium roast taken right to the edge of dark. Deeper hints of chocolate and nuts, then light toasty notes, contrasted with soft fruitiness. A lingering, distinct aftertaste keeps you yearning for more.

Blended by L'OR Coffee Artists
Toasty, fruity and distinct ground coffee in single-dose capsules
Ideal preparation is espresso (40mL)
Compatible with L'OR Barista and Nespresso* original coffee machines
100% Rainforest Alliance certified coffee beans
100% recyclable capsules via partnership with Terracycle",,,,,https://www.coles.com.au/product/l'or-espresso-lungo-profondo-intensity-8-coffee-capsules-52g-10-pack-2951047,,,2024-06-16T01:30:27.962330-04:00
Ind54SColes_ADrinks_SACoffee_IVittoria Mountain Grown Ground Coffee | 1kg,Vittoria Mountain Grown Ground Coffee | 1kg,Vittoria,Drinks,Coffee,Ground coffee,,$22.00,,$44.00,$2.20 per 100g,9180375,"One of Vittoria's premium blends, Mountain Grown is a full-strength coffee with a full rich flavour and a delicate finish. A 100% premium Arabica blend of high-altitude coffee beans gives a fine espresso taste whether served as an espresso or with milk.
Blend: 100% Arabica
Roast: Dark
Origins: Central and South America
Tasting Notes: Caramel, Dark chocolate, Smokey, Toasty
Best brewed with: Filter machines, stove top brewers, plungers & pour overs",,,,,https://www.coles.com.au/product/vittoria-mountain-grown-ground-coffee-1kg-9180375,,,2024-06-16T01:30:37.041092-04:00
Ind54SColes_ADrinks_SACoffee_IMoccona Indulgence Speciality Blend Coffee | 200g,Moccona Indulgence Speciality Blend Coffee | 200g,Moccona,Drinks,Coffee,Instant Coffee,,$13.50,,$20.50,$6.75 per 100g,3232465,"A blend of choice specialty 100% Arabica beans have been selected to give Moccona Indulgence a full-bodied and velvety flavour.
Indulgence is a dark roasted the most indulgent coffee experience.
At Moccona, we care about coffee, the people who grow it and the planet it comes from. Working together with our preferred partners like UTZ Certified, we help farmers prosper and help to preserve the environment.
Freeze Dried Instant Coffee.
8.",,,,100% Coffee Beans.,https://www.coles.com.au/product/moccona-indulgence-speciality-blend-coffee-200g-3232465,,,2024-06-16T01:30:47.300217-04:00
Ind54SColes_ADrinks_SACoffee_IVittoria Nespresso Compatible Capsules Variety Pack | 40 pack,Vittoria Nespresso Compatible Capsules Variety Pack | 40 pack,Vittoria,Drinks,Coffee,Capsules,,$21.00,,,$0.53 per 1ea,6345050,"Vittoria's Extra Strong Variety Pack is a collection of our strongest 100% Arabica capsule blends, including Italian, Latte, Mountain Grown and Espresso.",,,,,https://www.coles.com.au/product/vittoria-nespresso-compatible-capsules-variety-pack-40-pack-6345050,,,2024-06-16T01:30:56.168447-04:00
Ind54SColes_ADrinks_SACoffee_IVittoria Espresso Decaffeinated Ground Coffee | 200g,Vittoria Espresso Decaffeinated Ground Coffee | 200g,Vittoria,Drinks,Coffee,Ground coffee,,$8.80,,$12.00,$4.40 per 100g,91549,"This 100% Arabica coffee blend is decaffeinated naturally without chemicals using the Water Decaffeination process. The sweet aroma and medium body gives this coffee an excellent espresso flavour.
99.9% caffeine free and 100% chemical-free.
Blend: 100% Arabica
Roast: Medium to Dark
Tasting Notes: Delivers a rich full flavoursome cup, reminiscent of an Italian espresso
Best brewed with: Filter machines, stove top brewers, plungers & pour overs",,,,,https://www.coles.com.au/product/vittoria-espresso-decaffeinated-ground-coffee-200g-91549,,,2024-06-16T01:31:05.261376-04:00
Ind54SColes_ADrinks_SACoffee_IStarbucks By Nespresso Blonde Espresso Roast Capsules | 10 pack,Starbucks By Nespresso Blonde Espresso Roast Capsules | 10 pack,Starbucks,Drinks,Coffee,Capsules,,$7.90,Pick any 3 for $18,,$0.79 per 1ea,3613061,"Nearly five decades of sourcing, blending and roasting brought us here: a second espresso that's boldly mellow. This special blend of beans from Latin America was carefully roasted to coax out sweet, vibrant notes. Soft and balanced, it highlights milk's sweeter side, making classic espresso drinks extra smooth without a roasty edge.Years of focus and expertise have led to the Starbucks Roast Spectrum. Each coffee bean requires a unique balance of temperature and time to reach its individual peak of aroma, acidity, body and flavour.Blonde Roast: Lighter-bodied and mellow, Starbucks blonde-roast coffees awaken the senses gently and deliver an approachable and flavourful cup with slight hints of light roast.Enjoy Starbucks at home. The coffee you love without leaving the house.Coffee capsules for Nespresso coffee machines.Smooth & sweet notes. Soft and mellow flavour, this is our lightest espresso roast.Intensity: 6Cup Recommendation: Lungo (110ml)Committed to 100% Ethical Coffee Sourcing in partnership with Conservation International.For NESPRESSO Machines.
- STARBUCKS coffee Pods by NESPRESSO with smooth & sweet notes

- Intensity: 6

- Soft and mellow flavour, this is our lightest espresso roast

- Coffee Pods compatible with NESPRESSO coffee machines

- Enjoy STARBUCKS at home. The coffee you love without leaving the house

- This special blend of beans from Latin America was carefully roasted to bring out sweet, vibrant notes.

- Committed to 100% Ethical Coffee Sourcing in partnership with Conservation International.",,,,100% Arabica,https://www.coles.com.au/product/starbucks-by-nespresso-blonde-espresso-roast-capsules-10-pack-3613061,,,2024-06-16T01:31:15.420766-04:00
Ind54SColes_ADrinks_SACoffee_IDaley Street Intense Aluminium Nespresso Compatible Coffee Capsules | 10 pack,Daley Street Intense Aluminium Nespresso Compatible Coffee Capsules | 10 pack,Daley Street,Drinks,Coffee,Capsules,,$5.00,,,$0.50 per 1ea,3928663,"IN THE HEART OF INNER-CITY PRESTON, OUR MELBOURNE ROASTERS HAVE TAKEN THEIR PASSION FOR COFFEE TO DEVELOP A SUSTAINABLE, SPECIALTY BLEND.MADE WITH QUALITY COLOMBIAN ARABICA & VIETNAMESE ROBUSTA BEANS, DALEY ST IS READY FOR YOU TO SAVOUR AT HOME.",,,,,https://www.coles.com.au/product/daley-street-intense-aluminium-nespresso-compatible-coffee-capsules-10-pack-3928663,,,2024-06-16T01:31:24.933711-04:00
Ind54SColes_ADrinks_SACoffee_INescafe Blend 43 Instant Coffee | 150g,Nescafe Blend 43 Instant Coffee | 150g,Nescafe,Drinks,Coffee,Instant Coffee,,$5.75,,$11.50,$3.83 per 100g,116322,"Every cup you drink can make a difference. Creating the perfect cup of bold and smooth coffee NESCAFE Blend 43 is proudly made from 100% responsibly sourced coffee beans. We take care & craft in individually roasting our Bold Robusta & Smooth Arabica coffee beans, bringing out their unique flavour & aroma. They are then blended to create the perfect cup. Through using 100% responsibly sourced coffee beans in NESCAFE Blend 43, we are making a difference for coffee farmers, helping to improve their lands and livelihoods.We are making a difference by sourcing 100% renewable electricity and using coffee grounds left over from the brewing process to help power our NESCAFE factory in Gympie, Queensland. What makes a NESCAFE Blend 43 cup of coffee more enjoyable is that every time you enjoy a cup, you are not just enjoying your favourite cup of coffee, you are also making a difference.
Intensity Score: 5 (Medium Roast)

The team at NESCAF knows how Australians like coffee and that is why NESCAF BLEND 43 is roasted and blended right here in country Queensland, Australia.

NESCAF work closely with farmers and communities to ensure the best tasting coffee made with care and respect, which means 100% of NESCAF BLEND 43 coffee beans are sustainably sourced.

NESCAF BLEND 43 tin, caps and glass jars are 100% recyclable. Plus, 60% of the energy powering our NESCAF factory comes from renewable energy, including used coffee grounds.

A 150g Jar is recyclable and makes approx. 88 cups of coffee based on 1.7g per cup. It's perfect for smaller households and the ideal companion for holidays or getaways. This perfect blend of coffee is great for a quick recharge to keep you energised during a busy schedule.",,,,100% Natural Coffee Beans. Soluble Coffee.,https://www.coles.com.au/product/nescafe-blend-43-instant-coffee-150g-116322,,,2024-06-16T01:31:35.226883-04:00
Ind54SColes_ADrinks_SACoffee_IInternational Roast Instant Coffee | 500g,International Roast Instant Coffee | 500g,International Roast,Drinks,Coffee,Instant Coffee,,$14.00,,,$2.80 per 100g,340246,"INTERNATIONAL ROAST delivers a smooth, satisfying taste in every cup. A beloved coffee enjoyed over the generations, Nestle International Roast Coffee is made from quality coffee beans creating a smooth and satisfying taste. This special blend is perfect drunk white or black, or served with frothed milk and a dusting of cocoa for a cafe style treat. This iconic blend is made in Australia from 100% natural quality coffee beans. 500g makes up approximately 333 cups based on 1.5g per cup.",,,,,https://www.coles.com.au/product/international-roast-instant-coffee-500g-340246,,,2024-06-16T01:31:44.879655-04:00
Ind54SColes_ADrinks_SACoffee_IJed's No.3 Strong Ground Coffee | 200g,Jed's No.3 Strong Ground Coffee | 200g,Jeds,Drinks,Coffee,Ground coffee,,$7.00,,$10.00,$3.50 per 100g,6314362,"Here at Jed's, we love coffee, and we want you to love coffee too! That's why we source high quality beans from Brazil, India and Tanzania and batch roast locally in Sydney on a drum roaster. To give you the ultimate flavour experience and ensure freshness, Jed's coffee is roasted weekly and nitro flushed. Jed's blends range from medium to dark roast and are suitable for milk and milk alternative drinks so you can enjoy a cappuccino, flat white, latte or mocha.
Medium-dark roast colour with chocolate flavour. Rich in taste

Made from Brazil, India & Tanzania beans

Roasted in Sydney on a drum roaster

Coffee is nitro flushed

Suitable for milk & milk alternative drinks

Packaging is 100% recyclable via Redcycle.",,,,,https://www.coles.com.au/product/jed's-no.3-strong-ground-coffee-200g-6314362,,,2024-06-16T01:31:54.079523-04:00
Ind54SColes_ADrinks_SACoffee_ILavazza Intenso A Modo Mio Coffee Pods | 120g,Lavazza Intenso A Modo Mio Coffee Pods | 120g,Lavazza,Drinks,Coffee,Capsules,,$12.50,,,$0.78 per 1ea,2268810,"Lavazza A Modo Mio Intenso Coffee Capsule is self-protected and vacuum-packed. Selected blend, medium roasted and ground to perfection. Each capsule contains up to 7.5 grams of coffee, the ideal quantity for an espresso. The coffee pressing is perfect like at the bar. Optimum pressure of the water guarantees creaminess. Slow extraction maximises flavours. Intenso is from Central and South American Arabica and Asian and African Robusta, the eastern scent of an espresso with a decisive, full-bodied taste with spiced notes and long-lasting aftertaste. Persuasive intensity. Blend with the long-lasting aftertaste and spiced aromas, also suitable for preparations with milk. This light cream and golden colour coffee capsule have a lingering and spiced taste with intense notes of cocoa and spices. Comes in a case of 6, each contains 16 coffee capsules. Intensity: 13 Very Intense.
- Single-dose capsules of ground coffee with balanced taste
- Selected blend, roasted and ground to perfection
- Each capsule contains up to 7.5 grams of coffee, the ideal quantity for an espresso
- Optimum pressure of the water guarantees creaminess
- Capsule is self-protected and vacuum-packed",,,,,https://www.coles.com.au/product/lavazza-intenso-a-modo-mio-coffee-pods-120g-2268810,,,2024-06-16T01:32:02.995253-04:00
Ind54SColes_ADrinks_SACoffee_INescafe Coffee Sachets Latte | 10 pack,Nescafe Coffee Sachets Latte | 10 pack,Nescafe,Drinks,Coffee,Coffee mixes,,$7.60,,,$0.76 per 1ea,4156883,"An enjoyable break from the 9-5, you can treat yourself at any time with NESCAFE Latte. With a delectable layer of velvety froth and quality coffee, enjoy a cafe style creamy latte and treat yourself at any time in the comfort of your own home. All you need to do is add hot water and give it a good stir. The result is a delightfully creamy coffee that you can enjoy from the first to the last sip. So whatever you're up to, Now's good for a deliciously creamy NESCAFE Latte. If you love this, try the rest of our delicious range, or if you're feeling guilty, try our 98% Sugar Free Latte Sachets 10 pack.
Available in 10 sachets per pack.

We go beyond the cup. We're committed to sustainable sourcing and packaging so our coffee not only tastes good but also does good. Our coffee beans are roasted right here in Australia and 100% sustainably sourced.

We've also made the commitment to convert all of our packaging to 100% recyclable by 2025.",,,"Per 100g/ml
Per Serving
%DI
Energy
180 kJ
270 kJ As Prepared
3%
Protein
1 g
1 g As Prepared
1%
Total Fat
1.9 g
4%
Saturated Fat
1.8 g
2.6 g As Prepared
4%
Carbohydrate
6.9 g
10.3 g As Prepared
3%
Sugars
2.4 g
3.6 g As Prepared
4%
Sodium
55 mg
80 mg As Prepared
4%
* Percentage Daily Intakes are based on an average adult diet of 8700 kJ. Your daily intakes may be higher or lower depending on your energy needs.",,https://www.coles.com.au/product/nescafe-coffee-sachets-latte-10-pack-4156883,,,2024-06-16T01:32:14.511700-04:00
Ind54SColes_ADrinks_SACoffee_IVittoria Espresso Coffee Beans | 1kg,Vittoria Espresso Coffee Beans | 1kg,Vittoria,Drinks,Coffee,Coffee beans,,$22.00,,$37.00,$2.20 per 100g,9184897,"Vittoria's original and iconic blend, Espresso has remained unchanged for over 50 years. This blend of 100% Arabica coffee beans is darkly roasted to deliver the strong flavour of traditional Italian espresso.
Blend: 100% Arabica
Roast: Medium to Dark
Origins: Central and South America
Tasting Notes: Honey, Toasty
Best Served as: Enjoy as an espresso or with milk",,,,,https://www.coles.com.au/product/vittoria-espresso-coffee-beans-1kg-9184897,,,2024-06-16T01:32:24.041229-04:00
Ind54SColes_ADrinks_SACoffee_ILavazza Tales Of Italy Alluring Napoli Premium Coffee Beans | 500g,Lavazza Tales Of Italy Alluring Napoli Premium Coffee Beans | 500g,Lavazza,Drinks,Coffee,Coffee beans,,$25.00,,,$5.00 per 100g,6277834,"Explore the coffee stories of the most iconic and authentic Italian cities.

Roasted right here in Australia, Lavazza Alluring Napoli is a superior blend composed of Brazilian Arabica and prestigious Robusta Conillon, distinguished by the intensity of a long roast and notes of toasted cereals and caramel.

Intensity: 7/10
Aroma: Chocolate & Caramel
Roast: Dark
Blend: Brazilian Arabica & Prestigious Robusta Conillon
Origin: South America",,,,,https://www.coles.com.au/product/lavazza-tales-of-italy-alluring-napoli-premium-coffee-beans-500g-6277834,,,2024-06-16T01:32:33.949538-04:00
Ind54SColes_ADrinks_SACoffee_IJed's No.X Extreme Ground Coffee | 200g,Jed's No.X Extreme Ground Coffee | 200g,Jeds,Drinks,Coffee,Ground coffee,,$7.00,,$10.00,$3.50 per 100g,6314522,"Here at Jed's, we love coffee, and we want you to love coffee too! That's why we source high quality beans from Brazil, India and Tanzania and batch roast locally in Sydney on a drum roaster. To give you the ultimate flavour experience and ensure freshness, Jed's coffee is roasted weekly and nitro flushed. Jed's blends range from medium to dark roast and are suitable for milk and milk alternative drinks so you can enjoy a cappuccino, flat white, latte or mocha.
Intense, smoky cocoa notes without the bitterness. Full bodied

Made from Brazil, India & Tanzania beans

Roasted in Sydney on a drum roaster

Coffee is nitro flushed

Suitable for milk & milk alternative drinks

Packaging is 100% recyclable via Redcycle.",,,,,https://www.coles.com.au/product/jed's-no.x-extreme-ground-coffee-200g-6314522,,,2024-06-16T01:32:43.500385-04:00
Ind54SColes_ADrinks_SA_IDaley Street Freeze Dried Instant Coffee | 100g,Daley Street Freeze Dried Instant Coffee | 100g,Daley Street,Drinks,,,,$9.00,,,$9.00 per 100g,6495391,,,,,,https://www.coles.com.au/product/daley-street-freeze-dried-instant-coffee-100g-6495391,,,2024-06-16T09:17:00.737353-04:00
Ind54SColes_ADrinks_SACoffee_IDaley Street Medium Coffee Ground | 200g,Daley Street Medium Coffee Ground | 200g,Daley Street,Drinks,Coffee,Ground coffee,,$9.00,,,$4.50 per 100g,3752590,Daley StPROUDLY DEVELOPED & ROASTED IN PRESTON MELBOURNEMedium RoastGroundStrong 10COLOMBIAN & KENYAN ARABICA BEANSDELIVER NOTES OF CHOCOLATE - LIQUORICE TOFFEE,,,,INGREDIENTS: Roast and Ground Coffee^.,https://www.coles.com.au/product/daley-street-medium-coffee-ground-200g-3752590,,,2024-06-16T09:17:11.330545-04:00
Ind54SColes_ADrinks_SACoffee_IVittoria Freeze Dried Classic Instant Coffee | 400g,Vittoria Freeze Dried Classic Instant Coffee | 400g,Vittoria,Drinks,Coffee,Instant Coffee,,$37.00,Pick any 2 for $36,,$9.25 per 100g,4824030,"Original Classic is a blend that has been designed for everyday enjoyment. This 100% Arabica freeze dried blend delivers a full-bodied, smooth cup with an intense aroma.",,,,100% Arabica Freeze Dried Instant Coffee,https://www.coles.com.au/product/vittoria-freeze-dried-classic-instant-coffee-400g-4824030,,,2024-06-16T09:17:20.101961-04:00
Ind54SColes_ADrinks_SACoffee_ILavazza Qualita Oro A Modo Mio Coffee Pods | 16 pack,Lavazza Qualita Oro A Modo Mio Coffee Pods | 16 pack,Lavazza,Drinks,Coffee,Capsules,,,,,,8087670,,,,,,https://www.coles.com.au/product/lavazza-qualita-oro-a-modo-mio-coffee-pods-16-pack-8087670,,,2024-06-16T09:17:28.773348-04:00
Ind54SColes_ADrinks_SACoffee_ICaffe Aurora Espressotoria Italian Coffee Capsules | 12 pack,Caffe Aurora Espressotoria Italian Coffee Capsules | 12 pack,Caffe Aurora,Drinks,Coffee,Capsules,,$5.00,,,$0.42 per 1ea,1825874,"Caffe Aurora Italian Coffee Capsules compatible with Espressotoria System coffee capsule machines.
Boasting a strong, well-rounded flavour, Caffe Aurora Italian Blend is a dark roast that has been expertly crafted with the traditional espresso drinker in mind. Caffe Aurora Italian blend is an intense, full-bodied cup producing an authentic Italian-style coffee.",,,,,https://www.coles.com.au/product/caffe-aurora-espressotoria-italian-coffee-capsules-12-pack-1825874,,,2024-06-16T09:17:37.551876-04:00
Ind54SColes_ADrinks_SACoffee_IL'or Mocha Coffee | 250g,L'or Mocha Coffee | 250g,Lor,Drinks,Coffee,Coffee mixes,,,,,,8057690,"Experience a luxurious and indulgent moment to awaken your senses.

L'OR Mocha is a rich and aromatic blend of coffee and cocoa.

Preperation Instructions:
Add 3-4 teaspoons to your favourite mug
Stir as your pour in 170ml of hot, not boiling water
Stir well and enjoy
Premium indulgent coffee

Smooth and indulgent coffee

15 serves per tin

Ideal preparation is with 170 ml of hot water

Reycable tin and lid",,,,,https://www.coles.com.au/product/l'or-mocha-coffee-250g-8057690,,,2024-06-16T09:17:46.276537-04:00
Ind54SColes_ADrinks_SACoffee_IMoccona Hazelnut Flavour Infused Instant Coffee | 95g,Moccona Hazelnut Flavour Infused Instant Coffee | 95g,Moccona,Drinks,Coffee,Instant Coffee,,$11.50,,,$12.11 per 100g,9928859,Moscone Coffee Hazelnut Experience a more indulgent coffee moment with a delicious hint of natural flavour.,,,,"Coffee Beans, Natural Flavouring.",https://www.coles.com.au/product/moccona-hazelnut-flavour-infused-instant-coffee-95g-9928859,,,2024-06-16T09:17:55.063259-04:00
Ind54SColes_ADrinks_SA_INescafe Roastery Dark Roast | 95g,Nescafe Roastery Dark Roast | 95g,Nescafe,Drinks,,,,,,,,8055516,,,,,,https://www.coles.com.au/product/nescafe-roastery-dark-roast-95g-8055516,,,2024-06-16T09:18:03.587656-04:00
Ind54SColes_ADrinks_SABeverages_IVittoria Decaf Nespresso Compatible Capsules | 20 pack,Vittoria Decaf Nespresso Compatible Capsules | 20 pack,Vittoria,Drinks,Beverages,Coffee & tea,,$9.00,,,"$0.45 per 1ea
Was $13.00 on Apr 2024",6344920,"Decaffeinated using a natural water process, this 100% Arabica blend has a sweet aroma and medium body with an authentic Italian espresso flavour.
Best Served: Espresso, With Milk
Tasting Notes: Grape, Winey
Intensity: 13
Compatible with: Nespresso* Original Machines
Australian Made: Our aluminium capsules are roasted and packed locally in Australia for optimal freshness.
By purchasing this product and other Vittoria packs bearing the OzHarvest mark you're helping to eliminate food waste and feed vulnerable Australians. For every kilo of coffee prepared for this pack, Vittoria donates $1 to OzHarvest which enables them to deliver two meals to people in need.
*Nespresso is a trademark of Societe des Produits Nestle SA. Neither that company nor its affiliates have manufactured or endorsed this product in any way and have no association to Vittoria Food & Beverage or the Vittoria Coffee brand. Compatible with Nespresso original machines (not compatible with the Vertuo System).",,,,,https://www.coles.com.au/product/vittoria-decaf-nespresso-compatible-capsules-20-pack-6344920,,,2024-06-16T09:18:12.419042-04:00
Ind54SColes_ADrinks_SACoffee_IMoccona Indulgence Speciality Blend Coffee | 200g,Moccona Indulgence Speciality Blend Coffee | 200g,Moccona,Drinks,Coffee,Instant Coffee,,$13.50,,$20.50,$6.75 per 100g,3232465,"A blend of choice specialty 100% Arabica beans have been selected to give Moccona Indulgence a full-bodied and velvety flavour.
Indulgence is a dark roasted the most indulgent coffee experience.
At Moccona, we care about coffee, the people who grow it and the planet it comes from. Working together with our preferred partners like UTZ Certified, we help farmers prosper and help to preserve the environment.
Freeze Dried Instant Coffee.
8.",,,,100% Coffee Beans.,https://www.coles.com.au/product/moccona-indulgence-speciality-blend-coffee-200g-3232465,,,2024-06-16T09:18:21.290469-04:00
Ind54SColes_ADrinks_SACoffee_INescafe Dolce Gusto Capsules Flat White | 16 pack,Nescafe Dolce Gusto Capsules Flat White | 16 pack,Nescafe,Drinks,Coffee,Capsules,,,,,,3208085,"Inspired by the most velvety signature-cup in Australia.

Born in the stylish coffee shops of Australia and New Zealand, the Flat White earned its reputation thanks to the fine milk so skilfully prepared by baristas and then carefully poured into a bold Espresso, creating a uniquely mellow texture with marbled, nut-coloured foam. Discover our smooth Flat White in the comfort of own home and fall for its delicious, sweet caramelly notes. 

A wide choice of coffee creations and more!

Whether you like your coffee short or long, smooth or intense, black or white, we have it all for you to find your favourite.

More creations:
dolce-gusto.com
Our talented coffee creators have combined the intensity of Arabica and Robusta coffee with the soft creaminess of milk to create a harmonious and balanced cup, with caramel notes, toasted cereal undertones and round texture.

Discover our creamy Flat White in the comfort of your own home and fall for its delicious, sweet caramelly notes.

The box contains 16 capsules designed for NESCAF DOLCE GUSTO capsule coffee machines for you to prepare 16 cups of Flat White.

Our expertise is creating great-looking, great-tasting coffee. The team at NESCAF DOLCE GUSTO has joined forces with TerraCycle, to collect and recycle your used capsules, preventing them from ending up in landfill and giving the capsule materials a second life!

The team at NESCAF DOLCE GUSTO has joined forces with TerraCycle, to collect and recycle your used capsules, preventing them from ending up in landfill and giving the capsule materials a second life!",,,"Per 100g/ml
Per Serving
%DI
Energy
115kJ
210kJ
Protein
1.3g
2.3g
5%*
Total Fat
1.3g
2.3g
3%*
Saturated Fat
0.8g
1.4g
6%*
Carbohydrate
2.4g
4.3g
1%*
Sugars
2.2g
3.9g
4%*
Sodium
20mg
36mg
2%*
Energy (Cal)
28kcal
50kcal
2%*
Dietary Fibre (total)
0.3g
0.5g
2%*
* Percentage Daily Intakes are based on an average adult diet of 8700 kJ. Your daily intakes may be higher or lower depending on your energy needs.",,https://www.coles.com.au/product/nescafe-dolce-gusto-capsules-flat-white-16-pack-3208085,,,2024-06-16T09:18:31.918426-04:00
Ind54SColes_ADrinks_SACoffee_IDaley Street Intese / Extreme Aluminium Nespresso Compatible Coffee Capsules | 10 pack,Daley Street Intese / Extreme Aluminium Nespresso Compatible Coffee Capsules | 10 pack,Daley Street,Drinks,Coffee,Capsules,,$5.00,,,$0.50 per 1ea,4782100,"IN THE HEART OF INNER-CITY PRESTON, OUR MELBOURNE ROASTERS HAVE TAKEN THEIR PASSION FOR COFFEE TO DEVELOP A SUSTAINABLE, SPECIALTY BLEND. MADE WITH QUALITY COLUMBIAN, BRAZILIAN ARABICA, & VIETNAMESE ROBUSTA BEANS, DALEY ST IS READY FOR YOU TO SAVOUR AT HOME.",,,,,https://www.coles.com.au/product/daley-street-intese-extreme-aluminium-nespresso-compatible-coffee-capsules-10-pack-4782100,,,2024-06-16T09:18:40.547571-04:00
Ind54SColes_ADrinks_SACoffee_ILavazza Passionale A Modo Mio Coffee Pods | 120g,Lavazza Passionale A Modo Mio Coffee Pods | 120g,Lavazza,Drinks,Coffee,Capsules,,$12.50,,,$0.78 per 1ea,1774208,"A Modo Mio Passionale delights with a smoky and slightly caramelised flavour that will delight your senses.

Made for Lavazza A Modo Mio machines, Passionale is a blend of Brazilian Arabica beans, with full-bodied notes of dried fruits, fused with those of India with their intense sweet aromas, rich deep roast giving a deeply balanced and full, slightly caramelised flavour, rich in smoky toasted notes.

Intensity: 11/13
Aroma: Caramel & Chocolate
Roast: Dark
Blend: 100% Arabica
Origin: Brazil & India",,,,100% Ground Coffee,https://www.coles.com.au/product/lavazza-passionale-a-modo-mio-coffee-pods-120g-1774208,,,2024-06-16T09:18:49.603225-04:00
Ind54SColes_ADrinks_SACoffee_IVittoria Mountain Grown Blend Coffee Bags | 20 pack,Vittoria Mountain Grown Blend Coffee Bags | 20 pack,Vittoria,Drinks,Coffee,Instant Coffee,,$7.50,,$12.50,$0.38 per 1ea,3988643,"A full-strength coffee with a rich flavour and a delicate finish, Mountain Grown is a premium blend of high altitude 100% Arabica beans delivering a fine, full-bodied cup.
For over 60 years, our ambition has been to provide Australians with the finest coffee in any format they choose. That's why our convenient, single-serve coffee bags contain only 100% Arabica coffee to produce the flavour and aroma you would expect from a barista made coffee.
Tasting notes: Honey, Toasty",,,,,https://www.coles.com.au/product/vittoria-mountain-grown-blend-coffee-bags-20-pack-3988643,,,2024-06-16T09:18:58.197424-04:00
Ind54SColes_ADrinks_SA_IJed's No.X Extreme Coffee Beans | 1kg,Jed's No.X Extreme Coffee Beans | 1kg,Jeds,Drinks,,,,$21.50,,,"$2.15 per 100g
Was $36.00 on Apr 2024",6314227,"Here at Jed's, we love coffee, and we want you to love coffee too! That's why we source high quality beans from Brazil, India and Tanzania and batch roast locally in Sydney on a drum roaster. To give you the ultimate flavour experience and ensure freshness, Jed's coffee is roasted weekly and nitro flushed. Jed's blends range from medium to dark roast and are suitable for milk and milk alternative drinks so you can enjoy a cappuccino, flat white, latte or mocha.
Intense, smoky cocoa notes without the bitterness. Full bodied

Made from Brazil, India & Tanzania beans

Roasted in Sydney on a drum roaster

Coffee is nitro flushed

Suitable for milk & milk alternative drinks

Packaging is 100% recyclable via Redcycle.",,,,,https://www.coles.com.au/product/jed's-no.x-extreme-coffee-beans-1kg-6314227,,,2024-06-16T09:19:08.316190-04:00
Ind54SColes_ADrinks_SACoffee_INescafe Hazelnut Latte Coffee Sachets | 26 pack,Nescafe Hazelnut Latte Coffee Sachets | 26 pack,Nescafe,Drinks,Coffee,Coffee mixes,,$11.00,,,$0.42 per 1ea,4156861,"Have a little something for yourself and enjoy a special moment of coffee delight and flavours of freshly roasted hazelnuts with NESCAFE Hazelnut Latte. With a delectable layer of velvety froth and quality coffee, enjoy a cafe style creamy hazelnut latte and treat yourself at any time in the comfort of your own home. All you need to do is add hot water and give it a good stir. The result is a delightfully creamy coffee that you can enjoy from the first to the last sip. So whatever you're up to, Now's good for a deliciously creamy NESCAFE Hazelnut Latte. NESCAFE. Make Your World.
Available in 10 sachets per pack or in our value pack of 26 sachets.

We go beyond the cup. We're committed to sustainable sourcing and packaging so our coffee not only tastes good but also does good. Our coffee beans are roasted right here in Australia and 100% sustainably sourced.

We've also made the commitment to convert all of our packaging to 100% recyclable by 2025.",,,"Per 100g/ml
Per Serving
%DI
Energy
210kJ
320 kJ as prepared
4%
Protein
1g
1 g as prepared
1%
Total Fat
1.5g
2.2 g As Prepared
3%
Saturated Fat
1.3g
2 g as prepared
8%
Carbohydrate
9.5g
14.3 g as prepared
5%
Sugars
6.1g
9.1 g as prepared
10%
Sodium
52mg
78 mg as prepared
3%
* Percentage Daily Intakes are based on an average adult diet of 8700 kJ. Your daily intakes may be higher or lower depending on your energy needs.",,https://www.coles.com.au/product/nescafe-hazelnut-latte-coffee-sachets-26-pack-4156861,,,2024-06-16T09:19:20.533252-04:00
Ind54SColes_ADrinks_SACoffee_INescafe Blend 43 Instant Coffee | 150g,Nescafe Blend 43 Instant Coffee | 150g,Nescafe,Drinks,Coffee,Instant Coffee,,$5.75,,$11.50,$3.83 per 100g,116322,"Every cup you drink can make a difference. Creating the perfect cup of bold and smooth coffee NESCAFE Blend 43 is proudly made from 100% responsibly sourced coffee beans. We take care & craft in individually roasting our Bold Robusta & Smooth Arabica coffee beans, bringing out their unique flavour & aroma. They are then blended to create the perfect cup. Through using 100% responsibly sourced coffee beans in NESCAFE Blend 43, we are making a difference for coffee farmers, helping to improve their lands and livelihoods.We are making a difference by sourcing 100% renewable electricity and using coffee grounds left over from the brewing process to help power our NESCAFE factory in Gympie, Queensland. What makes a NESCAFE Blend 43 cup of coffee more enjoyable is that every time you enjoy a cup, you are not just enjoying your favourite cup of coffee, you are also making a difference.
Intensity Score: 5 (Medium Roast)

The team at NESCAF knows how Australians like coffee and that is why NESCAF BLEND 43 is roasted and blended right here in country Queensland, Australia.

NESCAF work closely with farmers and communities to ensure the best tasting coffee made with care and respect, which means 100% of NESCAF BLEND 43 coffee beans are sustainably sourced.

NESCAF BLEND 43 tin, caps and glass jars are 100% recyclable. Plus, 60% of the energy powering our NESCAF factory comes from renewable energy, including used coffee grounds.

A 150g Jar is recyclable and makes approx. 88 cups of coffee based on 1.7g per cup. It's perfect for smaller households and the ideal companion for holidays or getaways. This perfect blend of coffee is great for a quick recharge to keep you energised during a busy schedule.",,,,100% Natural Coffee Beans. Soluble Coffee.,https://www.coles.com.au/product/nescafe-blend-43-instant-coffee-150g-116322,,,2024-06-16T09:19:29.367265-04:00
Ind54SColes_ADrinks_SACoffee_IGrinders Organic Coffee Beans | 1kg,Grinders Organic Coffee Beans | 1kg,Grinders,Drinks,Coffee,Coffee beans,,$37.00,,,$3.70 per 100g,3516054,,,,,,https://www.coles.com.au/product/grinders-organic-coffee-beans-1kg-3516054,,,2024-06-16T09:19:38.144807-04:00
Ind54SColes_ADrinks_SABeverages_IRepublica Organic South American Medium Roast Freeze Dried Instant Coffee | 100g,Republica Organic South American Medium Roast Freeze Dried Instant Coffee | 100g,Republica Organic,Drinks,Beverages,Coffee & tea,,$9.50,,,"$9.50 per 100g
Was $12.00 on May 2024",8649077,"Move Mountains
But First... Coffee
Good things aren't just for those who wait, get great coffee - instantly. With a rich caramel aroma and velvety smooth finish, it's obvious why Republica's South American blend was selected as Australia's best tasting instant coffee*.
*As judged by Good Food 2020.",,,,,https://www.coles.com.au/product/republica-organic-south-american-medium-roast-freeze-dried-instant-coffee-100g-8649077,,,2024-06-16T09:19:46.918454-04:00
Ind54SColes_ADrinks_SACoffee_ILavazza Decaffeinated Ground Coffee Medium Roast | 250g,Lavazza Decaffeinated Ground Coffee Medium Roast | 250g,Lavazza,Drinks,Coffee,Ground coffee,,$7.70,,$11.00,$3.08 per 100g,3208631,Our finest quality beans are decaffeinated through a natural method by using the state of the art CO2 decaffeination process. The resulting coffee is full in flavour and rich in body. The ideal choice for those who love the pleasure of a superior decaffeinated coffee.,,,,,https://www.coles.com.au/product/lavazza-decaffeinated-ground-coffee-medium-roast-250g-3208631,,,2024-06-16T09:19:55.696003-04:00
Ind54SColes_ADrinks_SACoffee_INescafe Mocha Coffee Sachets | 10 pack,Nescafe Mocha Coffee Sachets | 10 pack,Nescafe,Drinks,Coffee,Coffee mixes,,$7.60,,,$0.76 per 1ea,4461832,"NESCAFE Mocha delivers a delicious combination of coffee and cocoa for that perfect afternoon indulgence. With a delectable layer of velvety froth and quality coffee, enjoy a cafe style creamy mocha and treat yourself at any time in the comfort of your own home. All you need to do is add hot water and give it a good stir. The result is a delightfully creamy coffee that you can enjoy from the first to the last sip. So whatever you're up to, Now's good for a deliciously creamy NESCAFE Mocha. NESCAFE. Make Your World.
Available in 10 sachets per pack or in our value pack of 26 sachets.

We go beyond the cup. We're committed to sustainable sourcing and packaging so our coffee not only tastes good but also does good. Our coffee beans are roasted right here in Australia and 100% sustainably sourced.

We've also made the commitment to convert all of our packaging to 100% recyclable by 2025.",,,"Per 100g/ml
Per Serving
%DI
Energy
200kJ
300kJ as prepared
3%
Protein
1g
1g as prepared
2%
Total Fat
1.3g
1.7g
3%
Saturated Fat
1.2g
1.7g as prepared
7%
Carbohydrate
9.6g
14.5g as prepared
5%
Sugars
6.1g
9.1g as prepared
10%
Sodium
49mg
74mg as prepared
1%
* Percentage Daily Intakes are based on an average adult diet of 8700 kJ. Your daily intakes may be higher or lower depending on your energy needs.",,https://www.coles.com.au/product/nescafe-mocha-coffee-sachets-10-pack-4461832,,,2024-06-16T09:20:06.764278-04:00
Ind54SColes_ADrinks_SACoffee_ISt Remio Coffee Expressi/Caffitaly Supreme Capsules | 10 Pack,St Remio Coffee Expressi/Caffitaly Supreme Capsules | 10 Pack,St Remio,Drinks,Coffee,Capsules,,$4.15,,,$0.42 per 1ea,3513464,"St Remio SUPREME is a robust and full-bodied blend. With notes of fruit and berry, this dark roast is the ideal base for a strong espresso, long black, cappuccino or latte. Compatible with Expressi * and Caffitaly* coffee machines.
Every purchase of St Remio Coffee goes toward funding projects that empower coffee growing communities at origin.",,,,Ground Coffee,https://www.coles.com.au/product/st-remio-coffee-expressicaffitaly-supreme-capsules-10-pack-3513464,,,2024-06-16T09:20:17.762750-04:00
Ind54SColes_ADrinks_SACoffee_INescafe 98% SF Mocha Coffee Sachets | 10 pack,Nescafe 98% SF Mocha Coffee Sachets | 10 pack,Nescafe,Drinks,Coffee,Coffee mixes,,$7.60,,,$0.76 per 1ea,3984110,"As sweet as a hug from your best friend, only without the sugar. A mocha brings together long time BFFs, coffee and cocoa, for a sweet, warming and utterly delicious cup of goodness, and this frothy favourite just got even better. NESCAFE 98% SUGAR FREE MOCHA is now naturally sweetened for a simply deLIGHTful pick-me-up. With a delectable layer of velvety froth and quality coffee, enjoy a cafe style creamy mocha and treat yourself at any time in the comfort of your own home. All you need to do is add hot water and give it a good stir. The result is a delightfully creamy coffee that you can enjoy from the first to the last sip. So whatever you're up to, Now's good for a deliciously creamy NESCAFE 98% SUGAR FREE MOCHA. NESCAFE. Make Your World.
Available in 10 sachets per pack or in our value pack of 26 sachets.

We go beyond the cup. We're committed to sustainable sourcing and packaging so our coffee not only tastes good but also does good. Our coffee beans are roasted right here in Australia and 100% sustainably sourced.

We've also made the commitment to convert all of our packaging to 100% recyclable by 2025.",,,"Per 100g/ml
Per Serving
%DI
Energy
140kJ
200 kJ as prepared
2%
Protein
1g
1 g as prepared
1%
Total Fat
1.2g
1.8g
3%
Saturated Fat
1.1g
1.6 g as prepared
7%
Carbohydrate
2.9g
4.3 g as prepared
1%
Sugars
1g
1.4 g as prepared
2%
Sodium
60mg
100 mg as prepared
4%
Dietary Fibre (total)
1g
1 g as prepared
2%
* Percentage Daily Intakes are based on an average adult diet of 8700 kJ. Your daily intakes may be higher or lower depending on your energy needs.",,https://www.coles.com.au/product/nescafe-98percent-sf-mocha-coffee-sachets-10-pack-3984110,,,2024-06-16T09:20:28.909394-04:00
Ind54SColes_ADrinks_SACoffee_IVittoria Freeze Dried Espresso No 3 Coffee 500g | 500g,Vittoria Freeze Dried Espresso No 3 Coffee 500g | 500g,Vittoria Freeze Dried,Drinks,Coffee,Instant Coffee,,,,,,8078158,,,,,,https://www.coles.com.au/product/vittoria-freeze-dried-espresso-no-3-coffee-500g-500g-8078158,,,2024-06-16T09:20:38.654976-04:00
Ind54SColes_ADrinks_SACoffee_INescafe Gold Intense Coffee | 200g,Nescafe Gold Intense Coffee | 200g,Nescafe,Drinks,Coffee,Instant Coffee,,$16.00,,,$8.00 per 100g,3208198,"Bold taste with deep coffee notes. Made from Arabica and Robusta Beans. 100% Soluble Coffee. Through using 100% responsibly sourced coffee, we are supporting coffee farmers to improve their lands and livelihoods. To learn more visit nescafe.com.au or nescafe.co.nz.
Dark & Vibrant Taste

Dark & vibrant taste.

200g makes 117 cups of coffee based on 1.7g per cup.

NESCAF Gold caps and glass jars are 100% recyclable.",,,,100% Soluble Coffee,https://www.coles.com.au/product/nescafe-gold-intense-coffee-200g-3208198,,,2024-06-16T09:20:48.317254-04:00
Ind54SColes_ADrinks_SACoffee_IVittoria Inca Peru Nespresso Compatible Coffee Capsules | 10 pack,Vittoria Inca Peru Nespresso Compatible Coffee Capsules | 10 pack,Vittoria,Drinks,Coffee,Capsules,,$4.50,,$7.50,$0.45 per 1ea,4204024,"This Vittoria Riserva blend features 100% Arabica beans from Brazil, Costa Rica and the mountainous Cajamarca, Chirinos and Cuzco regions of Peru. Vittoria sources the beans from farms Certified by the Rainforest Alliance as environmentally, socially and economically sustainable. Vittoria Inca Peru is a medium-dark roast that delivers a delicately balanced espresso, which tastes even sweeter with milk.
100% Arabica - Blend
Best Served: With Milk
Tasting Notes: Maple syrup, Roasted peanuts, Blossoms
Origins: Brazil, Costa Rica and the mountainous Cajamarca, Chirinos and Cuzco regions of Peru
Intensity: 15
Compatible with: Nespresso* Original Machines
Australian Made: Our aluminium capsules are roasted and packed locally in Australia for optimal freshness.
By purchasing this product and other Vittoria packs bearing the OzHarvest mark you're helping to eliminate food waste and feed vulnerable Australians. For every kilo of coffee prepared for this pack, Vittoria donates $1 to OzHarvest which enables them to deliver two meals to people in need.
*Nespresso is a trademark of Societe des Produits Nestle SA. Neither that company nor its affiliates have manufactured or endorsed this product in any way and have no association to Vittoria Food & Beverage or the Vittoria Coffee brand. Compatible with Nespresso original machines (not compatible with the Vertuo System).",,,,,https://www.coles.com.au/product/vittoria-inca-peru-nespresso-compatible-coffee-capsules-10-pack-4204024,,,2024-06-16T09:20:57.083169-04:00
Ind54SColes_ADrinks_SACoffee_INescafe 98% SF Caramel Coffee Sachets | 10 pack,Nescafe 98% SF Caramel Coffee Sachets | 10 pack,Nescafe,Drinks,Coffee,Coffee mixes,,$7.60,,,$0.76 per 1ea,3984100,"What's something smooth, rich and simply deLIGHTful? Introducing, NESCAFE 98% SUGAR FREE CARAMEL LATTE, the perfect combo of smooth coffee, rich caramel flavour and a layer of silky froth. With a delectable layer of velvety froth and quality coffee, enjoy a cafe style creamy caramel latte and treat yourself at any time in the comfort of your own home. All you need to do is add hot water and give it a good stir. The result is a delightfully creamy coffee that you can enjoy from the first to the last sip. So whatever you're up to, Now's good for a deliciously creamy NESCAFE 98% SUGAR FREE CARAMEL LATTE. NESCAFE. Make Your World.
Available in 10 sachets per pack or in our value pack of 26 sachets.",,,"Per 100g/ml
Per Serving
%DI
Energy
140kJ
200 kJ as prepared
2%
Protein
1g
1 g as prepared
1%
Total Fat
1.3g
1.9g
3%
Saturated Fat
1.2g
1.8 g as prepared
7%
Carbohydrate
2.9g
4.4 g as prepared
1%
Sugars
1g
1.4 g as prepared
2%
Sodium
60mg
85 mg as prepared
4%
Dietary Fibre (total)
1g
1 g as prepared
2%
* Percentage Daily Intakes are based on an average adult diet of 8700 kJ. Your daily intakes may be higher or lower depending on your energy needs.",,https://www.coles.com.au/product/nescafe-98percent-sf-caramel-coffee-sachets-10-pack-3984100,,,2024-06-16T09:21:08.069048-04:00
Ind54SColes_ADrinks_SABeverages_IVittoria Oro Nespresso Compatible Capsules | 20 pack,Vittoria Oro Nespresso Compatible Capsules | 20 pack,Vittoria,Drinks,Beverages,Coffee & tea,,$9.00,,,"$0.45 per 1ea
Was $13.00 on Apr 2024",6344942,,,,,,https://www.coles.com.au/product/vittoria-oro-nespresso-compatible-capsules-20-pack-6344942,,,2024-06-16T09:21:17.989353-04:00
Ind54SColes_ADrinks_SACoffee_IRobert Timms Mocha Kenya Style Coffee Bags 160g | 28 Pack,Robert Timms Mocha Kenya Style Coffee Bags 160g | 28 Pack,Robert Timms,Drinks,Coffee,Instant Coffee,,$9.45,,$13.50,$0.34 per 1ea,5698633,"Rich, dark and aromatic",,,,coffee,https://www.coles.com.au/product/robert-timms-mocha-kenya-style-coffee-bags-160g-28-pack-5698633,,,2024-06-16T09:21:26.912015-04:00
Ind54SColes_ADrinks_SACoffee_IBushells Coffee & Chicory Essence | 250mL,Bushells Coffee & Chicory Essence | 250mL,Bushells,Drinks,Coffee,Coffee mixes,,$4.80,,$6.00,$1.92 per 100mL,116708,Sweet coffee flavour notes,,,,"Sugar, Caramel (150d), Water, Coffee (6%), Salt, Chicory (0.004%).",https://www.coles.com.au/product/bushells-coffee-and-chicory-essence-250ml-116708,,,2024-06-16T09:21:36.093796-04:00
Ind54SColes_ADrinks_SACoffee_IMoccona Cafe Classics Cappuccino Sachets | 30 pack,Moccona Cafe Classics Cappuccino Sachets | 30 pack,Moccona,Drinks,Coffee,Coffee mixes,,$12.00,,,$0.40 per 1ea,4405558,"Made with real Moccona coffee.

Indulge in a little me-time with our specially crafted cappucino blend. 

A delightfully rich and cream coffee experience, finished with a thick layer of velvety froth.

Enjoy cafe style coffees any time of day
- Moccona Strong Cappucino 
Wake up with our frothy strong cappucino
- Moccona Caramel Latte
Relax with our creamy caramel latte",,,"Per 100g/ml
Per Serving
%DI
Energy
154kJ
231kJ
Protein
Less than 1g
Less than 1g
Total Fat
1.6g
2.4g
Saturated Fat
1.6g
2.4g
Carbohydrate
4.9g
7.4g
Sugars
2.3g
3.4g
Sodium
48mg
72mg
Energy (Cal)
37Cal
55Cal
Dietary Fibre (total)
Less than 1g
Less than 1g
Gluten
0.0g
0.0g
* Percentage Daily Intakes are based on an average adult diet of 8700 kJ. Your daily intakes may be higher or lower depending on your energy needs.",,https://www.coles.com.au/product/moccona-cafe-classics-cappuccino-sachets-30-pack-4405558,,,2024-06-16T09:21:47.027805-04:00
Ind54SColes_ADrinks_SACoffee_IL'OR Espresso Decaffeinato Ristretto Intensity 9 Coffee Capsules 52g | 10 pack,L'OR Espresso Decaffeinato Ristretto Intensity 9 Coffee Capsules 52g | 10 pack,LOR,Drinks,Coffee,Capsules,,$5.50,,$7.50,$0.55 per 1ea,3193396,"Rich, sweet notes of marzipan are contrasted with a fresh citrus burst in this intriguing blend. The waves of taste and aroma work together to create a symphony of flavours and a powerful espresso experience. 

Blended by L'OR Coffee Artists
Rich, bright and sweet ground coffee in single-dose capsules
Ideal preparation is ristretto (25mL) and espresso (40mL)
Compatible with L'OR Barista and Nespresso* original coffee machines
100% Rainforest Alliance certified coffee beans
100% recyclable capsules via partnership with Terracycle",,,,,https://www.coles.com.au/product/l'or-espresso-decaffeinato-ristretto-intensity-9-coffee-capsules-52g-10-pack-3193396,,,2024-06-16T09:21:56.210816-04:00
Ind54SColes_ADrinks_SACoffee_IStarbucks Espresso Roast Decaf Capsules | 10 pack,Starbucks Espresso Roast Decaf Capsules | 10 pack,Starbucks,Drinks,Coffee,Capsules,,$7.90,Pick any 3 for $18,,$0.79 per 1ea,3891177,"Every espresso beverage we handcraft for you started right here. The quest began in 1975 with a search for the perfect melding of beans and roast, ending months of intense experimentation later with the coffee you're holding in your hand. A recipe for caramelly sweetness so right it's never been changed.Years of focus and expertise have led to the Starbucks Roast Spectrum. Each coffee bean requires a unique balance of temperature and time to reach its individual peak of aroma, acidity, body and flavour.Dark Roast: Fuller-bodied and bold, our dark-roast coffees feature robust flavours and the characteristic essence of an intense roast.Enjoy STARBUCKS at home. The coffee you love without leaving the house.Coffee capsules compatible with NESPRESSO coffee machines.Rich & carmelly notes. Intense and caramelly sweet, this coffee is at the heart of our handcrafted decaf latte.Intensity: 11Cup Recommendation: Ristretto (25ml) / Espresso (40ml)Committed to 100% Ethical Coffee Sourcing in partnership with Conservation International.For NESPRESSO Machines.
- STARBUCKS coffee Pods by NESPRESSO with rich & caramelly notes

- Intensity: 11

- Intense and caramelly sweet, this coffee is at the heart of our handcrafted decaf latte

- Coffee Pods compatible with NESPRESSO coffee machines

- Enjoy STARBUCKS at home. The coffee you love without leaving the house

- Committed to 100% Ethical Coffee Sourcing in partnership with Conservation International.",,,,100% Arabica,https://www.coles.com.au/product/starbucks-espresso-roast-decaf-capsules-10-pack-3891177,,,2024-06-16T09:22:05.675724-04:00
Ind54SColes_ADrinks_SACoffee_IDaley Street Dark Roast Beans | 1kg,Daley Street Dark Roast Beans | 1kg,Daley Street,Drinks,Coffee,Coffee beans,,$35.00,,,$3.50 per 100g,5556300,"Dark Roast Brewing Tips: To get the best brewing results, use fresh filtered water and ensure your machine is thoroughly clean. Each machine will vary, so ensure that you follow the manufacturer's guidelines and adjust to meet your preferences to achieve the best brew. Storage: Once opened store coffee in an airtight container in a cool dark place. We suggest to avoid storing coffee in the fridge as it can absorb other flavours or freezer as it can introduce moisture, which will potentially degrade the quality. Consider recycling the grounds into the garden.IN THE HEART OF INNER-CITY PRESTON, WE'VE PASSIONATELY BLENDED AND ROASTED A SUSTAINABLE, SPECIALTY COFFEE. MADE WITH QUALITY BRAZILIAN, HONDURAN & ETHIOPIAN ARABICA BEANS, DALEY ST IS READY FOR YOU TO SAVOUR AT HOME. Espresso Roast Best Served with milk.",,,,INGREDIENTS: Roast Coffee Beans^.,https://www.coles.com.au/product/daley-street-dark-roast-beans-1kg-5556300,,,2024-06-16T09:22:15.141931-04:00
Ind54SColes_ADrinks_SACoffee_IMoccona Classic Medium Roast Instant Coffee | 50g,Moccona Classic Medium Roast Instant Coffee | 50g,Moccona,Drinks,Coffee,Instant Coffee,,$7.00,,,$14.00 per 100g,173144,"Moccona Classic Instant Coffee Classic, 50g. The place where Arabica and Robusta beans meet for a rounded, balanced flavour is called Moccona Medium Roast. We think of it as the happy medium. It's full bodied, richly aromatic and just right for your everyday coffee moment.",,,,100% coffee beans.,https://www.coles.com.au/product/moccona-classic-medium-roast-instant-coffee-50g-173144,,,2024-06-16T09:22:24.020563-04:00
Ind54SColes_ADrinks_SACoffee_IMoccona Caramel Flavor Infused Instant Coffee | 95g,Moccona Caramel Flavor Infused Instant Coffee | 95g,Moccona,Drinks,Coffee,Instant Coffee,,$11.50,,,$12.11 per 100g,9928848,Moscone Coffee Caramel Experience a more indulgent coffee moment with a delicious hint of natural flavour.,,,,,https://www.coles.com.au/product/moccona-caramel-flavor-infused-instant-coffee-95g-9928848,,,2024-06-16T09:22:33.001352-04:00
Ind54SColes_ADrinks_SACoffee_IVittoria Mountain Grown Ground Coffee | 500g,Vittoria Mountain Grown Ground Coffee | 500g,Vittoria,Drinks,Coffee,Ground coffee,,$16.00,,$24.00,$3.20 per 100g,3984380,"One of Vittoria's premium blends, Mountain Grown is a full-strength coffee with a full rich flavour and a delicate finish. A 100% premium Arabica blend of high-altitude coffee beans gives a fine espresso taste whether served as an espresso or with milk.

Blend: 100% Arabica

Roast: Dark

Origins: Central and South America

Tasting Notes: Caramel, Dark chocolate, Smokey, Toasty

Best brewed with: Filter machines, stove top brewers, plungers & pour overs",,,,,https://www.coles.com.au/product/vittoria-mountain-grown-ground-coffee-500g-3984380,,,2024-06-16T09:22:42.025504-04:00
Ind54SColes_ADrinks_SACoffee_IMoccona Cafe Classics Strong Cappuccino Sachets | 30 pack,Moccona Cafe Classics Strong Cappuccino Sachets | 30 pack,Moccona Cafe,Drinks,Coffee,Coffee mixes,,$12.00,,,$0.40 per 1ea,4405570,"If you like your cappuccino with a kick, then this coffee has your name on it. Indulge in a little me-time while enjoying the new smooth taste and bold coffee flavour of a Strong Cappuccino style coffee from Moccona. Finished with a thick layer of velvety froth for that indulgent cafe style experience that's perfect any time of day.
97% Sugar Free (as prepared with water)
98% Fat Free (as prepared with water)
Gluten Free
53 Calories per serve
Smooth taste and velvety froth",,,"Per 100g/ml
Per Serving
%DI
Energy
147kJ
220kJ
Protein
Less than 1g
1.1g
Total Fat
1.2g
1.9g
Saturated Fat
1.2g
1.9g
Carbohydrate
5.1g
7.6g
Sugars
2.4g
3.6g
Sodium
35mg
53mg
Energy (Cal)
35Cal
53Cal
Dietary Fibre (total)
Less than 1g
Less than 1g
Gluten
0.0g
0.0g
* Percentage Daily Intakes are based on an average adult diet of 8700 kJ. Your daily intakes may be higher or lower depending on your energy needs.",,https://www.coles.com.au/product/moccona-cafe-classics-strong-cappuccino-sachets-30-pack-4405570,,,2024-06-16T09:22:53.345815-04:00
Ind54SColes_ADrinks_SACoffee_IJarrah Salted Caramel Latte Instant Coffee | 250g,Jarrah Salted Caramel Latte Instant Coffee | 250g,Jarrah,Drinks,Coffee,Coffee mixes,,$3.75,,$7.50,$1.50 per 100g,2244491,,,,,,https://www.coles.com.au/product/jarrah-salted-caramel-latte-instant-coffee-250g-2244491,,,2024-06-16T09:23:02.339634-04:00
Ind54SColes_ADrinks_SABeverages_IVittoria Espressotoria Espresso Coffee Capsules 12 pack | 78g,Vittoria Espressotoria Espresso Coffee Capsules 12 pack | 78g,Vittoria,Drinks,Beverages,Coffee & tea,,$5.00,,,"$0.42 per 1ea
Was $10.00 on Apr 2024",1825885,"Vittoria Espresso is the original Vittoria blend first created over 60 years ago. This iconic blend of 100% Arabica coffee beans is a dark roast delivering a smooth, strong flavour of traditional Italian espresso.
100% Arabica - Blend
Best Served: Espresso, With Milk
Tasting Notes: Honey, Toasty
Origins: Central and South America
Intensity: 14
Compatible with: Espressotoria System coffee capsule machines",,,,,https://www.coles.com.au/product/vittoria-espressotoria-espresso-coffee-capsules-12-pack-78g-1825885,,,2024-06-16T09:23:11.068185-04:00
Ind54SColes_ADrinks_SACoffee_IVittoria Freeze Dried Classic Instant Coffee | 100g,Vittoria Freeze Dried Classic Instant Coffee | 100g,Vittoria,Drinks,Coffee,Instant Coffee,,$7.50,,$12.50,$7.50 per 100g,4737401,"Original Classic is a blend that has been designed for everyday enjoyment. This 100% Arabica freeze dried blend delivers a full-bodied, smooth cup with an intense aroma.
Blend: Central & South America
Roast: Dark Roast
Intensity: 13/15
Brewing Guide: Add 1-2 tbs to 85-92Â° water",,,,,https://www.coles.com.au/product/vittoria-freeze-dried-classic-instant-coffee-100g-4737401,,,2024-06-16T09:23:20.031756-04:00
Ind54SColes_ADrinks_SABeverages_IMoccona Cafe Classics Strong Cappuccino Sachets | 10 pack,Moccona Cafe Classics Strong Cappuccino Sachets | 10 pack,Moccona Cafe,Drinks,Beverages,Coffee & tea,,$5.00,,,"$0.50 per 1ea
Was $6.00 on Jun 2024",4405649,"If you like your cappuccino with a kick, then this coffee has your name on it. Indulge in a little me-time while enjoying the new smooth taste and bold coffee flavour of a Strong Cappuccino style coffee from Moccona. Finished with a thick layer of velvety froth for that indulgent cafe style experience that's perfect any time of day.
97% Sugar Free (as prepared with water)
98% Fat Free (as prepared with water)
Gluten Free
53 Calories per serve
Smooth taste and velvety froth",,,"Per 100g/ml
Per Serving
%DI
Energy
147
220
Protein
Less than 1g
1.1g
Total Fat
1.2g
1.9g
Saturated Fat
1.2g
1.9g
Carbohydrate
5.1g
7.6g
Sugars
2.4g
3.6g
Sodium
35mg
53mg
Energy (Cal)
35
53
Dietary Fibre (total)
Less than 1g
Less than 1g
* Percentage Daily Intakes are based on an average adult diet of 8700 kJ. Your daily intakes may be higher or lower depending on your energy needs.",,https://www.coles.com.au/product/moccona-cafe-classics-strong-cappuccino-sachets-10-pack-4405649,,,2024-06-16T09:23:31.001105-04:00
Ind54SColes_ADrinks_SACoffee_IVittoria Mountain Grown Nespresso Compatible Coffee Capsules | 10 pack,Vittoria Mountain Grown Nespresso Compatible Coffee Capsules | 10 pack,Vittoria,Drinks,Coffee,Capsules,,$4.50,,$7.50,$0.45 per 1ea,4151959,"A full-strength coffee with a rich flavour and a delicate finish, Vittoria Mountain Grown is a premium blend of high-altitude 100% Arabica beans, delivering a fine espresso taste.
100% Arabica - Blend
Best Served: With Milk
Tasting Notes: Caramel, Dark chocolate, Smokey, Toasty
Intensity: 14
Compatible with: Nespresso* Original Machines
Australian Made: Our aluminium capsules are roasted and packed locally in Australia for optimal freshness.
By purchasing this product and other Vittoria packs bearing the OzHarvest mark you're helping to eliminate food waste and feed vulnerable Australians. For every kilo of coffee prepared for this pack, Vittoria donates $1 to OzHarvest which enables them to deliver two meals to people in need.
*Nespresso is a trademark of Societe des Produits Nestle SA. Neither that company nor its affiliates have manufactured or endorsed this product in any way and have no association to Vittoria Food & Beverage or the Vittoria Coffee brand. Compatible with Nespresso original machines (not compatible with the Vertuo System).",,,,,https://www.coles.com.au/product/vittoria-mountain-grown-nespresso-compatible-coffee-capsules-10-pack-4151959,,,2024-06-16T09:23:40.226236-04:00
Ind54SColes_ADrinks_SACoffee_IL'OR Espresso Ristretto Capsules | 40 pack,L'OR Espresso Ristretto Capsules | 40 pack,LOR,Drinks,Coffee,Capsules,,$22.00,,,$0.55 per 1ea,3755179,"Layers of light spice contrast sharp freshness inspired by the markets of Sumatra. Created to unfold and reveal its complexity in an instant, it is a quick and bold blend.

Blended by L'OR Coffee Artists
Fresh, spicy and complex ground coffee in single-dose capsules
Ideal preparation is ristretto (25mL) and espresso (40mL)
Compatible with L'OR Barista and Nespresso* original coffee machines
100% Rainforest Alliance certified coffee beans
100% recyclable capsules via partnership with Terracycle",,,,,https://www.coles.com.au/product/l'or-espresso-ristretto-capsules-40-pack-3755179,,,2024-06-16T09:23:49.051119-04:00
Ind54SColes_ADrinks_SACoffee_IMoccona Barista Reserve Medium Roast Lungo | 10 Pack,Moccona Barista Reserve Medium Roast Lungo | 10 Pack,Moccona,Drinks,Coffee,Capsules,,$6.00,,,$0.60 per 1ea,3512632,"Medium Roast Lungo displays notes of milk chocolate with a lingering aftertaste. Enjoy black or pair with milk for your perfect coffee moment at home.

Crafted by Moccona's master blenders. 
Characterful and sweet ground coffee in single-dose capsules

Enjoy black or pair with milk for your perfect coffee moment at home

Ideal preparation is lungo (110mL)

Compatible with Nespresso* original coffee machines

100% Rainforest Alliance certified coffee beans

100% recyclable capsules via partnership with Terracycle.",,,,,https://www.coles.com.au/product/moccona-barista-reserve-medium-roast-lungo-10-pack-3512632,,,2024-06-16T09:23:58.483512-04:00
Ind54SColes_ADrinks_SACoffee_IVittoria Nespresso Compatible Capsules Variety Pack | 40 pack,Vittoria Nespresso Compatible Capsules Variety Pack | 40 pack,Vittoria,Drinks,Coffee,Capsules,,$21.00,,,$0.53 per 1ea,6345050,"Vittoria's Extra Strong Variety Pack is a collection of our strongest 100% Arabica capsule blends, including Italian, Latte, Mountain Grown and Espresso.",,,,,https://www.coles.com.au/product/vittoria-nespresso-compatible-capsules-variety-pack-40-pack-6345050,,,2024-06-16T09:24:08.660319-04:00
Ind54SColes_ADrinks_SABeverages_ILavazza Prontissimo Intenso Premium Instant Coffee | 95g,Lavazza Prontissimo Intenso Premium Instant Coffee | 95g,Lavazza,Drinks,Beverages,Coffee & tea,,$8.25,,,"$8.68 per 100g
Was $11.00 on Apr 2024",2840750,"Lavazza Prontissimo Intenso is a full-bodied extraordinary blend with dark cream, lingering flavour and decisive aroma. A strong, dark and full-bodied roast, also suitable for hot milk. This amber cream and dark colour coffee have a full and intense taste with distinct notes of toasted coffee. Intensity: 5 Delicate.
- Full-bodied extraordinary blend with dark cream
- Full and intense taste
- Enveloping distinct notes of toasted coffee
- Amber cream and dark colour
- Premium coffee to enjoy at any time of the day",,,,"Instant Coffee (90%), Roasted Ground Coffee (10%)",https://www.coles.com.au/product/lavazza-prontissimo-intenso-premium-instant-coffee-95g-2840750,,,2024-06-16T09:24:18.603936-04:00
Ind54SColes_ADrinks_SACoffee_IDaley Street Q-graders Cremorne Coffee Beans | 250g,Daley Street Q-graders Cremorne Coffee Beans | 250g,Daley Street,Drinks,Coffee,Ground coffee,,$12.00,,,$4.80 per 100g,5993269,,,,,,https://www.coles.com.au/product/daley-street-q-graders-cremorne-coffee-beans-250g-5993269,,,2024-06-16T09:24:28.591491-04:00
Ind54SColes_ADrinks_SACoffee_IRepublica Organic Capsules Paris | 20 pack,Republica Organic Capsules Paris | 20 pack,Republica Organic,Drinks,Coffee,Capsules,,$11.50,,,$0.58 per 1ea,3766197,"Nespresso Compatible*
*Republica Coffee Capsules are made to fit your Nespresso coffee machines.
Move Mountains
But First... Coffee
Bonjour flavour. This velvety, sweet blend will take you to Paris in a sip. Republica's Paris Coffee Pods are best enjoyed with a fresh croissant, while booking flights to Europe.",,,,,https://www.coles.com.au/product/republica-organic-capsules-paris-20-pack-3766197,,,2024-06-16T09:24:38.450518-04:00
Ind54SColes_ADrinks_SACoffee_IL'or Latte Coffee | 220g,L'or Latte Coffee | 220g,Lor,Drinks,Coffee,Coffee mixes,,,,,,8057726,"Experience a luxurious and indulgent moment to awaken your senses.

L'OR Latte is velvety and rich with layers of flavour and aroma.

Preperation Instructions:
Add 3-4 teaspoons to your favourite mug
Stir as your pour in 170ml of hot, not boiling water
Stir well and enjoy
Premium indulgdent coffee

Rich and velvety coffee

15 serves per tin

Ideal preparation is with 170 ml of hot water

Reycable tin and lid",,,,,https://www.coles.com.au/product/l'or-latte-coffee-220g-8057726,,,2024-06-16T09:24:47.661318-04:00
Ind54SColes_ADrinks_SACoffee_INescafe Green Blend Instant Coffee | 100g,Nescafe Green Blend Instant Coffee | 100g,Nescafe,Drinks,Coffee,Instant Coffee,,$10.50,,$13.50,$10.50 per 100g,8051118,"A special blend of green and roasted coffee beans: Made from Arabica and Robusta coffee beans. 100% Soluble Coffee. Through using 100% responsibly sourced coffee, we are supporting coffee farmers to improve their lands and livelihoods. To learn more visit nescafe.com.au or nescafe.co.nz.
Smooth & Mild Taste

-Delicate mild coffee.

-100g Jar makes 58 cups of coffee based on 1.7g per cup.

-Glass jars and caps are 100% recyclable.",,,,100% Soluble Coffee,https://www.coles.com.au/product/nescafe-green-blend-instant-coffee-100g-8051118,,,2024-06-16T09:24:57.818315-04:00
Ind54SColes_ADrinks_SACoffee_IColes Urban Coffee Culture Intense Aluminium | 10 pack,Coles Urban Coffee Culture Intense Aluminium | 10 pack,Coles,Drinks,Coffee,Capsules,,$4.00,,,$0.40 per 1ea,5020887,"Our Story At Urban Coffee Culture, we're passionate coffee curators. First, we carefully select our beans from some of the world's best coffee growing regions. The beans are then blended, and batch roasted at our Melbourne roastery to bring out their full potential and flavour. The result is a delicious premium coffee that you can enjoy every day, knowing that each bean has been sourced from Rainforest Alliance Certified farms. Nespresso® is a trade mark of Societe Des Products Nestle SA. Neither that company not its affiliates have manufactured or endorsed this product in any way.",,,,,https://www.coles.com.au/product/coles-urban-coffee-culture-intense-aluminium-10-pack-5020887,,,2024-06-16T09:25:06.909860-04:00
Ind54SColes_ADrinks_SACoffee_ILavazza Espresso Barista Perfetto Beans | 1kg,Lavazza Espresso Barista Perfetto Beans | 1kg,Lavazza,Drinks,Coffee,Coffee beans,,$40.00,,,$4.00 per 100g,3756502,"Espresso Barista Perfetto is a professional drum roast, offering the taste of a genuine Italian Espresso.
Espresso Barista Perfetto gives a genuine espresso experience, its professional drum roast, espresso grinding and intense taste, offering floral notes with a persisent aftertaste.
Intensity: 6/10
Aroma: Floral
Roast: Drum roast to Medium
Origin: Central & South America",,,,,https://www.coles.com.au/product/lavazza-espresso-barista-perfetto-beans-1kg-3756502,,,2024-06-16T09:25:15.767370-04:00
Ind54SColes_ADrinks_SACoffee_IMoccona Espresso Style Bold & Intense Instant Coffee | 200g,Moccona Espresso Style Bold & Intense Instant Coffee | 200g,Moccona,Drinks,Coffee,Instant Coffee,,$16.00,,,$8.00 per 100g,7479357,"The perfect coffee to enjoy every day.

The heritage behind Moccona was born half a world away in the quaint Netherlands' village of Joure in 1753. Originally sold in delicatessens and small specialty stores, it symbolised the little indulgence from Europe that added to the pleasures of everyday.

Known for its premium taste and elegant glass jar, Moccona has become a much-loved classic in homes all over Australia.

Moccona blends are created by bringing together the world's finest beans: Arabica and the Robusta. The Arabica has a softer sweeter taste with berry and fruit tones while the Robusta bean has a deep rich flavour.

Together they bring the magical blend and character you expect from the perfect cup of coffee. Every time you smell the aroma of Moccona, you'll be reminded of the great passion that drives us to create moments of pure indulgence - just for you.

At Moccona, we care about coffee, the people who grow it and the planet it comes from.

Working together with our preferred partners like UTZ Certified, we help farmers propers and help to preserve the environment.",,,,100% Coffee beans.,https://www.coles.com.au/product/moccona-espresso-style-bold-and-intense-instant-coffee-200g-7479357,,,2024-06-16T09:25:24.846505-04:00
Ind54SColes_ADrinks_SACoffee_IMilo Mocha Original | 8 pack,Milo Mocha Original | 8 pack,Milo,Drinks,Coffee,Coffee mixes,,$7.60,,,$0.95 per 1ea,8059787,,,,"Per 100g/ml
Per Serving
%DI
Energy
175 kJ
260 kJ as prepared
3%
Protein
1.1 g
1.7 g as prepared
3%
Total Fat
1 g
1%
Saturated Fat
1 g
1 g as prepared
2%
Carbohydrate
8.7 g
13.1 g as prepared
4%
Sugars
5.5 g
8.3 g as prepared
9%
Sodium
63 mg
95 mg as prepared
4%
* Percentage Daily Intakes are based on an average adult diet of 8700 kJ. Your daily intakes may be higher or lower depending on your energy needs.",,https://www.coles.com.au/product/milo-mocha-original-8-pack-8059787,,,2024-06-16T09:25:36.225845-04:00
Ind54SColes_ADrinks_SACoffee_IStarbucks By Nespresso Colombia Nespresso Compatible Capsules | 36 pack,Starbucks By Nespresso Colombia Nespresso Compatible Capsules | 36 pack,Starbucks By Nespresso,Drinks,Coffee,Capsules,,$16.80,,,$0.47 per 1ea,6195897,"We've always loved coffee from Colombia. And we're never reminded of that love more than when we're travelling to the coffee farms. Driving treacherous dirt roads with a sheer mountain wall to one side - nothing but air for thousands of feet to the other. For us, the round body, juicy taste and signature nutty finish of this 100% Colombian coffee are worth the journey every time.

Years of focus and expertise have led to the STARBUCKS Roast Spectrum. Each coffee bean requires a unique balance of temperature and time to reach its individual peak of aroma, acidity, body and flavour.

Smooth and balanced, our medium-roast coffees have a little kick and deliver a medium-bodied cup with a hearty roast.

STARBUCKS coffee Pods by NESPRESSO, compatible with NESPRESSO coffee machines.
- STARBUCKS coffee Pods by NESPRESSO, balanced with nutty notes

- Intensity: 7

- Nutty and floral with extraordinary cup balance and tons of complexity

- Coffee Pods compatible with NESPRESSO coffee machines

- Enjoy STARBUCKS at home. The coffee you love without leaving the house

- Committed to 100% Ethical Coffee Sourcing in partnership with Conservation International.",,,,,https://www.coles.com.au/product/starbucks-by-nespresso-colombia-nespresso-compatible-capsules-36-pack-6195897,,,2024-06-16T09:25:46.454049-04:00
Ind54SColes_ADrinks_SACoffee_INescafe Blend 43 Smooth & Creamy Instant Coffee | 140g,Nescafe Blend 43 Smooth & Creamy Instant Coffee | 140g,Nescafe,Drinks,Coffee,Instant Coffee,,$5.75,,$11.50,$4.11 per 100g,2125460,"Every cup you drink can make a differenceEscape on an aromatic journey with this silky smooth roast of NESCAFE Blend 43. Each cup is delicate in flavour, topped with a velvety barista-inspired layer of golden crema. Through using 100% responsibly sourced coffee beans in NESCAFE Blend 43, we are making a difference for coffee farmers, helping to improve their lands and livelihoods. We are making a difference by sourcing 100% renewable electricity and using coffee grounds left over from the brewing process to help power our NESCAFE factory in Gympie, Queensland. What makes a NESCAFE Blend 43 cup of coffee more enjoyable is that every time you enjoy a cup, you are not just enjoying your favourite cup of coffee, you are also making a difference.
Intensity score: 3 (Smooth Roast)

-Smooth roast with a creamy layer of crema.

-NESCAFE BLEND 43 tin, caps and glass jars are 100% recyclable.

-The 140g jar makes 82 cups of coffee and is the perfect size for single and small households or to take on holidays in a larger household.",,,,100% Natural Coffee Beans. Soluble Coffee.,https://www.coles.com.au/product/nescafe-blend-43-smooth-and-creamy-instant-coffee-140g-2125460,,,2024-06-16T09:25:55.668642-04:00
Ind54SColes_ADrinks_SACoffee_ICaffe Aurora Italian Style Ground Coffee | 500g,Caffe Aurora Italian Style Ground Coffee | 500g,Caffe Aurora,Drinks,Coffee,Ground coffee,,,,,,4875835,"Boasting a strong, well-rounded flavour, Caffe Aurora Italian Blend is a dark roast that has been expertly crafted with the espresso drinker in mind. An intense, full-bodied cup producing an authentic Italian-style coffee. Tasting Notes: Dark Chocolate, Smokey",,,,,https://www.coles.com.au/product/caffe-aurora-italian-style-ground-coffee-500g-4875835,,,2024-06-16T09:26:05.623718-04:00
Ind54SColes_ADrinks_SACoffee_IIlly Classico Ground Coffee | 250g,Illy Classico Ground Coffee | 250g,Illy,Drinks,Coffee,Ground coffee,,$13.50,,$16.00,$5.40 per 100g,8097061,"RICH AND BALANCED WITH NOTES OF CARAMEL AND CHOCOLATEilly ground espresso coffee is finely ground to provide optimal extraction with espresso machines that accept ground, tamped coffee.",,,,"Illy's distinctive blend of fine Arabica coffees with a smooth, rich and full-bodied taste is created from the skillful blending of 100% sustainably-grown Arabica beans, meticulously selected from different growing regions around the world.",https://www.coles.com.au/product/illy-classico-ground-coffee-250g-8097061,,,2024-06-16T09:26:17.548792-04:00
Ind54SColes_ADrinks_SACoffee_IMelitta Blue Mountain Style Medium Roast Ground Coffee | 250g,Melitta Blue Mountain Style Medium Roast Ground Coffee | 250g,Melitta,Drinks,Coffee,Ground coffee,,$4.80,,$6.30,$1.92 per 100g,344076,"Melitta BLUE MOUNTAIN STYLE is both a delightful start to the day, and for the little moments in everyday life. Its smooth taste and fruity notes from gently roasted aromatic Arabica beans make it the perfect compliment to your day.
100% Arabica beans Highest quality

Established 1908 for a long standing history for guaranteed consistency in quality

Roasted with expertise so you can enjoy the flavour suited to you every time

Sealed vacuum pack to lock in and preserve the special flavours",,,,,https://www.coles.com.au/product/melitta-blue-mountain-style-medium-roast-ground-coffee-250g-344076,,,2024-06-16T09:26:28.777771-04:00
Ind54SColes_ADrinks_SACoffee_IRobert Timms Gold Colombia Coffee Bags Strong 160g | 28 Pack,Robert Timms Gold Colombia Coffee Bags Strong 160g | 28 Pack,Robert Timms,Drinks,Coffee,Instant Coffee,,$9.45,,$13.50,$0.34 per 1ea,3511630,"Rich, dark and aromatic, this blend is full-bodied with deep chocolate and nutty flavours.",,,,coffee,https://www.coles.com.au/product/robert-timms-gold-colombia-coffee-bags-strong-160g-28-pack-3511630,,,2024-06-16T09:26:37.926662-04:00
Ind54SColes_ADrinks_SACoffee_IStarbucks By Nespresso Caffe Verona Capsules | 10 pack,Starbucks By Nespresso Caffe Verona Capsules | 10 pack,Starbucks,Drinks,Coffee,Capsules,,$7.90,Pick any 3 for $18,,$0.79 per 1ea,3613083,"This is a coffee of one true love, and three names. We created it for a Seattle restaurant in 1975, as Jake's Blend. People loved it so much we began scooping it in our stores as 80/20 Blend, after the recipe. The love was so strong we finally made it official, calling it Verona after the city that inspires so many.Years of focus and expertise have led to the Starbucks Roast Spectrum. Each coffee bean requires a unique balance of temperature and time to reach its individual peak of aroma, acidity, body and flavour.Dark Roast: Fuller-bodied and bold, our dark-roast coffees feature robust flavours and the characteristic essence of an intense roast.Enjoy Starbucks at home. The coffee you love without leaving the house.Coffee capsules for Nespresso coffee machines. Roasty Sweet & Dark Cocoa notes. A seductive blend of beans with a touch of Italian Roast for depth, soul and sweetness.Intensity: 10Cup Recommendation: Espresso (40ml)Committed to 100% Ethical Coffee Sourcing in partnership with Conservation International.For Nespresso Machines.
- STARBUCKS coffee Pods by NESPRESSO, roasty sweet & dark cocoa

- Intensity: 10

- Well-balanced and rich coffee with a dark cocoa texture

- Coffee Pods compatible with NESPRESSO coffee machines

- Enjoy STARBUCKS at home. The coffee you love without leaving the house

- A seductive blend of beans with a touch of Italian Roast for depth, soul and sweetness.

- Committed to 100% Ethical Coffee Sourcing in partnership with Conservation International.",,,,100% Arabica,https://www.coles.com.au/product/starbucks-by-nespresso-caffe-verona-capsules-10-pack-3613083,,,2024-06-16T09:26:46.873812-04:00
Ind54SColes_ADrinks_SACoffee_IRobert Timms Decaffeinated Coffee Bags 105g | 18 pack,Robert Timms Decaffeinated Coffee Bags 105g | 18 pack,Robert Timms,Drinks,Coffee,Instant Coffee,,$10.00,,,$0.56 per 1ea,6415064,"A delicious full bodied, extra dark roast decaffeinated coffee with light spice and berry notes for your enjoyment.",,,,coffee,https://www.coles.com.au/product/robert-timms-decaffeinated-coffee-bags-105g-18-pack-6415064,,,2024-06-16T09:26:56.629919-04:00
Ind54SColes_ADrinks_SABeverages_IEspressotoria Vittoria Coffee Mountain Grown Coffee Capsules | 12 pack,Espressotoria Vittoria Coffee Mountain Grown Coffee Capsules | 12 pack,Espressotoria,Drinks,Beverages,Coffee & tea,,$5.00,,,"$0.42 per 1ea
Was $10.00 on Apr 2024",2002732,"A full-strength coffee with a rich flavour and a delicate finish, Vittoria Mountain Grown is a premium blend of high-altitude 100% Arabica beans, delivering a fine espresso taste.
100% Arabica - Blend
Best Served: With Milk
Tasting Notes: Caramel, Dark chocolate, Smokey, Toasty
Intensity: 14
Compatible with: Espressotoria System coffee capsule machines",,,,,https://www.coles.com.au/product/espressotoria-vittoria-coffee-mountain-grown-coffee-capsules-12-pack-2002732,,,2024-06-16T09:27:05.713833-04:00
Ind54SColes_ADrinks_SACoffee_IVittoria Freeze Dried Instant Decaf | 100g,Vittoria Freeze Dried Instant Decaf | 100g,Vittoria,Drinks,Coffee,Instant Coffee,,$10.80,,$13.50,$10.80 per 100g,6344964,,,,,,https://www.coles.com.au/product/vittoria-freeze-dried-instant-decaf-100g-6344964,,,2024-06-16T09:27:15.107027-04:00
Ind54SColes_ADrinks_SACoffee_IColes Caramel Mocha Sachets 180g | 10 pack,Coles Caramel Mocha Sachets 180g | 10 pack,Coles,Drinks,Coffee,Coffee mixes,,$3.25,,,$0.33 per 1ea,4295642,"Coles Caramel Mocha Sachets 10 Pack. Choc coffee with a sweet caramel note. For a creamier treat, try adding hot milk instead of water. Caramel flavoured coffee drink, rainforest alliance certified coffee and cocoa- a better future for people and nature.",,,"Per 100g/ml
Per Serving
%DI
Energy
210.30
315.45
Protein
1.10
1.65
Total Fat
1.30
1.95
Carbohydrate
8.30
12.45
Sugars
6.70
10.05
Sodium
68.00
102.00
Saturated
1.20
1.80
Energy (Cal)
50.31
75.47
Dietary Fibre (total)
0.30
0.45
* Percentage Daily Intakes are based on an average adult diet of 8700 kJ. Your daily intakes may be higher or lower depending on your energy needs.",,https://www.coles.com.au/product/coles-caramel-mocha-sachets-180g-10-pack-4295642,,,2024-06-16T09:27:26.231677-04:00
Ind54SColes_ADrinks_SACoffee_INescafe Farmers Origins Brazil Lungo Capsules | 10 pack,Nescafe Farmers Origins Brazil Lungo Capsules | 10 pack,Nescafe,Drinks,Coffee,Capsules,,$7.00,,,$0.70 per 1ea,3890629,"Brazilian farmers know a thing or two about growing and harvesting their coffee to bring you one of the smoothest, most balanced long cups. One of the biggest coffee producers the world has seen, Brazil's passion and sunshine shines in the cup. Savour the toasted and cereal notes of NESCAFE Lungo Brazil.",,,,contents: 10 Capsules of Roast and Ground Coffee for the Nespresso System.,https://www.coles.com.au/product/nescafe-farmers-origins-brazil-lungo-capsules-10-pack-3890629,,,2024-06-16T09:27:36.092317-04:00
Ind54SColes_ADrinks_SACoffee_INescafe Blend 43 Espresso Instant Coffee | 150g,Nescafe Blend 43 Espresso Instant Coffee | 150g,Nescafe,Drinks,Coffee,Instant Coffee,,$5.75,,$11.50,$3.83 per 100g,8229231,"Every cup you drink can make a difference.Embrace your bold side with the rich flavour of this dark roasted NESCAFE Blend 43 Espresso. A blend of 100% responsibly sourced Robusta and Arabica coffee beans that have been roasted darker to deliver an extra-rich, full-bodied taste. Perfect for those who prefer a more full-bodied coffee. Through using 100% responsibly sourced coffee beans in NESCAFE Blend 43, we are making a difference for coffee farmers, helping to improve their lands and livelihoods.We are making a difference by sourcing 100% renewable electricity and using coffee grounds left over from the brewing process to help power our NESCAFE factory in Gympie, Queensland. What makes a NESCAFE Blend 43 cup of coffee more enjoyable is that every time you enjoy a cup, you are not just enjoying your favourite cup of coffee, you are also making a difference.
Intensity score: 10 (Intense Roast)

- Roasted and blended right here in country Queensland, Australia.

- 100% of NESCAF BLEND 43 coffee beans are sustainably sourced.

- NESCAF BLEND 43 tin, caps and glass jars are 100% recyclable. Plus, 60% of the energy powering our NESCAF factory comes from renewable energy, including used coffee grounds.

- A 150g Jar is recyclable and makes approx. 88 cups of coffee based on 1.7g per cup. It's perfect for smaller households and the ideal companion for holidays or getaways.",,,,,https://www.coles.com.au/product/nescafe-blend-43-espresso-instant-coffee-150g-8229231,,,2024-06-16T09:27:45.076720-04:00
Ind54SColes_ADrinks_SACoffee_INescafe Coffee Sachets Latte | 10 pack,Nescafe Coffee Sachets Latte | 10 pack,Nescafe,Drinks,Coffee,Coffee mixes,,$7.60,,,$0.76 per 1ea,4156883,"An enjoyable break from the 9-5, you can treat yourself at any time with NESCAFE Latte. With a delectable layer of velvety froth and quality coffee, enjoy a cafe style creamy latte and treat yourself at any time in the comfort of your own home. All you need to do is add hot water and give it a good stir. The result is a delightfully creamy coffee that you can enjoy from the first to the last sip. So whatever you're up to, Now's good for a deliciously creamy NESCAFE Latte. If you love this, try the rest of our delicious range, or if you're feeling guilty, try our 98% Sugar Free Latte Sachets 10 pack.
Available in 10 sachets per pack.

We go beyond the cup. We're committed to sustainable sourcing and packaging so our coffee not only tastes good but also does good. Our coffee beans are roasted right here in Australia and 100% sustainably sourced.

We've also made the commitment to convert all of our packaging to 100% recyclable by 2025.",,,"Per 100g/ml
Per Serving
%DI
Energy
180 kJ
270 kJ As Prepared
3%
Protein
1 g
1 g As Prepared
1%
Total Fat
1.9 g
4%
Saturated Fat
1.8 g
2.6 g As Prepared
4%
Carbohydrate
6.9 g
10.3 g As Prepared
3%
Sugars
2.4 g
3.6 g As Prepared
4%
Sodium
55 mg
80 mg As Prepared
4%
* Percentage Daily Intakes are based on an average adult diet of 8700 kJ. Your daily intakes may be higher or lower depending on your energy needs.",,https://www.coles.com.au/product/nescafe-coffee-sachets-latte-10-pack-4156883,,,2024-06-16T09:27:56.183688-04:00
Ind54SColes_ADrinks_SACoffee_INescafe Farmers Origins Africa Ristretto Capsules | 10 pack,Nescafe Farmers Origins Africa Ristretto Capsules | 10 pack,Nescafe,Drinks,Coffee,Capsules,,$7.00,,,$0.70 per 1ea,3890630,"East African farmers carry the legacy of the world's first coffee beans, and their harvests come together in NESCAFE Africas Ristretto. As the birthplace of Arabica and Robusta, this is a great place for growing tasty coffee. A strong roast makes these a coffee moment to remember - a sweet cup bursting with wild berry notes.",,,,Contents: 10 Capsules of Roast and Ground Coffee for the Nespresso System.,https://www.coles.com.au/product/nescafe-farmers-origins-africa-ristretto-capsules-10-pack-3890630,,,2024-06-16T09:28:05.307174-04:00
Ind54SColes_ADrinks_SACoffee_IMoccona Double Shot Latte Sachets | 10 pack,Moccona Double Shot Latte Sachets | 10 pack,Moccona,Drinks,Coffee,Coffee mixes,,,,,,8058208,"Indulge in a little me-time with our most powerful latte blend.

A smooth coffee experience, finished with a layer of velvety froth. 

Enjoy cafe style coffees any time of day.

- Wake up with our Frothy Cappuccino
- Relax with our Creamy Caramel Latte
97% Sugar Free (as prepared with water)

98% Fat Free (as prepared with water)

Gluten Free

54 Calories per serve

Smooth taste and velvety froth",,,"Per 100g/ml
Per Serving
%DI
Energy
152kJ
228kJ
Protein
<1g
1.4g
Total Fat
1.3g
2.0g
Saturated Fat
1.3g
2.0g
Carbohydrate
5.0g
7.5g
Sugars
2.4g
3.6g
Sodium
39mg
59mg
Energy (Cal)
36Cal
54Cal
Dietary Fibre (total)
<1g
<1g
Gluten
0.0g
0.0g
* Percentage Daily Intakes are based on an average adult diet of 8700 kJ. Your daily intakes may be higher or lower depending on your energy needs.",,https://www.coles.com.au/product/moccona-double-shot-latte-sachets-10-pack-8058208,,,2024-06-16T09:28:16.427341-04:00
Ind54SColes_ADrinks_SACoffee_IL'or Espresso Breakfast Variety Capsules | 40 pack,L'or Espresso Breakfast Variety Capsules | 40 pack,Lor,Drinks,Coffee,Capsules,,,,,,8057588,"The L'OR Espresso Breakfast Collection includes four rich and full-bodied capsules from our ristretto and espresso ranges. Let yourself be tempted by our selection of intense coffees and savor rich and powerful aromas that will delight your taste buds.

Ultimo 11
Ultimo reveals the smoothest characteristics of dark-roasted coffee with balanced intensity. Its fruity notes survive the high roast for an intriguing coffee experience. 
Smooth - Intense - Fruity

Lungo Estremo 10
An exciting blend of sharp, red fruit notes contrasted with hints of soft vanilla. A full-bodied, roasted profile with touches of smokiness. Its flavours move in different directions, full of action and movement.
Fruity - Smokey - Complex

Lungo Profondo 8
The journey is an adventure in taste and aroma. As it departs, it leaves behind a distinct aftertaste, lingering for long enough to draw you in and keep you yearning for more.
Toasty - Fruity - Distinct

Colombia 8
This smooth and sweet blend captures that warmth with it's citrus fruit notes, complexity at the core, tangy and elegant velvetey aftertaste.
Smooth - Sweet - Fruity

Blended by L'OR Coffee Artists
Rich and full-bodied ground coffees in single-dose capsules

Ideal preparation is espresso (40mL) and lungo (110mL)

Compatible with L'OR Barista and Nespresso* original coffee machines

100% Rainforest Alliance certified coffee beans

100% recyclable capsules via partnership with Terracycle",,,,,https://www.coles.com.au/product/l'or-espresso-breakfast-variety-capsules-40-pack-8057588,,,2024-06-16T09:28:26.204354-04:00
Ind54SColes_ADrinks_SACoffee_IStarbucks Nescafe Dolce Gusto Capsules Caramel Macchiato | 12 pack,Starbucks Nescafe Dolce Gusto Capsules Caramel Macchiato | 12 pack,Starbucks,Drinks,Coffee,Capsules,,$10.00,,,$0.83 per 1ea,3777127,"Discover STARBUCKS by NESCAFE DOLCE GUSTO Caramel Macchiato.Inspired by the STARBUCKS Caramel Macchiato you love, and indulge in the creamy bliss of dairy and caramel flavour.The box contains 12 capsules (6 coffee capsules and 6 milk capsules) designed for NESCAFE Dolce Gusto coffee machines and allows you to prepare 6 cups of Caramel Macchiato. Slide your STARBUCKS Caramel Macchiato capsules into your NESCAFE DOLCE GUSTO machine and prepare your perfect Caramel Macchiato right away.Years of focus and expertise have led to the STARBUCKS Roast Spectrum. Each coffee bean requires a unique balance of temperature and time to reach its individual peak of aroma, acidity, body and flavour.STARBUCKS is committed to 100% Ethical Coffee Sourcing in partnership with Conservation International.
Inspired by the STARBUCKS Caramel Macchiato you love, and indulge in the creamy bliss of dairy and caramel flavour.

The box contains 12 capsules (6 coffee capsules and 6 milk capsules) designed for NESCAF Dolce Gusto coffee machines and allows you to prepare 6 cups of Caramel Macchiato.

Years of focus and expertise have led to the STARBUCKS Roast Spectrum. Each coffee bean requires a unique balance of temperature and time to reach its individual peak of aroma, acidity, body and flavour.

STARBUCKS is committed to 100% Ethical Coffee Sourcing in partnership with Conservation International.",,,"Per 100g/ml
Per Serving
%DI
Energy
155kJ
310 kJ as prepared
4%
Protein
1.5g
2.9 g as prepared
6%
Total Fat
1.3g
2.8g
4%
Saturated Fat
0.8g
1.6 g as prepared
7%
Carbohydrate
4.6g
9.2 g as prepared
3%
Sugars
4.3g
8.5 g as prepared
9%
Sodium
12mg
24 mg as prepared
1%
Energy (Cal)
36Cal
72Cal
Dietary Fibre (total)
0.1g
0.2g
0.7%
* Percentage Daily Intakes are based on an average adult diet of 8700 kJ. Your daily intakes may be higher or lower depending on your energy needs.",,https://www.coles.com.au/product/starbucks-nescafe-dolce-gusto-capsules-caramel-macchiato-12-pack-3777127,,,2024-06-16T09:28:39.044439-04:00
Ind54SColes_ADrinks_SACoffee_IStarbucks Nespresso Compatible Capsules Vanilla | 10 pack,Starbucks Nespresso Compatible Capsules Vanilla | 10 pack,Starbucks,Drinks,Coffee,Capsules,,$7.90,Pick any 3 for $18,,$0.79 per 1ea,6190215,"Sit back and savour the simply delicious flavour of sweet vanilla and biscuit notes in every cup of Starbucks Creamy Vanilla by Nespresso. Every Starbucks by Nespresso coffee pod contains a careful selection of blonde roasted Starbucks coffee. Enjoy with or without milk for a sweet and delightful cup. 
Blonde 
- STARBUCKS coffee Pods by NESPRESSO with sweet vanilla and biscuit notes

- Intensity: 6

- Enjoy STARBUCKS at home. The coffee you love without leaving the house",,,,,https://www.coles.com.au/product/starbucks-nespresso-compatible-capsules-vanilla-10-pack-6190215,,,2024-06-16T09:28:49.212042-04:00
Ind54SColes_ADrinks_SACoffee_IInternational Roast Instant Coffee | 500g,International Roast Instant Coffee | 500g,International Roast,Drinks,Coffee,Instant Coffee,,$14.00,,,$2.80 per 100g,340246,"INTERNATIONAL ROAST delivers a smooth, satisfying taste in every cup. A beloved coffee enjoyed over the generations, Nestle International Roast Coffee is made from quality coffee beans creating a smooth and satisfying taste. This special blend is perfect drunk white or black, or served with frothed milk and a dusting of cocoa for a cafe style treat. This iconic blend is made in Australia from 100% natural quality coffee beans. 500g makes up approximately 333 cups based on 1.5g per cup.",,,,100% Natural Coffee Beans,https://www.coles.com.au/product/international-roast-instant-coffee-500g-340246,,,2024-06-16T09:28:58.384584-04:00
Ind54SColes_ADrinks_SABeverages_IMoccona Cafe Classics Cappuccino Sachets | 10 pack,Moccona Cafe Classics Cappuccino Sachets | 10 pack,Moccona,Drinks,Beverages,Coffee & tea,,$5.00,,,"$0.50 per 1ea
Was $6.00 on Jun 2024",4405627,"Indulge in a little me-time while enjoying the new smooth taste of a rich and creamy Cappuccino style coffee from Moccona. Finished with a thick layer of velvety froth for that indulgent cafe style experience that's perfect any time of day.
97% Sugar Free (as prepared with water)
Gluten Free
55 Calories per serve
Smooth taste and velvety froth",,,"Per 100g/ml
Per Serving
%DI
Energy
154
231
Protein
Less than 1g
Less than 1g
Total Fat
1.6g
2.4g
Saturated Fat
1.6g
2.4g
Carbohydrate
4.9g
7.4g
Sugars
2.3g
3.4g
Sodium
48mg
72mg
Energy (Cal)
37
55
Dietary Fibre (total)
Less than 1g
Less than 1g
* Percentage Daily Intakes are based on an average adult diet of 8700 kJ. Your daily intakes may be higher or lower depending on your energy needs.",,https://www.coles.com.au/product/moccona-cafe-classics-cappuccino-sachets-10-pack-4405627,,,2024-06-16T09:29:09.833067-04:00
Ind54SColes_ADrinks_SACoffee_IMoccona Cafe Classics Caramel Latte Sachets | 30 pack,Moccona Cafe Classics Caramel Latte Sachets | 30 pack,Moccona Cafe,Drinks,Coffee,Coffee mixes,,$12.00,,,$0.40 per 1ea,4405591,"Relax and enjoy a little me-time while enjoying the new smooth taste of a creamy Caramel Latte style coffee from Moccona. Finished with a thick layer of velvety froth for that indulgent cafe style experience that's perfect any time of day.
98% Fat Free (as prepared with water)
Gluten Free
57 Calories per serve
Smooth Caramel taste and velvety froth",,,"Per 100g/ml
Per Serving
%DI
Energy
160kJ
240kJ
Protein
Less than 1g
Less than 1g
Total Fat
1.0g
1.6g
Saturated Fat
1.0g
1.5g
Carbohydrate
6.8g
10.2g
Sugars
4.9g
7.4g
Sodium
37mg
56mg
Energy (Cal)
38Cal
57Cal
Dietary Fibre (total)
Less than 1g
Less than 1g
Gluten
0.0g
0.0g
* Percentage Daily Intakes are based on an average adult diet of 8700 kJ. Your daily intakes may be higher or lower depending on your energy needs.",,https://www.coles.com.au/product/moccona-cafe-classics-caramel-latte-sachets-30-pack-4405591,,,2024-06-16T09:29:21.096757-04:00
Ind54SColes_ADrinks_SACoffee_INescafe Blend 43 Instant Coffee | 50g,Nescafe Blend 43 Instant Coffee | 50g,Nescafe,Drinks,Coffee,Instant Coffee,,$6.50,,,$13.00 per 100g,116220,"Every cup you drink can make a difference. Creating the perfect cup of bold and smooth coffee NESCAFE Blend 43 is proudly made from 100% responsibly sourced coffee beans. We take care & craft in individually roasting our Bold Robusta & Smooth Arabica coffee beans, bringing out their unique flavour & aroma. They are then blended to create the perfect cup. Through using 100% responsibly sourced coffee beans in NESCAFE Blend 43, we are making a difference for coffee farmers, helping to improve their lands and livelihoods.We are making a difference by sourcing 100% renewable electricity and using coffee grounds left over from the brewing process to help power our NESCAFE factory in Gympie, Queensland. What makes a NESCAFE Blend 43 cup of coffee more enjoyable is that every time you enjoy a cup, you are not just enjoying your favourite cup of coffee, you are also making a difference.
Intensity Score: 5 (Medium Roast)

-Roasted and blended in country Queensland, Australia.

-100% of NESCAF BLEND 43 coffee beans are sustainably sourced.

-NESCAF BLEND 43 tin, caps and glass jars are 100% recyclable. Plus, 60% of the energy powering our NESCAF factory comes from renewable energy, including used coffee grounds.

-A 50g Jar is recyclable and makes approx. 29 cups of coffee based on 1.7g per cup. It's the ideal companion for holidays or getaways and will fit nicely on your desk or drawer at work.",,,,100% Natural Coffee Beans. Soluble Coffee.,https://www.coles.com.au/product/nescafe-blend-43-instant-coffee-50g-116220,,,2024-06-16T09:29:31.093371-04:00
Ind54SColes_ADrinks_SACoffee_IColes Urban Coffee Culture Dolce Gusto Americano Capsules | 16 pack,Coles Urban Coffee Culture Dolce Gusto Americano Capsules | 16 pack,Coles,Drinks,Coffee,Capsules,,$6.50,,,$0.41 per 1ea,3209055,"At Urban Coffee Culture, we're passionate curators. First, we carefully select our coffee beans. The beans are then blended, and batch roasted to bring out their full potential and flavour. The result is a delicious premium coffee that you can enjoy every day, knowing that the coffee has been sourced from Rainforest Alliance certified farms. Flavour Profile: highlight on spider graph. ACIDIC HERBAL FRUITY: Our specially crafted coffee is sourced and roasted with passion for your enjoyment. *NESCAFÉ(R) DOLCE GUSTO(R) MACHINE COMPATIBLE. Intended use: Hot Water Serving size setting coffee: 7 of 7 (200mL) *NESCAFÉ® AND DOLCE GUSTO® ARE TRADE MARKS OF SOCIÉTÉ DES PRODUITS NESTLÉ S.A. NEITHER THAT COMPANY NOR ITS AFFILIATES HAVE MANUFACTURED OR ENDORSED THIS PRODUCT IN ANY WAY.",,,,,https://www.coles.com.au/product/coles-urban-coffee-culture-dolce-gusto-americano-capsules-16-pack-3209055,,,2024-06-16T09:29:40.415418-04:00
Ind54SColes_ADrinks_SACoffee_IDC Coffee Beans Darkness | 250g,DC Coffee Beans Darkness | 250g,DC,Drinks,Coffee,Coffee beans,,$8.00,,$10.00,$3.20 per 100g,3354746,,,,,,https://www.coles.com.au/product/dc-coffee-beans-darkness-250g-3354746,,,2024-06-16T09:29:49.195055-04:00
Ind54SColes_ADrinks_SASpirits_IMr Black Cold Brewed Coffee Liqueur 500mL | 1 Each,Mr Black Cold Brewed Coffee Liqueur 500mL | 1 Each,Mr Black,Drinks,Spirits,Liqueurs,,$43.00,,$55.00,$86.00 per 1L,3673370,"COFFEE LOVERS REJOICE: Mr Black is a bittersweet cold brew coffee liqueur proudly made in Australia, the spiritual home of modern coffee culture. Crafted from a blend of Arabica coffees with an Australian vodka base, this bean-to-bottle liqueur is bold, balanced, and unapologetically coffee. Delight in the iconic taste of freshly roasted coffee, with notes of dark chocolate, caramel and an undeniably smooth finish. A favourite among bartenders, enjoy Mr Black in the ultimate Espresso Martini or simply on the rocks.
Coffee Origin:Colombia, EthiopiaCoffee Type:100% Arabica

From bean to bottle, the Mr Black flavour journey starts and ends with the finest 100% Arabica coffees.",,,,,https://www.coles.com.au/product/mr-black-cold-brewed-coffee-liqueur-500ml-1-each-3673370,,,2024-06-16T09:29:58.208074-04:00
Ind54SColes_ADrinks_SABeverages_IVittoria Espresso Nespresso Compatible Coffee Capsules | 20 pack,Vittoria Espresso Nespresso Compatible Coffee Capsules | 20 pack,Vittoria,Drinks,Beverages,Coffee & tea,,$9.00,,,"$0.45 per 1ea
Was $13.00 on Apr 2024",4151970,"Vittoria Espresso is the original Vittoria blend first created over 60 years ago. This iconic blend of 100% Arabica coffee beans is a dark roast delivering a smooth, strong flavour of traditional Italian espresso.
100% Arabica - Blend
Best Served: Espresso, With Milk
Tasting Notes: Honey, Toasty
Origins: Central and South America
Intensity: 14
Compatible with: Nespresso* Original Machines
Australian Made: Our aluminium capsules are roasted and packed locally in Australia for optimal freshness.
By purchasing this product and other Vittoria packs bearing the OzHarvest mark you're helping to eliminate food waste and feed vulnerable Australians. For every kilo of coffee prepared for this pack, Vittoria donates $1 to OzHarvest which enables them to deliver two meals to people in need.
*Nespresso is a trademark of Societe des Produits Nestle SA. Neither that company nor its affiliates have manufactured or endorsed this product in any way and have no association to Vittoria Food & Beverage or the Vittoria Coffee brand. Compatible with Nespresso original machines (not compatible with the Vertuo System).",,,,,https://www.coles.com.au/product/vittoria-espresso-nespresso-compatible-coffee-capsules-20-pack-4151970,,,2024-06-16T09:30:07.019691-04:00
Ind54SColes_ADrinks_SACoffee_INescafe Caramel Latte Coffee Sachets | 10 pack,Nescafe Caramel Latte Coffee Sachets | 10 pack,Nescafe,Drinks,Coffee,Coffee mixes,,$7.60,,,$0.76 per 1ea,4461854,"Make your daily coffee routine a little more enjoyable with NESCAFE Caramel Latte. With a delectable layer of velvety froth and quality coffee infused with irresistibly smooth caramel flavour, enjoy a cafe style creamy caramel latte and treat yourself at any time in the comfort of your own home. All you need to do is add hot water and give it a good stir. The result is a delightfully creamy coffee that you can enjoy from the first to the last sip. So whatever you're up to, Now's good for a deliciously creamy NESCAFE Caramel Latte. NESCAFE. Make Your World.
Available in 10 sachets per pack or in our value pack of 26 sachets.

We go beyond the cup. We're committed to sustainable sourcing and packaging so our coffee not only tastes good but also does good. Our coffee beans are roasted right here in Australia and 100% sustainably sourced.

We've also made the commitment to convert all of our packaging to 100% recyclable by 2025.",,,"Per 100g/ml
Per Serving
%DI
Energy
200kJ
300 kJ as prepared
3%
Protein
1g
1 g as prepared
1%
Total Fat
1.4g
2.1g
3%
Saturated Fat
1.3g
1.9 g as prepared
8%
Carbohydrate
9g
13.5 g as prepared
4%
Sugars
5.5g
8.2 g as prepared
9%
Sodium
50mg
75 mg as prepared
3%
* Percentage Daily Intakes are based on an average adult diet of 8700 kJ. Your daily intakes may be higher or lower depending on your energy needs.",,https://www.coles.com.au/product/nescafe-caramel-latte-coffee-sachets-10-pack-4461854,,,2024-06-16T09:30:18.458013-04:00
Ind54SColes_ADrinks_SACoffee_IVittoria Freeze Dried Italian Instant Coffee | 100g,Vittoria Freeze Dried Italian Instant Coffee | 100g,Vittoria,Drinks,Coffee,Instant Coffee,,$7.50,,$12.50,$7.50 per 100g,4737434,"A medium roast of 100% Arabica coffee beans predominately from Central and South America with a balanced body and taste. Italian blend is a milder cup compared to the darker roasts in our range.
Blend: Central & South America
Roast: Medium
Intensity: 11/15
Brewing Guide: Add 1-2 tbs to 85-92Â° water",,,,,https://www.coles.com.au/product/vittoria-freeze-dried-italian-instant-coffee-100g-4737434,,,2024-06-16T09:30:27.204209-04:00
Ind54SColes_ADrinks_SAMilk_IA2 Dairy Full Cream Milk | 2L,A2 Dairy Full Cream Milk | 2L,A2,Drinks,Milk,Full cream milk,,$6.90,,,$3.45 per 1L,9760091,"a2 Milk is no ordinary milk!

It is real milk that may be easier on digestion for some people*.

As the number 1 producer of A1 protein free milk in Australia, our purpose is to pioneer the future of dairy for good.


For more information on the a2 Milk difference visit www.a2milk.com.au

*a2 Milk comes from cows specially selected to naturally produce milk with only the A2-type beta-casein protein so may be easier on digestion than ordinary milk for some milk intolerant individuals when consumed as part of a healthy, varied diet.
All natural with no additives, this delicious and creamy fresh milk with less than 4g of fat per 100mL

Easier on digestion for some**a2 Milk comes from cows specially selected to naturally produce milk with only the A2-type beta-casein protein so may be easier on digestion than regular milk for some milk intolerant individuals when consumed as part of a healthy, varied diet.

Naturally all A2-type beta-casein protein type, and no A1Some people may be sensitive to a protein called A1 beta-casein commonly found in milk.

The perfect milk for all occasions! Use a2 Milk in tea and coffee, baking, cooking, with cereal, with cookies, or simply enjoy on its own.

a2 Milk has been proudly partnering with Landcare Australia since 2017 to support our farmers with initiatives to protect, enhance and restore the natural environment

Good source of calcium.

Contains Protein.",,,"Per 100g/ml
Per Serving
%DI
Energy
275kJ
688kJ
0
Protein
3.3g
8.3g
0
Total Fat
3.5g
8.8g
0
Saturated Fat
2.4g
6.0g
0
Carbohydrate
5.0g
12.5g
0
Sugars
4.7g
11.8g
0
Calcium
109mg
273mg
34.0%
Sodium
33mg
83mg
0
Monounsaturated
0
0
0
Energy (Cal)
65 Cal
163 Cal
0
Dietary Fibre (total)
0
0
0
Polyunsaturated
0
0
0
Potassium
147mg
368mg
0
Trans
0
0
0
* Percentage Daily Intakes are based on an average adult diet of 8700 kJ. Your daily intakes may be higher or lower depending on your energy needs.",,https://www.coles.com.au/product/a2-dairy-full-cream-milk-2l-9760091,,,2024-06-16T09:30:38.766754-04:00
Ind54SColes_ADrinks_SACoffee_IVittoria Espresso Ground Coffee | 200g,Vittoria Espresso Ground Coffee | 200g,Vittoria,Drinks,Coffee,Ground coffee,,$6.00,,$10.00,$3.00 per 100g,397447,"Vittoria's original and iconic blend, Espresso has remained unchanged for over 50 years. This blend of 100% Arabica coffee beans is darkly roasted to deliver the strong flavour of traditional Italian espresso.
Blend: 100% Arabica
Roast: Medium to Dark
Origins: Central and South America
Tasting Notes: Honey, Toasty
Best brewed with: Filter machines, stove top brewers, plungers & pour overs",,,,,https://www.coles.com.au/product/vittoria-espresso-ground-coffee-200g-397447,,,2024-06-16T09:30:47.874369-04:00
Ind54SColes_ADrinks_SACoffee_IColes Urban Coffee Culture Strong Ground Coffee | 250g,Coles Urban Coffee Culture Strong Ground Coffee | 250g,Coles,Drinks,Coffee,Ground coffee,,$4.50,,,$1.80 per 100g,3616401,"Intensity 10Stamp: Batch roasted in Melbourne, Victoria.Balance of dark cocoa and vanilla flavour with hints of aniseed and clove, full bodied and ideal with milkOur specially crafted coffee is sourced and roasted with passion for your enjoyment.",,,,,https://www.coles.com.au/product/coles-urban-coffee-culture-strong-ground-coffee-250g-3616401,,,2024-06-16T09:30:56.782029-04:00
Ind54SColes_ADrinks_SACoffee_IStarbucks By Nespresso Blonde Espresso Roast Capsules | 10 pack,Starbucks By Nespresso Blonde Espresso Roast Capsules | 10 pack,Starbucks,Drinks,Coffee,Capsules,,$7.90,Pick any 3 for $18,,$0.79 per 1ea,3613061,"Nearly five decades of sourcing, blending and roasting brought us here: a second espresso that's boldly mellow. This special blend of beans from Latin America was carefully roasted to coax out sweet, vibrant notes. Soft and balanced, it highlights milk's sweeter side, making classic espresso drinks extra smooth without a roasty edge.Years of focus and expertise have led to the Starbucks Roast Spectrum. Each coffee bean requires a unique balance of temperature and time to reach its individual peak of aroma, acidity, body and flavour.Blonde Roast: Lighter-bodied and mellow, Starbucks blonde-roast coffees awaken the senses gently and deliver an approachable and flavourful cup with slight hints of light roast.Enjoy Starbucks at home. The coffee you love without leaving the house.Coffee capsules for Nespresso coffee machines.Smooth & sweet notes. Soft and mellow flavour, this is our lightest espresso roast.Intensity: 6Cup Recommendation: Lungo (110ml)Committed to 100% Ethical Coffee Sourcing in partnership with Conservation International.For NESPRESSO Machines.
- STARBUCKS coffee Pods by NESPRESSO with smooth & sweet notes

- Intensity: 6

- Soft and mellow flavour, this is our lightest espresso roast

- Coffee Pods compatible with NESPRESSO coffee machines

- Enjoy STARBUCKS at home. The coffee you love without leaving the house

- This special blend of beans from Latin America was carefully roasted to bring out sweet, vibrant notes.

- Committed to 100% Ethical Coffee Sourcing in partnership with Conservation International.",,,,100% Arabica,https://www.coles.com.au/product/starbucks-by-nespresso-blonde-espresso-roast-capsules-10-pack-3613061,,,2024-06-16T09:31:05.777723-04:00
Ind54SColes_ADrinks_SACoffee_INescafe 98% Sugar Free Latte Coffee Sachets | 10 pack,Nescafe 98% Sugar Free Latte Coffee Sachets | 10 pack,Nescafe,Drinks,Coffee,Coffee mixes,,$7.60,,,$0.76 per 1ea,3984096,"Let's talk latte. The NESCAFE 98% SUGAR FREE LATTE is naturally sweetened, bringing you creamy coffee goodness that is simply deLIGHTful. With a delectable layer of velvety froth and quality coffee, enjoy a cafe style creamy latte and treat yourself at any time in the comfort of your own home. All you need to do is add hot water and give it a good stir. The result is a delightfully creamy coffee that you can enjoy from the first to the last sip. So whatever you're up to, Now's good for a deliciously creamy NESCAFE 98% SUGAR FREE LATTE. NESCAFE. Make Your World.",,,"Per 100g/ml
Per Serving
%DI
Energy
130kJ
195kJ
2%
Protein
<1g
<1g
1%
Total Fat
1.2g
1.8g
3%
Saturated Fat
1.1g
1.6g
7%
Carbohydrate
2.8g
4.1g
1%
Sugars
<1g
1.4g
2%
Sodium
60mg
90mg
4%
Dietary Fibre (total)
<1g
<1g
2%
* Percentage Daily Intakes are based on an average adult diet of 8700 kJ. Your daily intakes may be higher or lower depending on your energy needs.","Sweetener (Erythritol), Glucose Syrup, Milk Solids, Soluble Coffee (13%), Vegetable Oil, Flavour, Stabilisers (340, 451, 331, 452), Emulsifiers (471, 472e), Sweetener [Steviol Glycosides (Stevia)], Salt. Sachet: Contains Milk Carton: Contains Milk",https://www.coles.com.au/product/nescafe-98percent-sugar-free-latte-coffee-sachets-10-pack-3984096,,,2024-06-16T09:31:16.958936-04:00
Ind54SColes_ADrinks_SACoffee_IMoccona Mocha Kenya Style Rich & Exotic Instant Coffee | 200g,Moccona Mocha Kenya Style Rich & Exotic Instant Coffee | 200g,Moccona,Drinks,Coffee,Instant Coffee,,$16.00,,,$8.00 per 100g,7479335,"Mocha Kenya style.

Rich & Exotic.

At Moccona we care about coffee, the people who grow it and the planet it comes from.

Working together with our preferred partners like UTZ Certified, we help farmers prosper and help to preserve the environment.",,,,,https://www.coles.com.au/product/moccona-mocha-kenya-style-rich-and-exotic-instant-coffee-200g-7479335,,,2024-06-16T09:31:26.616506-04:00
Ind54SColes_ADrinks_SACoffee_IRepublica 100% Pure Coffee Decaffeinated | 100g,Republica 100% Pure Coffee Decaffeinated | 100g,Republica,Drinks,Coffee,Instant Coffee,,$11.40,,$13.50,$11.40 per 100g,8648019,"Move Mountains
But First... Coffee
How do we decaffeinate our coffee? It's simple, by using just water & air. It's the most organic and natural method and the coffee retains its exceptional aroma and taste.",,,,,https://www.coles.com.au/product/republica-100percent-pure-coffee-decaffeinated-100g-8648019,,,2024-06-16T09:31:35.734268-04:00
Ind54SColes_ADrinks_SACoffee_IVittoria Freeze Dried Mountain Grown Instant Coffee | 400g,Vittoria Freeze Dried Mountain Grown Instant Coffee | 400g,Vittoria,Drinks,Coffee,Instant Coffee,,$37.00,Pick any 2 for $36,,$9.25 per 100g,4824109,"A full-strength coffee with a rich flavour and delicate finish. Mountain Grown is a premium blend of high-altitude 100% Arabica beans delivering a fine, full-bodied cup.",,,,100% Arabica Freeze Dried Instant Coffee,https://www.coles.com.au/product/vittoria-freeze-dried-mountain-grown-instant-coffee-400g-4824109,,,2024-06-16T09:31:45.044516-04:00
Ind54SColes_ADrinks_SACoffee_IMoccona Classic Medium Roast Instant Coffee | 200g,Moccona Classic Medium Roast Instant Coffee | 200g,Moccona,Drinks,Coffee,Instant Coffee,,$16.00,,,$8.00 per 100g,231251,"The perfect coffee to enjoy every day.

The heritage behind Moccona was born half a world away in the quaint Netherlands' village of Joure in 1753. Originally sold in delicatessens and small specialty stores, it symbolised the little indulgence from Europe that added to the pleasures of everyday.

Known for its premium taste and elegant glass jar, Moccona has become a much-loved classic in homes all over Australia.

Moccona blends are created by bringing together the world's finest beans: Arabica and the Robusta. The Arabica has a softer sweeter taste with berry and fruit tones while the Robusta bean has a deep rich flavour.

Together they bring the magical blend and character you expect from the perfect cup of coffee. Every time you smell the aroma of Moccona, you'll be reminded of the great passion that drives us to create moments of pure indulgence - just for you.

Experience the smooth taste of Moccona Classic Medium Roast.

Its full-bodied flavour and rich aroma make it the perfect coffee to enjoy everyday.

At Moccona we care about coffee, the people who grow it and the planet it comes from.

Working together with our preferred partners like UTZ Certified, we help farmers prosper and help to preserve the environment.",,,,100% Coffee beans.,https://www.coles.com.au/product/moccona-classic-medium-roast-instant-coffee-200g-231251,,,2024-06-16T09:31:54.374864-04:00
Ind54SColes_ADrinks_SACoffee_IGrinders Crema Ground Coffee | 200g,Grinders Crema Ground Coffee | 200g,Grinders,Drinks,Coffee,Ground coffee,,,,,,8059608,,,,,,https://www.coles.com.au/product/grinders-crema-ground-coffee-200g-8059608,,,2024-06-16T09:34:59.669508-04:00
Ind54SColes_ADrinks_SACoffee_IOasis Greek Style Coffee | 200g,Oasis Greek Style Coffee | 200g,Oasis,Drinks,Coffee,Ground coffee,,$5.70,,,$2.85 per 100g,204328,"Made in Australia from imported raw beans that are roasted, finely ground and packed by Griffiths Bros. Coffee Roasters.",,,,,https://www.coles.com.au/product/oasis-greek-style-coffee-200g-204328,,,2024-06-16T09:35:10.573845-04:00
Ind54SColes_ADrinks_SACoffee_ILavazza Delizioso A Modo Mio Coffee Pods | 16 pack,Lavazza Delizioso A Modo Mio Coffee Pods | 16 pack,Lavazza,Drinks,Coffee,Capsules,,$12.50,,,$0.78 per 1ea,1774194,"A Modo Mio Delizioso delights with a floral bouquet, sweet aftertaste and aromatic, slightly liqueur-like flavour notes.

Made for Lavazza A Modo Mio machines, Delizioso is a blend of Brazilian Arabica coffees, with an aroma of white grapes and notes of dried fruits, skilfully combined with sweet flowery Indian Arabica in a delicate roast.
Intensity: 8/13
Aroma: Smooth Floral Notes
Roast: Medium
Blend: 100% Arabica
Origin: India & Greater Asia",,,,100% Ground Coffee,https://www.coles.com.au/product/lavazza-delizioso-a-modo-mio-coffee-pods-16-pack-1774194,,,2024-06-16T09:35:19.408391-04:00
Ind54SColes_ADrinks_SACoffee_IL'OR Espresso Ristretto Intensity 11 Coffee Capsules 52g | 10 pack,L'OR Espresso Ristretto Intensity 11 Coffee Capsules 52g | 10 pack,LOR,Drinks,Coffee,Capsules,,$5.50,,$7.50,$0.55 per 1ea,2959286,"Layers of light spice contrast sharp freshness inspired by the markets of Sumatra. Created to unfold and reveal its complexity in an instant, it is a quick and bold blend.

Blended by L'OR Coffee Artists
Fresh, spicy and complex ground coffee in single-dose capsules
Ideal preparation is ristretto (25mL) and espresso (40mL)
Compatible with L'OR Barista and Nespresso* original coffee machines
100% Rainforest Alliance certified coffee beans
100% recyclable capsules via partnership with Terracycle",,,,,https://www.coles.com.au/product/l'or-espresso-ristretto-intensity-11-coffee-capsules-52g-10-pack-2959286,,,2024-06-16T09:35:28.348225-04:00
Ind54SColes_ADrinks_SACoffee_IStarbucks By Nespresso Single Origin Coffee Sumatra Capsules | 10 pack,Starbucks By Nespresso Single Origin Coffee Sumatra Capsules | 10 pack,Starbucks,Drinks,Coffee,Capsules,,$7.90,Pick any 3 for $18,,$0.79 per 1ea,3613040,"Like the lush Indonesian island of its origin, this spicy coffee stands alone. Full-bodied with a smooth mouthfeel, lingering flavours of dried herbs and fresh earth, and almost no acidity. Coffee from Sumatra is the foundation of our most treasured blends, and something we've been honoured to share with you for four decades.Years of focus and expertise have led to the Starbucks Roast Spectrum. Each coffee bean requires a unique balance of temperature and time to reach its individual peak of aroma, acidity, body and flavour.Dark Roast: Fuller-bodied and bold, our dark-roast coffees feature robust flavours and the characteristic essence of an intense roast.Enjoy Starbucks at home. The coffee you love without leaving the house.Coffee capsules for Nespresso coffee machines.Earthy & Herbal notes. Full-bodied, spicy coffee with a smooth mouthfeel.Intensity: 10Cup Recommendation: Espresso (40ml)Committed to 100% Ethical Coffee Sourcing in partnership with Conservation International.For Nespresso Machines.
- STARBUCKS coffee Pods by NESPRESSO with earthy & herbal notes

- Intensity: 10

- Full-bodied, spicy coffee with a smooth mouthfeel

- Coffee Pods compatible with NESPRESSO coffee machines

- Enjoy STARBUCKS at home. The coffee you love without leaving the house

- Lingering flavours of dried herbs and fresh earth, and almost no acidity.

- Committed to 100% Ethical Coffee Sourcing in partnership with Conservation International.",,,,100% Arabica,https://www.coles.com.au/product/starbucks-by-nespresso-single-origin-coffee-sumatra-capsules-10-pack-3613040,,,2024-06-16T09:35:37.695458-04:00
Ind54SColes_ADrinks_SACoffee_IMoccona Classic Dark Roast Instant Coffee | 200g,Moccona Classic Dark Roast Instant Coffee | 200g,Moccona,Drinks,Coffee,Instant Coffee,,$16.00,,,$8.00 per 100g,5018863,"The perfect coffee to enjoy every day.

The heritage behind Moccona was born half a world away in the quaint Netherlands' village of Joure in 1753. Originally sold in delicatessens and small specialty stores, it symbolised the little indulgence from Europe that added to the pleasures of everyday.

Known for its premium taste and elegant glass jar, Moccona has become a much-loved classic in homes all over Australia.

Moccona blends are created by bringing together the world's finest beans: Arabica and the Robusta. The Arabica has a softer sweeter taste with berry and fruit tones while the Robusta bean has a deep rich flavour.

Together they bring the magical blend and character you expect from the perfect cup of coffee. Every time you smell the aroma of Moccona, you'll be reminded of the great passion that drives us to create moments of pure indulgence - just for you.

Experience the rich taste of Moccona Classic Dark Roast.

Its bold, full-bodied flavour and intense aroma make it the perfect coffee to enjoy everyday.

At Moccona, we care about coffee, the people who grow it and the planet it comes from.

Working together with our preferred partners like UTZ Certified, we help farmers prosper and help to preserve the environment.",,,,100% Coffee beans.,https://www.coles.com.au/product/moccona-classic-dark-roast-instant-coffee-200g-5018863,,,2024-06-16T09:35:46.570915-04:00
Ind54SColes_ADrinks_SACoffee_IStarbucks Breakfast Blend Capsules By Nespresso | 10 pack,Starbucks Breakfast Blend Capsules By Nespresso | 10 pack,Starbucks,Drinks,Coffee,Capsules,,$7.90,Pick any 3 for $18,,$0.79 per 1ea,4405693,"STARBUCKS BREAKFAST BLEND by NESPRESSO Coffee Pods 10pkMedium RoastLively and Citrusy NotesIntensity 7Espresso 40ml / Lungo 110ml100% Arabica CoffeeWe introduced this blend in 1998 for those who prefer a milder cup of coffee in the morning. Sitting on the lighter side of medium roast; Starbucks Breakfast Blend is the result of playing with the roast and taste profile for a flavour that appeals to a wider range of palates. Perfect if you appeciate a less intense coffee with lots of character, it's lively and citrusy with a clean finish.For NESPRESSO Machines. Committed to 100% Ethical Coffee Sourcing in partnership with Conservation International
- STARBUCKS coffee Pods by NESPRESSO, lively and citrusy notes.

- Intensity: 7

- Espresso 40ml / Lungo 110ml

- Coffee Pods compatible with NESPRESSO Coffee Machines

- Enjoy STARBUCKS at home. The coffee you love without leaving the house

- A blend of fine Latin American beans roasted to a glistening, dark chestnut colour.

- Committed to 100% Ethical Coffee Sourcing in partnership with Conservation International.",,,,100% Arabica Roast & Ground Coffee,https://www.coles.com.au/product/starbucks-breakfast-blend-capsules-by-nespresso-10-pack-4405693,,,2024-06-16T09:35:56.542979-04:00
Ind54SColes_ADrinks_SACoffee_IColes Urban Coffee Culture Medium Roast Ground | 250g,Coles Urban Coffee Culture Medium Roast Ground | 250g,Coles,Drinks,Coffee,Ground coffee,,$4.50,,,$1.80 per 100g,3616387,"Intensity: 7 Stamp: Batch roasted in Melbourne, Victoria. Well balanced and full bodied with hints of milk chocolate and cinnamon, leaving a sweet caramel aftertaste. Our specially crafted coffee is sourced and roasted with passion for your enjoyment.",,,,INGREDIENTS: Rainforest Alliance Certified Roast and Ground Coffee.,https://www.coles.com.au/product/coles-urban-coffee-culture-medium-roast-ground-250g-3616387,,,2024-06-16T09:36:05.589978-04:00
Ind54SColes_ADrinks_SACoffee_INestle Caro Extra Instant Beverage | 150g,Nestle Caro Extra Instant Beverage | 150g,Nestle,Drinks,Coffee,Instant Coffee,,$7.20,,,$4.80 per 100g,468319,"Nestle Caro Chicory & Rye Drink is a refreshing alternative to tea and coffee that can be enjoyed hot or cold. Made from the finest roasted Barley, Chicory, Rye and Barley malt. Each cup is a smooth blend that's caffeine free.",,,"Per 100g/ml
Per Serving
%DI
Energy
20kJ
40kJ
Protein
0.1g
0.1g
Total Fat
<0.1g
<0.1g
Saturated Fat
<0.1g
<0.1g
Carbohydrate
1g
2g
Sugars
0.1g
0.1g
Sodium
1mg
2mg
Caffeine
Undetected
Undetected
* Percentage Daily Intakes are based on an average adult diet of 8700 kJ. Your daily intakes may be higher or lower depending on your energy needs.",,https://www.coles.com.au/product/nestle-caro-extra-instant-beverage-150g-468319,,,2024-06-16T09:36:16.608217-04:00
Ind54SColes_ADrinks_SACoffee_IStarbucks Dark Espresso Roast Coffee Capsules By Nespresso 205g | 36 pack,Starbucks Dark Espresso Roast Coffee Capsules By Nespresso 205g | 36 pack,Starbucks,Drinks,Coffee,Capsules,,$16.80,,,$0.47 per 1ea,4926663,"STARBUCKS by Nespresso Espresso Roast Coffee Pods 36pkDark RoastRich & Caramelly NotesIntensity 10 Espresso (40ml) 100% ArabicaEvery espresso beverage we handcraft for you started right here. The quest began in 1975 with a search for the perfect melding of beans and roast, ending months of intense experimentation later with the coffee you're holding in your hand. A recipe for caramelly sweetness - so right it's never been changed. For NESPRESSO Machines.Committed to 100% Ethical Coffee Sourcing in partnership with Conservation International.
- STARBUCKS coffee Pods by NESPRESSO with rich & caramelly notes

- Intensity: 11

- Intense and caramelly sweet, this coffee is at the heart of our handcrafted latte

- Coffee Pods compatible with NESPRESSO coffee machines

- Enjoy STARBUCKS at home. The coffee you love without leaving the house

- Committed to 100% Ethical Coffee Sourcing in partnership with Conservation International.",,,,,https://www.coles.com.au/product/starbucks-dark-espresso-roast-coffee-capsules-by-nespresso-205g-36-pack-4926663,,,2024-06-16T09:36:25.645840-04:00
Ind54SColes_ADrinks_SACoffee_IVittoria Latte Nespresso Compatible Coffee Capsules | 10 pack,Vittoria Latte Nespresso Compatible Coffee Capsules | 10 pack,Vittoria,Drinks,Coffee,Capsules,,$4.50,,$7.50,$0.45 per 1ea,3984347,"A medium-dark roast of 100% Arabica beans from Central and South America, Vittoria Latte has been specifically blended to drink with milk. The word 'latte' is derived from the traditional Italian term 'Caffe Latte' which translates to 'Milk Coffee'. This blend delivers a clean, medium bodied cup with a slightly sweet caramel-like aftertaste.
100% Arabica - Blend
Best Served: With Milk
Tasting Notes: Milk chocolate, Caramel, Toffee
Origins: Central and South America
Intensity: 12
Compatible with: Nespresso* Original Machines
Australian Made: Our aluminium capsules are roasted and packed locally in Australia for optimal freshness
By purchasing this product and other Vittoria packs bearing the OzHarvest mark you're helping to eliminate food waste and feed vulnerable Australians. For every kilo of coffee prepared for this pack, Vittoria donates $1 to OzHarvest which enables them to deliver two meals to people in need.
*Nespresso is a trademark of Societe des Produits Nestle SA. Neither that company nor its affiliates have manufactured or endorsed this product in any way and have no association to Vittoria Food & Beverage or the Vittoria Coffee brand. Compatible with Nespresso original machines (not compatible with the Vertuo System).",,,,,https://www.coles.com.au/product/vittoria-latte-nespresso-compatible-coffee-capsules-10-pack-3984347,,,2024-06-16T09:36:34.967857-04:00
Ind54SColes_ADrinks_SACoffee_IJed's No.3 Strong Ground Coffee | 200g,Jed's No.3 Strong Ground Coffee | 200g,Jeds,Drinks,Coffee,Ground coffee,,$7.00,,$10.00,$3.50 per 100g,6314362,"Here at Jed's, we love coffee, and we want you to love coffee too! That's why we source high quality beans from Brazil, India and Tanzania and batch roast locally in Sydney on a drum roaster. To give you the ultimate flavour experience and ensure freshness, Jed's coffee is roasted weekly and nitro flushed. Jed's blends range from medium to dark roast and are suitable for milk and milk alternative drinks so you can enjoy a cappuccino, flat white, latte or mocha.
Medium-dark roast colour with chocolate flavour. Rich in taste

Made from Brazil, India & Tanzania beans

Roasted in Sydney on a drum roaster

Coffee is nitro flushed

Suitable for milk & milk alternative drinks

Packaging is 100% recyclable via Redcycle.",,,,,https://www.coles.com.au/product/jed's-no.3-strong-ground-coffee-200g-6314362,,,2024-06-16T09:36:45.015577-04:00
Ind54SColes_ADrinks_SACoffee_INescafe Blend 43 Instant Coffee | 250g,Nescafe Blend 43 Instant Coffee | 250g,Nescafe,Drinks,Coffee,Instant Coffee,,$13.00,,,$5.20 per 100g,116402,"Every cup you drink can make a difference. Creating the perfect cup of bold and smooth coffee NESCAFE Blend 43 is proudly made from 100% responsibly sourced coffee beans. We take care & craft in individually roasting our Bold Robusta & Smooth Arabica coffee beans, bringing out their unique flavour & aroma. They are then blended to create the perfect cup. Through using 100% responsibly sourced coffee beans in NESCAFE Blend 43, we are making a difference for coffee farmers, helping to improve their lands and livelihoods.We are making a difference by sourcing 100% renewable electricity and using coffee grounds left over from the brewing process to help power our NESCAFE factory in Gympie, Queensland. What makes a NESCAFE Blend 43 cup of coffee more enjoyable is that every time you enjoy a cup, you are not just enjoying your favourite cup of coffee, you are also making a difference.
Intensity Score: 5 (Medium Roast)

-Roasted and blended right here in country Queensland, Australia.

-100% of NESCAF BLEND 43 coffee beans are sustainably sourced.

-NESCAF BLEND 43 tin, caps and glass jars are 100% recyclable. Plus, 60% of the energy powering our NESCAF factory comes from renewable energy, including used coffee grounds.

-A 250g Jar is recyclable and makes approx. 147 cups of coffee based on 1.7g per cup. It's perfect for the household offering great value in a convenient size.",,,,100% Natural Coffee Beans. Soluble Coffee.,https://www.coles.com.au/product/nescafe-blend-43-instant-coffee-250g-116402,,,2024-06-16T09:36:53.956066-04:00
Ind54SColes_ADrinks_SACoffee_IIlly Espresso Classico Capsules | 10 pack,Illy Espresso Classico Capsules | 10 pack,Illy,Drinks,Coffee,Capsules,,$8.00,,,$0.80 per 1ea,3626405,"Made from 100% Arabica coffee beans, this medium coffee is beautifully balanced with tasting notes of caramel, orange blossom and jasmine with a subtly sweet aftertaste.
Mild and balanced ground coffee in single-dose capsules
Ideal preparation is ristretto (25mL), espresso (40mL) and lungo (110mL)
Compatible with L'OR Barista and Nespresso* original coffee machines
100% recyclable capsules via partnership with Terracycle",,,,,https://www.coles.com.au/product/illy-espresso-classico-capsules-10-pack-3626405,,,2024-06-16T09:37:03.220543-04:00
Ind54SColes_ADrinks_SACoffee_IGrinders Rich Espresso Ground Coffee Slim Bag | 200g,Grinders Rich Espresso Ground Coffee Slim Bag | 200g,Grinders,Drinks,Coffee,Ground coffee,,,,,,8059652,"Enjoy our vibrant and chocolatey Rich Espresso blend, crafted by our master roaster with notes of dark chocolate and raisins.
Tasting Notes: Flavours of dried raisins, dark cocoa and malt, providing medium sweetness and a smooth after-taste. Beautifully balanced in body and acidity.

Aroma: The initial aroma is one of light floral and chocolate notes.

Roast: Medium - Dark Roast.

From crop to cup, we are about creating a better coffee that's more sustainable for everyone to enjoy. Made from 100% Rainforest Alliance sourced beans.

Nothing but freshly roasted, 100% ethically certified coffee.",,,,,https://www.coles.com.au/product/grinders-rich-espresso-ground-coffee-slim-bag-200g-8059652,,,2024-06-16T09:37:12.617808-04:00
Ind54SColes_ADrinks_SACoffee_IGrinders Ground Coffee | 200g,Grinders Ground Coffee | 200g,Grinders,Drinks,Coffee,Ground coffee,,,,,,8059630,"Enjoy our classic and full bodied Espresso blend, crafted by our master roaster with notes of cocoa and nuts.
Tasting Notes: Fruity and chocolate flavour notes, creating mild sweetness with a full-bodied mouth feel. Higher roasting maintains medium acidity and delivers a nutty and dark cocoa after-taste.

Aroma: The aroma is distinctly nutty.

Roast: Medium - Dark Roast.

From crop to cup, we are about creating a better coffee that's more sustainable for everyone to enjoy. Made from 100% Rainforest Alliance sourced beans.

Nothing but freshly roasted, 100% ethically certified coffee.",,,,,https://www.coles.com.au/product/grinders-ground-coffee-200g-8059630,,,2024-06-16T09:37:22.123343-04:00
Ind54SColes_ADrinks_SACoffee_IMoccona Classic Dark Roast Instant Coffee | 100g,Moccona Classic Dark Roast Instant Coffee | 100g,Moccona,Drinks,Coffee,Instant Coffee,,$11.50,,,$11.50 per 100g,5018874,"The perfect coffee to enjoy every day.

The heritage behind Moccona was born half a world away in the quaint Netherlands' village of Joure in 1753. Originally sold in delicatessens and small specialty stores, it symbolised the little indulgence from Europe that added to the pleasures of everyday.

Known for its premium taste and elegant glass jar, Moccona has become a much-loved classic in homes all over Australia.

Moccona blends are created by bringing together the world's finest beans: Arabica and the Robusta. The Arabica has a softer sweeter taste with berry and fruit tones while the Robusta bean has a deep rich flavour.

Together they bring the magical blend and character you expect from the perfect cup of coffee. Every time you smell the aroma of Moccona, you'll be reminded of the great passion that drives us to create moments of pure indulgence - just for you.

Experience the rich taste of Moccona Classic Dark Roast.

Its bold, full-bodied flavour and intense aroma make it the perfect coffee to enjoy everyday.

At Moccona, we care about coffee, the people who grow it and the planet it comes from.

Working together with our preferred partners like UTZ Certified, we help farmers prosper and help to preserve the environment.",,,,100% Coffee beans.,https://www.coles.com.au/product/moccona-classic-dark-roast-instant-coffee-100g-5018874,,,2024-06-16T09:37:31.147607-04:00
Ind54SColes_ADrinks_SACoffee_INescafe Coffee 98% Sugar Free Hazelnut | 10 pack,Nescafe Coffee 98% Sugar Free Hazelnut | 10 pack,Nescafe,Drinks,Coffee,Coffee mixes,,,,,,8059776,"Enjoy the simply delightful NESCAFE 98% Sugar Free* Hazelnut Latte. This delicious blend perfectly balances the creaminess of coffee with the smoothness of Hazelnut flavour creating a perfect cup -that's a little nutty too! All you need to do is add hot water and give it a good stir. The result is a delightfully creamy coffee that you can enjoy from the first to the last sip. So whatever you're up to, Now's good for a deliciously creamy NESCAFE Sugar Free* Hazelnut Latte. NESCAFE. Make Your World.
Available in 10 sachets per pack.",,,"Per 100g/ml
Per Serving
%DI
Energy
130kJ
190 kJ as prepared
2%
Protein
1g
1 g as prepared
1%
Total Fat
1g
2%
Saturated Fat
1g
1.3 g as prepared
5%
Carbohydrate
2.8g
4.2 g as prepared
1%
Sugars
1g
1.5 g as prepared
2%
Sodium
72mg
108 mg as prepared
5%
Dietary Fibre (total)
1g
1 g as prepared
2%
* Percentage Daily Intakes are based on an average adult diet of 8700 kJ. Your daily intakes may be higher or lower depending on your energy needs.",,https://www.coles.com.au/product/nescafe-coffee-98percent-sugar-free-hazelnut-10-pack-8059776,,,2024-06-16T09:37:43.085967-04:00
Ind54SColes_ADrinks_SACoffee_IVittoria Espresso Coffee Beans | 500g,Vittoria Espresso Coffee Beans | 500g,Vittoria,Drinks,Coffee,Coffee beans,,$14.00,,$20.00,$2.80 per 100g,3208358,"Vittoria's original and iconic blend, Espresso has remained unchanged for over 50 years. This blend of 100% Arabica coffee beans is darkly roasted to deliver the strong flavour of traditional Italian espresso.
Blend: 100% Arabica
Roast: Medium to Dark
Origins: Central and South America
Tasting Notes: Honey, Toasty
Best Served as: Enjoy as an espresso or with milk",,,,,https://www.coles.com.au/product/vittoria-espresso-coffee-beans-500g-3208358,,,2024-06-16T09:37:51.906224-04:00
Ind54SColes_ADrinks_SACoffee_IGrinders Crema Coffee Beans | 1kg,Grinders Crema Coffee Beans | 1kg,Grinders,Drinks,Coffee,Coffee beans,,$35.00,,,$3.50 per 100g,1336197,,,,,,https://www.coles.com.au/product/grinders-crema-coffee-beans-1kg-1336197,,,2024-06-16T09:38:00.928556-04:00
Ind54SColes_ADrinks_SACoffee_IVittoria Espresso Coffee Beans | 1kg,Vittoria Espresso Coffee Beans | 1kg,Vittoria,Drinks,Coffee,Coffee beans,,$22.00,,$37.00,$2.20 per 100g,9184897,"Vittoria's original and iconic blend, Espresso has remained unchanged for over 50 years. This blend of 100% Arabica coffee beans is darkly roasted to deliver the strong flavour of traditional Italian espresso.
Blend: 100% Arabica
Roast: Medium to Dark
Origins: Central and South America
Tasting Notes: Honey, Toasty
Best Served as: Enjoy as an espresso or with milk",,,,,https://www.coles.com.au/product/vittoria-espresso-coffee-beans-1kg-9184897,,,2024-06-16T09:38:10.477804-04:00
Ind54SColes_ADrinks_SACoffee_IDC Coffee Ground Darkness | 250g,DC Coffee Ground Darkness | 250g,DC,Drinks,Coffee,Coffee beans,,$8.00,,$10.00,$3.20 per 100g,3354860,"A terror from out of space...people on Earth, ''the Dark Side'' has arrived. For the robots, aliens, creatures of the night, and everything that lurks in the shadows be restored with the monstrous flavours of vanilla, almond and dark chocolate.
Sourced from Armenia, Colombia, Labareda, and Brazil
Vanilla, almond, and dark chocolate flavour
Walnut and cocoa aroma
Medium acidity
Medium-dark roast (Level 10)",,,,,https://www.coles.com.au/product/dc-coffee-ground-darkness-250g-3354860,,,2024-06-16T09:38:19.538941-04:00
Ind54SColes_ADrinks_SACoffee_IMoccona Rich & Dark Speciality Blend Coffee | 200g,Moccona Rich & Dark Speciality Blend Coffee | 200g,Moccona,Drinks,Coffee,Instant Coffee,,,,,,3232476,"A truly indulgent coffee experience brought to you by Moccona. 
 Moccona introduces a range of 3 Specialty blends, each made from carefully selected Arabica beans to deliver a unique coffee experience. From the full-bodied, velvety flavour of Indulgence, the distinctive dark roasted flavour of Rich to the delicate, fruity aromatic flavour of Exotic, there is a flavour for every coffee lover.
Known for its premium taste and elegant glass jar, Moccona has become a much-loved name in coffee in homes all over Australia.
 Life is too short to settle for second best. So make every moment count and enjoy the pleasure that can be found in the smallest of indulgences.
At Moccona we care about coffee, the people who grow it and the planet it comes from.

Working together with our preferred partners like UTZ Certified, we help farmers prosper and help to preserve the environment.",,,,100% Coffee beans.,https://www.coles.com.au/product/moccona-rich-and-dark-speciality-blend-coffee-200g-3232476,,,2024-06-16T09:38:28.442409-04:00
Ind54SColes_ADrinks_SACoffee_IVittoria Latte Beans Coffee | 1kg,Vittoria Latte Beans Coffee | 1kg,Vittoria,Drinks,Coffee,Coffee beans,,$22.00,,$37.00,$2.20 per 100g,4824390,"A medium-dark roast of 100% freeze dried Arabica beans. Latte has been specifically blended to drink with milk. The word 'latte' is derived from the traditional Italian term 'Caffe Latte' which translates to 'Milk Coffee'
Blend: 100% Arabica
Roast: Medium to Dark
Origin: Central and South America
Tasting Notes: Slightly sweet, caramel-like aftertaste
Best Served as: Milk-based coffee",,,,,https://www.coles.com.au/product/vittoria-latte-beans-coffee-1kg-4824390,,,2024-06-16T09:38:37.490419-04:00
Ind54SColes_ADrinks_SACoffee_IJarrah French Vanilla Latte Instant Coffee | 250g,Jarrah French Vanilla Latte Instant Coffee | 250g,Jarrah,Drinks,Coffee,Coffee mixes,,$3.75,,$7.50,$1.50 per 100g,5436900,,,,,,https://www.coles.com.au/product/jarrah-french-vanilla-latte-instant-coffee-250g-5436900,,,2024-06-16T09:38:47.563198-04:00
Ind54SColes_ADrinks_SACoffee_IGrinders Cafe Q Cremello Coffee Beans | 500g,Grinders Cafe Q Cremello Coffee Beans | 500g,Grinders Cafe,Drinks,Coffee,Coffee beans,,$13.00,,$26.00,$2.60 per 100g,6331113,"Grinders Coffee Roasters, crafted by Master Roasters. Since 1962 we have been delivering quality coffee with passion and expertise.

Grinders Coffee Cafe-Q Beans Cremello has been specially selected, batch roasted and blended by our Grinders Master Roaster for a cafe-quality coffee at home. The blend is well-rounded and versatile and has a  sweet flavour profile with nut, milk chocolate, and caramel notes.
Blend: 100% imported green coffee beans roasted and packed in Australia

Roast: Medium

Origins: 100% imported green coffee beans roasted and packed in Australia

Tasting Notes: Milk chocolate, Caramel, Nutty

Best Brewed: Espresso machine or grind accordingly for other preparations",,,,100% imported green coffee beans roasted and packed in Australia,https://www.coles.com.au/product/grinders-cafe-q-cremello-coffee-beans-500g-6331113,,,2024-06-16T09:38:56.714652-04:00
Ind54SColes_ADrinks_SACoffee_IMoccona Cadbury Mocha Sachets | 8 pack,Moccona Cadbury Mocha Sachets | 8 pack,Moccona,Drinks,Coffee,Coffee mixes,,,,,,4823999,,,,,,https://www.coles.com.au/product/moccona-cadbury-mocha-sachets-8-pack-4823999,,,2024-06-16T09:39:06.934692-04:00
Ind54SColes_ADrinks_SACoffee_IRobert Timms Premium Full Bodied Granulated Coffee | 200g,Robert Timms Premium Full Bodied Granulated Coffee | 200g,Robert Timms,Drinks,Coffee,Instant Coffee,,$10.70,,,$5.35 per 100g,4965712,The House of Robert Timms Full-Bodied Granulated Coffee is a rich and robust coffee for a truly satisfying taste and extraordinary aroma and flavour.,,,,coffee,https://www.coles.com.au/product/robert-timms-premium-full-bodied-granulated-coffee-200g-4965712,,,2024-06-16T09:39:16.234722-04:00
Ind54SColes_ADrinks_SACoffee_INescafe Decaf Cappuccino Coffee Sachets | 10 pack,Nescafe Decaf Cappuccino Coffee Sachets | 10 pack,Nescafe,Drinks,Coffee,Coffee mixes,,$7.60,,,$0.76 per 1ea,4976956,"Elevate your daily coffee routine with a delicious cup of NESCAFE Decaf Cappuccino. With a delectable layer of velvety froth and the full bodied coffee flavour you love, enjoy a cafe style creamy decaf cappuccino and treat yourself at any time in the comfort of your own home. All you need to do is add hot water, give it a good stir and top it off with a sprinkle of some choc topping. The result is a delightfully creamy coffee that you can enjoy from the first to the last sip. So whatever you're up to, Now's good for a deliciously creamy NESCAFE Decaf Cappuccino. If you love this, try the rest of our delicious range.
Available in 10 sachets per pack or in our value pack of 26 sachets.

We go beyond the cup. We're committed to sustainable sourcing and packaging so our coffee not only tastes good but also does good. Our coffee beans are roasted right here in Australia and 100% sustainably sourced.

We've also made the commitment to convert all of our packaging to 100% recyclable by 2025.

Includes a chocolate shaker.",,,"Per 100g/ml
Per Serving
%DI
Energy
150 kJ
220 kJ as prepared
3%
Protein
1 g
1 g as prepared
2%
Total Fat
1.3 g
1.9 g
3%
Saturated Fat
1.2 g
1.8 g as prepared
7%
Carbohydrate
6.4 g
9.6 g as prepared
3%
Sugars
2.8 g
4.1 g as prepared
5%
Sodium
51 mg
77 mg as prepared
3%
* Percentage Daily Intakes are based on an average adult diet of 8700 kJ. Your daily intakes may be higher or lower depending on your energy needs.",,https://www.coles.com.au/product/nescafe-decaf-cappuccino-coffee-sachets-10-pack-4976956,,,2024-06-16T09:39:27.351923-04:00
Ind54SColes_ADrinks_SABeverages_IMoccona Cafe Classics Caramel Latte Sachets | 10 pack,Moccona Cafe Classics Caramel Latte Sachets | 10 pack,Moccona Cafe,Drinks,Beverages,Coffee & tea,,$5.00,,,"$0.50 per 1ea
Was $6.00 on Jun 2024",4405536,"Relax and enjoy a little me-time with the new smooth taste of the creamy Caramel Latte style coffee from Moccona. Finished with a thick layer of velvety froth for that indulgent cafe style experience that's perfect any time of day.
98% Fat Free (as prepared with water)
Gluten Free
57 Calories per serve
Smooth taste and velvety froth",,,"Per 100g/ml
Per Serving
%DI
Energy
160
240
Protein
Less than 1g
Less than 1g
Total Fat
1.0g
1.6g
Saturated Fat
1.0g
1.5g
Carbohydrate
6.8g
10.2g
Sugars
4.9g
7.4g
Sodium
37mg
56mg
Energy (Cal)
38
57
Dietary Fibre (total)
Less than 1g
Less than 1g
* Percentage Daily Intakes are based on an average adult diet of 8700 kJ. Your daily intakes may be higher or lower depending on your energy needs.",,https://www.coles.com.au/product/moccona-cafe-classics-caramel-latte-sachets-10-pack-4405536,,,2024-06-16T09:39:38.492089-04:00
Ind54SColes_ADrinks_SABeverages_ILavazza Prontissimo Espresso Premium Instant Coffee | 95g,Lavazza Prontissimo Espresso Premium Instant Coffee | 95g,Lavazza,Drinks,Beverages,Coffee & tea,,$8.25,,,"$8.68 per 100g
Was $11.00 on Apr 2024",3756524,"Lavazza Prontissimo! brings you the real Italian taste in an instant.
Much more than an instant coffee, Prontissimo! in an extraordinary blend enriched with selected Arabica and finely ground coffee, for an authentic Italian taste experience.
Everything we love in espresso: lingering crema, long-tasting and intense flavor.",,,,"Instant Coffee (95%), Roasted Ground Coffee (5%)",https://www.coles.com.au/product/lavazza-prontissimo-espresso-premium-instant-coffee-95g-3756524,,,2024-06-16T09:39:47.607658-04:00
Ind54SColes_ADrinks_SABeverages_IMoccona Classic Medium Roast Instant Coffee | 400g,Moccona Classic Medium Roast Instant Coffee | 400g,Moccona,Drinks,Beverages,Coffee & tea,,$22.00,,,"$5.50 per 100g
Was $28.00 on Jun 2024",9693915,"The perfect coffee to enjoy every day.

The heritage behind Moccona was born half a world away in the quaint Netherlands' village of Joure in 1753. Originally sold in delicatessens and small specialty stores, it symbolised the little indulgence from Europe that added to the pleasures of everyday.

Known for its premium taste and elegant glass jar, Moccona has become a much-loved classic in homes all over Australia.

Moccona blends are created by bringing together the world's finest beans: Arabica and the Robusta. The Arabica has a softer sweeter taste with berry and fruit tones while the Robusta bean has a deep rich flavour.

Together they bring the magical blend and character you expect from the perfect cup of coffee. Every time you smell the aroma of Moccona, you'll be reminded of the great passion that drives us to create moments of pure indulgence - just for you.

Experience the smooth taste of Moccona Classic Medium Roast. Its full-bodied flavour and rich aroma make it the perfect coffee to enjoy everyday.

At Moccona we care about coffee, the people who grow it and the planet it comes from.

Working together with our preferred partners like UTZ Certified, we help farmers prosper and help to preserve the environment.",,,,100% Coffee beans.,https://www.coles.com.au/product/moccona-classic-medium-roast-instant-coffee-400g-9693915,,,2024-06-16T09:39:57.584093-04:00
Ind54SColes_ADrinks_SACoffee_IVittoria Freeze Dried Latte Instant Coffee | 100g,Vittoria Freeze Dried Latte Instant Coffee | 100g,Vittoria,Drinks,Coffee,Instant Coffee,,$7.50,,$12.50,$7.50 per 100g,4737525,"A medium-dark roast of 100% freeze dried Arabica beans. Latte has been specifically blended to drink with milk. The word 'latte' is derived from the traditional Italian term 'Caffe Latte' which translates to 'Milk Coffee'.
This blend delivers a clean, medium bodied cup with a slightly sweet, caramel-like aftertaste.
Blend: Central and South America
Roast: Medium-Dark
Intensity: 12/15
Brewing Guide: Add 1-2 tbs to 85-92Â° water",,,,,https://www.coles.com.au/product/vittoria-freeze-dried-latte-instant-coffee-100g-4737525,,,2024-06-16T09:40:06.668001-04:00
Ind54SColes_ADrinks_SABeverages_IJed's No.3 Strong Coffee Beans | 1kg,Jed's No.3 Strong Coffee Beans | 1kg,Jeds,Drinks,Beverages,Coffee & tea,,$21.50,,,"$2.15 per 100g
Was $36.00 on Apr 2024",6314180,"Here at Jed's, we love coffee, and we want you to love coffee too! That's why we source high quality beans from Brazil, India and Tanzania and batch roast locally in Sydney on a drum roaster. To give you the ultimate flavour experience and ensure freshness, Jed's coffee is roasted weekly and nitro flushed. Jed's blends range from medium to dark roast and are suitable for milk and milk alternative drinks so you can enjoy a cappuccino, flat white, latte or mocha.
Medium-dark roast colour with chocolate flavour. Rich in taste

Made from Brazil, India & Tanzania beans

Roasted in Sydney on a drum roaster

Coffee is nitro flushed

Suitable for milk & milk alternative drinks

Packaging is 100% recyclable via Redcycle.",,,,,https://www.coles.com.au/product/jed's-no.3-strong-coffee-beans-1kg-6314180,,,2024-06-16T09:40:15.719049-04:00
Ind54SColes_ADrinks_SACoffee_INescafe Gold Original Instant Coffee Jar | 200g,Nescafe Gold Original Instant Coffee Jar | 200g,Nescafe,Drinks,Coffee,Instant Coffee,,$16.00,,,$8.00 per 100g,8048033,"A blend of Arabica and Robusta Beans gives a balanced coffee with sweet aromatic notes and a subtle roastiness. 100% soluble coffee.
Through using 100% responsibly sourced coffee, we are supporting coffee farmers to improve their lands and livelihoods. To learn more visit nescafe.com.au or nescafe.co.nz.",,,,100% Soluble Coffee.,https://www.coles.com.au/product/nescafe-gold-original-instant-coffee-jar-200g-8048033,,,2024-06-16T09:40:24.660441-04:00
Ind54SColes_ADrinks_SACoffee_INescafe Hazelnut Latte Coffee Sachets | 10 pack,Nescafe Hazelnut Latte Coffee Sachets | 10 pack,Nescafe,Drinks,Coffee,Coffee mixes,,$7.60,,,$0.76 per 1ea,4491550,"Have a little something for yourself and enjoy a special moment of coffee delight and flavours of freshly roasted hazelnuts with NESCAFE Hazelnut Latte. With a delectable layer of velvety froth and quality coffee, enjoy a cafe style creamy hazelnut latte and treat yourself at any time in the comfort of your own home. All you need to do is add hot water and give it a good stir. The result is a delightfully creamy coffee that you can enjoy from the first to the last sip. So whatever you're up to, Now's good for a deliciously creamy NESCAFE Hazelnut Latte. NESCAFE. Make Your World.
Available in 10 sachets per pack or in our value pack of 26 sachets.

We go beyond the cup. We're committed to sustainable sourcing and packaging so our coffee not only tastes good but also does good. Our coffee beans are roasted right here in Australia and 100% sustainably sourced.

We've also made the commitment to convert all of our packaging to 100% recyclable by 2025.",,,"Per 100g/ml
Per Serving
%DI
Energy
210kJ
320 kJ As Prepared
4%
Protein
1g
1 g As Prepared
1%
Total Fat
1.5g
2.2g
3%
Saturated Fat
1.3g
2 g As Prepared
8%
Carbohydrate
9.5g
14.3 g As Prepared
5%
Sugars
6.1g
9.1 g As Prepared
10%
Sodium
52mg
78 mg As Prepared
3%
* Percentage Daily Intakes are based on an average adult diet of 8700 kJ. Your daily intakes may be higher or lower depending on your energy needs.",,https://www.coles.com.au/product/nescafe-hazelnut-latte-coffee-sachets-10-pack-4491550,,,2024-06-16T09:40:37.158753-04:00
Ind54SColes_ADrinks_SACoffee_INescafe Blend 43 Instant Decaf | 250g,Nescafe Blend 43 Instant Decaf | 250g,Nescafe,Drinks,Coffee,Instant Coffee,,$21.00,,,$8.40 per 100g,7229983,"Every cup you drink can make a difference. When you want a brew without the buzz, this bold & smooth roast is the perfect choice. Pure water is used to gently remove the caffeine, while the medium roast gives it a rich flavour and aroma. A cup of NESCAFE Blend 43 Decaf contains no more than 5mg of caffeine per 1.7g serve.Through using 100% responsibly sourced coffee beans in NESCAFE Blend 43, we are making a difference for coffee farmers, helping to improve their lands and livelihoods.We are making a difference by sourcing 100% renewable electricity and using coffee grounds left over from the brewing process to help power our NESCAFE factory in Gympie, Queensland. What makes a NESCAFE Blend 43 cup of coffee more enjoyable is that every time you enjoy a cup, you are not just enjoying your favourite cup of coffee, you are also making a difference.
Intensity Score: 5 (Medium Roast)

- Decaffeinated using only water.

- Roasted and blended right here in country Queensland, Australia.

- 100% of NESCAF BLEND 43 coffee beans are sustainably sourced.

- NESCAF BLEND 43 tin, caps and glass jars are 100% recyclable. Plus, 60% of the energy powering our NESCAF factory comes from renewable energy, including used coffee grounds.

- A 250g Jar is recyclable and makes approx. 147 cups of coffee based on 1.7g per cup. It's perfect for the household offering great value in a convenient size..",,,,100% Natural Coffee Beans. Decaffeinated Soluble Coffee. Contains Not More Than 5mg Caffeine Per 1.7g Serve,https://www.coles.com.au/product/nescafe-blend-43-instant-decaf-250g-7229983,,,2024-06-16T09:40:48.167479-04:00
Ind54SColes_ADrinks_SACoffee_IStarbucks Nespresso Compatible Capsules Caramel | 10 pack,Starbucks Nespresso Compatible Capsules Caramel | 10 pack,Starbucks,Drinks,Coffee,Capsules,,$7.90,Pick any 3 for $18,,$0.79 per 1ea,6190260,"Smooth, buttery caramel and vanilla notes are waiting in every well-rounded cup of Starbucks Smooth Caramel by Nespresso. It's the darker side of our blonde roast, to be enjoyed at the touch of a button - with or without milk for an oh-so-delicious cup for your next Starbucks moment.
- STARBUCKS coffee Pods by NESPRESSO with smooth & sweet notes

- Intensity: 6

- Coffee Pods compatible with NESPRESSO coffee machines

- Enjoy STARBUCKS at home. The coffee you love without leaving the house",,,,,https://www.coles.com.au/product/starbucks-nespresso-compatible-capsules-caramel-10-pack-6190260,,,2024-06-16T09:40:57.313790-04:00
Ind54SColes_ADrinks_SACoffee_INescafe Mocha Coffee Sachets | 26 Pack,Nescafe Mocha Coffee Sachets | 26 Pack,Nescafe,Drinks,Coffee,Coffee mixes,,$11.00,,,$0.42 per 1ea,2868001,"NESCAFE Mocha delivers a delicious combination of coffee and cocoa for that perfect afternoon indulgence. With a delectable layer of velvety froth and quality coffee, enjoy a cafe style creamy mocha and treat yourself at any time in the comfort of your own home. All you need to do is add hot water and give it a good stir. The result is a delightfully creamy coffee that you can enjoy from the first to the last sip. So whatever you're up to, Now's good for a deliciously creamy NESCAFE Mocha. NESCAFE. Make Your World.
Available in 10 sachets per pack or in our value pack of 26 sachets.

We go beyond the cup. We're committed to sustainable sourcing and packaging so our coffee not only tastes good but also does good. Our coffee beans are roasted right here in Australia and 100% sustainably sourced.

We've also made the commitment to convert all of our packaging to 100% recyclable by 2025.",,,"Per 100g/ml
Per Serving
%DI
Energy
200 kJ
300 kJ as prepared
3%
Protein
1 g
1 g as prepared
2%
Total Fat
1.3 g
1.9 g
3%
Saturated Fat
1.2 g
1.7 g as prepared
7%
Carbohydrate
9.6 g
14.5 g as prepared
5%
Sugars
6.1 g
9.1 g as prepared
10%
Sodium
49 mg
74 mg as prepared
3%
* Percentage Daily Intakes are based on an average adult diet of 8700 kJ. Your daily intakes may be higher or lower depending on your energy needs.",,https://www.coles.com.au/product/nescafe-mocha-coffee-sachets-26-pack-2868001,,,2024-06-16T09:41:09.686047-04:00
Ind54SColes_ADrinks_SACoffee_IMoccona Classic Medium Roast Instant Coffee | 100g,Moccona Classic Medium Roast Instant Coffee | 100g,Moccona,Drinks,Coffee,Instant Coffee,,$11.50,,,$11.50 per 100g,303556,"The perfect coffee to enjoy every day.

The heritage behind Moccona was born half a world away in the quaint Netherlands' village of Joure in 1753. Originally sold in delicatessens and small specialty stores, it symbolised the little indulgence from Europe that added to the pleasures of everyday.

Known for its premium taste and elegant glass jar, Moccona has become a much-loved classic in homes all over Australia.

Moccona blends are created by bringing together the world's finest beans: Arabica and the Robusta. The Arabica has a softer sweeter taste with berry and fruit tones while the Robusta bean has a deep rich flavour.

Together they bring the magical blend and character you expect from the perfect cup of coffee. Every time you smell the aroma of Moccona, you'll be reminded of the great passion that drives us to create moments of pure indulgence - just for you.

Experience the smooth taste of Moccona Classic Medium Roast. Its full-bodied flavour and rich aroma make it the perfect coffee to enjoy everyday.

At Moccona we care about coffee, the people who grow it and the planet it comes from.

Working together with our preferred partners like UTZ Certified, we help farmers prosper and help to preserve the environment.",,,,100% Coffee beans.,https://www.coles.com.au/product/moccona-classic-medium-roast-instant-coffee-100g-303556,,,2024-06-16T09:41:18.636563-04:00
Ind54SColes_ADrinks_SACoffee_IVittoria Long Black Coffee Bags | 20 pack,Vittoria Long Black Coffee Bags | 20 pack,Vittoria,Drinks,Coffee,Instant Coffee,,$7.50,,$12.50,$0.38 per 1ea,6395229,,,,,,https://www.coles.com.au/product/vittoria-long-black-coffee-bags-20-pack-6395229,,,2024-06-16T09:41:27.824018-04:00
Ind54SColes_ADrinks_SACoffee_ILavazza Barista Intenso Ground Coffee | 250g,Lavazza Barista Intenso Ground Coffee | 250g,Lavazza,Drinks,Coffee,Ground coffee,,,,,,8087691,,,,,,https://www.coles.com.au/product/lavazza-barista-intenso-ground-coffee-250g-8087691,,,2024-06-16T09:41:36.534152-04:00
Ind54SColes_ADrinks_SACoffee_INescafe Iced Salted Caramel Coffee Sachets | 8 pack,Nescafe Iced Salted Caramel Coffee Sachets | 8 pack,Nescafe,Drinks,Coffee,Coffee mixes,,$7.60,,,$0.95 per 1ea,4406175,"A little bit SALTY, a little SWEET and always EFFORTLESSLY COOL. NESCAFE Salted Caramel Iced Cappuccino takes icy cold coffee, adds a cheeky dash of smooth salted caramel flavour and tops it off with a layer of cool, creamy froth for a refreshing cafe-quality experience. All you need to do is add cold water and give it a good stir. The result is a delightfully creamy coffee that you can enjoy from the first to the last sip. So whatever you're up to, Now's good for a deliciously creamy NESCAFE Salted Caramel Iced Cappuccino. NESCAFE. Make Your World.
Available in 8 sachets per pack.

We go beyond the cup. We're committed to sustainable sourcing and packaging so our coffee not only tastes good but also does good. Our coffee beans are roasted right here in Australia and 100% sustainably sourced.

We've also made the commitment to convert all of our packaging to 100% recyclable by 2025.",,,"Per 100g/ml
Per Serving
%DI
Energy
170kJ
260 kJ as prepared
3%
Protein
1g
1.3 g as prepared
3%
Total Fat
1g
1g
1%
Saturated Fat
1g
1 g as prepared
3%
Carbohydrate
8.8g
13.2 g as prepared
4%
Sugars
6.3g
9.4 g as prepared
10%
Sodium
65mg
100 mg as prepared
4%
* Percentage Daily Intakes are based on an average adult diet of 8700 kJ. Your daily intakes may be higher or lower depending on your energy needs.",,https://www.coles.com.au/product/nescafe-iced-salted-caramel-coffee-sachets-8-pack-4406175,,,2024-06-16T09:41:48.343526-04:00
Ind54SColes_ADrinks_SACoffee_IDaley Street Medium/Dark Aluminium Nespresso Compatible Coffee Capsules | 30 pack,Daley Street Medium/Dark Aluminium Nespresso Compatible Coffee Capsules | 30 pack,Daley Street,Drinks,Coffee,Capsules,,,,,,3928561,"Medium/Dark Roast 30x Aluminium Capsules BOLD 9 Brazilian, Colombian & Kenyan Arabica beans DELIVER NOTES OF HONEY - ALMOND - RASPBERRY Nespresso Machine Compatible*",,,,,https://www.coles.com.au/product/daley-street-mediumdark-aluminium-nespresso-compatible-coffee-capsules-30-pack-3928561,,,2024-06-16T09:41:59.699486-04:00
Ind54SColes_ADrinks_SACoffee_IBean Ground & Drunk Organic Decaffeinated Medium Roast Fairtrade Coffee | 250g,Bean Ground & Drunk Organic Decaffeinated Medium Roast Fairtrade Coffee | 250g,Bean Ground&Drunk,Drinks,Coffee,Ground coffee,,$8.75,,$11.00,$3.50 per 100g,2007099,"Roast Profile: Medium - Full
Strength: Light - Medium
Taste Profile
Ultra-clean and smooth, as espresso this certified Swiss Water Decaffeinated presents with an overall bright and fruity taste balanced with cashew and almond notes. This coffee sans caffeine is pleasantly tart and has a delicious viscosity on the palate.",,,,PERU,https://www.coles.com.au/product/bean-ground-and-drunk-organic-decaffeinated-medium-roast-fairtrade-coffee-250g-2007099,,,2024-06-16T09:42:09.357844-04:00
Ind54SColes_ADrinks_SACoffee_IBushells Classic Gourmet Instant Coffee | 200g,Bushells Classic Gourmet Instant Coffee | 200g,Bushells,Drinks,Coffee,Instant Coffee,,$6.80,,$8.50,$3.40 per 100g,8456958,"Bushells Coffee Classic Powder is a rich blend of the world's finest coffee beans. The beans are carefully selected, blended and gently roasted in Australia to bring out the smooth, mild flavour for which Bushells Coffee is famous for.",,,,coffee,https://www.coles.com.au/product/bushells-classic-gourmet-instant-coffee-200g-8456958,,,2024-06-16T09:42:18.706177-04:00
Ind54SColes_ADrinks_SACoffee_IColes Urban Coffee Culture Organic Ground | 250g,Coles Urban Coffee Culture Organic Ground | 250g,Coles,Drinks,Coffee,Ground coffee,,$5.00,,,$2.00 per 100g,2262336,"Intensity 10Stamp: Batch roasted in Melbourne, Victoria.A MEDIUM ROAST GIVING A SWEET FLAVOUR OF DELICIOUS CARAMEL AND MAPLE SYRUP NOTESOur specially crafted coffee is sourced and roasted with passion for your enjoyment.",,,,INGREDIENTS: Organic Roast and Ground Coffee^.,https://www.coles.com.au/product/coles-urban-coffee-culture-organic-ground-250g-2262336,,,2024-06-16T09:42:27.817858-04:00
Ind54SColes_ADrinks_SACoffee_IVittoria Decaffeinated Nespresso Compatible Coffee Capsules | 10 pack,Vittoria Decaffeinated Nespresso Compatible Coffee Capsules | 10 pack,Vittoria,Drinks,Coffee,Capsules,,$4.50,,$7.50,$0.45 per 1ea,3984369,"Decaffeinated using a natural water process, this 100% Arabica blend has a sweet aroma and medium body with an authentic Italian espresso flavour.
100% Arabica - Blend
Best Served: With Milk
Tasting Notes: Grape, Winey
Intensity: 13
Compatible with: Nespresso* Original Machines
Australian Made: Our aluminium capsules are roasted and packed locally in Australia for optimal freshness.
By purchasing this product and other Vittoria packs bearing the OzHarvest mark you're helping to eliminate food waste and feed vulnerable Australians. For every kilo of coffee prepared for this pack, Vittoria donates $1 to OzHarvest which enables them to deliver two meals to people in need.
*Nespresso is a trademark of Societe des Produits Nestle SA. Neither that company nor its affiliates have manufactured or endorsed this product in any way and have no association to Vittoria Food & Beverage or the Vittoria Coffee brand. Compatible with Nespresso original machines (not compatible with the Vertuo System).",,,,,https://www.coles.com.au/product/vittoria-decaffeinated-nespresso-compatible-coffee-capsules-10-pack-3984369,,,2024-06-16T09:42:38.033784-04:00
Ind54SColes_ADrinks_SACoffee_IGrinders Cafe Q Cremello Coffee Beans | 1kg,Grinders Cafe Q Cremello Coffee Beans | 1kg,Grinders Cafe,Drinks,Coffee,Coffee beans,,$23.50,,$47.00,$2.35 per 100g,6330788,"Grinders Coffee Roasters, crafted by Master Roasters. Since 1962 we have been delivering quality coffee with passion and expertise.

Grinders Coffee Cafe-Q Beans Cremello has been specially selected, batch roasted and blended by our Grinders Master Roaster for a cafe-quality coffee at home. The blend is well-rounded and versatile and has a  sweet flavour profile with nut, milk chocolate, and caramel notes.
Blend: 100% imported green coffee beans roasted and packed in Australia

Roast: Medium

Origins: 100% imported green coffee beans roasted and packed in Australia

Tasting Notes: Milk Chocolate, Caramel, Nutty

Best Brewed: Espresso machine or grind accordingly for other preparations",,,,100% imported green coffee beans roasted and packed in Australia.,https://www.coles.com.au/product/grinders-cafe-q-cremello-coffee-beans-1kg-6330788,,,2024-06-16T09:42:47.466003-04:00
Ind54SColes_ADrinks_SACoffee_IStarbucks By Nespresso Compatible Capsules Blonde Espresso | 36 pack,Starbucks By Nespresso Compatible Capsules Blonde Espresso | 36 pack,Starbucks,Drinks,Coffee,Capsules,,$16.80,,,$0.47 per 1ea,6190281,"Nearly five decades of sourcing, blending and roasting brought us here: a second espresso that's boldly mellow. This special blend of beans from Latin America was carefully roasted to coax out sweet, vibrant notes. Soft and balanced, it highlights milk's sweeter side, making classic espresso drinks extra smooth without a roasty edge.

Years of focus and expertise have led to the STARBUCKS Roast Spectrum. Each coffee bean requires a unique balance of temperature and time to reach its individual peak of aroma, acidity, body and flavour.

Lighter-bodied and mellow, STARBUCKS BLONDE-roast coffees awaken the senses gently and deliver an approachable and flavourful cup with slight hints of light roast.

STARBUCKS coffee Pods by NESPRESSO, compatible with NESPRESSO coffee machines.
- STARBUCKS coffee Pods by NESPRESSO with smooth & sweet notes

- Intensity: 6

- Soft and mellow flavour, this is our lightest espresso roast

- Coffee Pods compatible with NESPRESSO coffee machines

- Enjoy STARBUCKS at home. The coffee you love without leaving the house

- This special blend of beans from Latin America was carefully roasted to bring out sweet, vibrant notes.

- Committed to 100% Ethical Coffee Sourcing in partnership with Conservation International.",,,,,https://www.coles.com.au/product/starbucks-by-nespresso-compatible-capsules-blonde-espresso-36-pack-6190281,,,2024-06-16T09:42:56.579171-04:00
Ind54SColes_ADrinks_SACoffee_IColes Urban Coffee Culture Decaf Aluminium | 10 pack,Coles Urban Coffee Culture Decaf Aluminium | 10 pack,Coles,Drinks,Coffee,Capsules,,$4.00,,,$0.40 per 1ea,5020796,"Our Story At Urban Coffee Culture, we're passionate coffee curators. First, we carefully select our beans from some of the world's best coffee growing regions. The beans are then blended, and batch roasted at our Melbourne roastery to bring out their full potential and flavour. The result is a delicious premium coffee that you can enjoy every day, knowing that each bean has been sourced from Rainforest Alliance Certified farms. Nespresso® is a trade mark of Societe Des Products Nestle SA. Neither that company not its affiliates have manufactured or endorsed this product in any way.",,,,,https://www.coles.com.au/product/coles-urban-coffee-culture-decaf-aluminium-10-pack-5020796,,,2024-06-16T09:43:05.601363-04:00
Ind54SColes_ADrinks_SACoffee_IL'OR Espresso Lungo Profondo Capsules | 40 pack,L'OR Espresso Lungo Profondo Capsules | 40 pack,LOR,Drinks,Coffee,Capsules,,$22.00,,,$0.55 per 1ea,3984008,"A journey of taste from start to finish with a medium roast taken right to the edge of dark. Deeper hints of chocolate and nuts, then light toasty notes, contrasted with soft fruitiness. A lingering, distinct aftertaste keeps you yearning for more.

Blended by L'OR Coffee Artists
Toasty, fruity and distinct ground coffee in single-dose capsules
Ideal preparation is espresso (40mL)
Compatible with L'OR Barista and Nespresso* original coffee machines
100% Rainforest Alliance certified coffee beans
100% recyclable capsules via partnership with Terracycle",,,,,https://www.coles.com.au/product/l'or-espresso-lungo-profondo-capsules-40-pack-3984008,,,2024-06-16T09:43:15.619490-04:00
Ind54SColes_ADrinks_SACoffee_IStarbucks By Nespresso Dark Espresso Roast Capsules | 10 pack,Starbucks By Nespresso Dark Espresso Roast Capsules | 10 pack,Starbucks,Drinks,Coffee,Capsules,,$7.90,Pick any 3 for $18,,$0.79 per 1ea,3613072,"Every espresso beverage we handcraft for you started right here. The quest began in 1975 with a search for the perfect melding of beans and roast, ending months of intense experimentation later with the coffee you're holding in your hand. A recipe for caramelly sweetness - so right it's never been changed.Years of focus and expertise have led to the Starbucks Roast Spectrum. Each coffee bean requires a unique balance of temperature and time to reach its individual peak of aroma, acidity, body and flavour.Dark Roast: Fuller-bodied and bold, our dark-roast coffees feature robust flavours and the characteristic essence of an intense roast.Enjoy Starbucks at home. The coffee you love without leaving the house.Coffee capsules for Nespresso coffee machines.Rich & Caramelly notes. Intense and caramelly sweet, this coffee is at the heart of our handcrafted latte.Intensity: 10Cup Recommendation: Espresso (40ml)Committed to 100% Ethical Coffee Sourcing in partnership with Conservation International.For NESPRESSO Machines.
- STARBUCKS coffee Pods by NESPRESSO with rich & caramelly notes

- Intensity: 11

- Intense and caramelly sweet, this coffee is at the heart of our handcrafted latte

- Coffee Pods compatible with NESPRESSO coffee machines

- Enjoy STARBUCKS at home. The coffee you love without leaving the house

- Committed to 100% Ethical Coffee Sourcing in partnership with Conservation International.",,,,Contents: 10 Capsules of Roast and Ground Coffee for the Nespresso System. 100% Arabica,https://www.coles.com.au/product/starbucks-by-nespresso-dark-espresso-roast-capsules-10-pack-3613072,,,2024-06-16T09:43:25.038030-04:00
Ind54SColes_ADrinks_SACoffee_IVittoria Italian Blend Ground Coffee | 500g,Vittoria Italian Blend Ground Coffee | 500g,Vittoria,Drinks,Coffee,Ground coffee,,$11.00,,$13.00,$2.20 per 100g,3208347,"Italian is one of Vittoria's original blends, reminiscent of Italian style coffee. Italian blend is a roast of 100% Arabica coffee beans with a medium body delivering a smooth finish with rich crema. Italian blend is perfect as a short black or with milk.

Blend: 100% Arabica

Roast: Medium

Origins: Central and South America

Tasting Notes: Honey & Toasty

Best brewed with: Filter machines, stove top brewers, plungers & pour overs",,,,,https://www.coles.com.au/product/vittoria-italian-blend-ground-coffee-500g-3208347,,,2024-06-16T09:43:34.395318-04:00
Ind54SColes_ADrinks_SACoffee_IStarbucks Medium House Blend Coffee Capsules By Nespresso 205g | 36 pack,Starbucks Medium House Blend Coffee Capsules By Nespresso 205g | 36 pack,Starbucks,Drinks,Coffee,Capsules,,$16.80,,,$0.47 per 1ea,4926674,"STARBUCKS by Nespresso House Blend Coffee Pods 36pkMedium RoastRich & Toffee NotesIntensity 8 Lungo (110ml) 100% ArabicaA blend of fine Latin American beans roasted to a glistening, dark chestnut colour. Loaded with flavour, balancing tastes of nut and cocoa, just a touch of sweetness from the roast. This coffee is our beginning, the very first blend we ever created for you back in 1971. A true reflection of us and a delicious cup of coffee, period. For Nespresso Machines.Committed to 100% Ethical Coffee Sourcing in partnership with Conservation International.
- STARBUCKS coffee Pods by NESPRESSO, rich with toffee notes

- Intensity: 8

- Aroma, body and flavour all in balance with tastes of nuts and cocoa

- Coffee Pods compatible with NESPRESSO Coffee Machines

- Enjoy STARBUCKS at home. The coffee you love without leaving the house

- A blend of fine Latin American beans roasted to a glistening, dark chestnut colour.

- Committed to 100% Ethical Coffee Sourcing in partnership with Conservation International.",,,,,https://www.coles.com.au/product/starbucks-medium-house-blend-coffee-capsules-by-nespresso-205g-36-pack-4926674,,,2024-06-16T09:43:43.454975-04:00
Ind54SColes_ADrinks_SACoffee_IVittoria Espresso Ground Coffee | 1kg,Vittoria Espresso Ground Coffee | 1kg,Vittoria,Drinks,Coffee,Ground coffee,,$22.00,,$37.00,$2.20 per 100g,5098986,"Vittoria's original and iconic blend, Espresso has remained unchanged for over 50 years. This blend of 100% Arabica coffee beans is darkly roasted to deliver the strong flavour of traditional Italian espresso.

Blend: 100% Arabica

Roast: Medium to Dark

Origins: Central and South America

Tasting Notes: Honey, Toasty

Best brewed with: Filter machines, stove top brewers, plungers & pour overs",,,,,https://www.coles.com.au/product/vittoria-espresso-ground-coffee-1kg-5098986,,,2024-06-16T09:43:52.269247-04:00
Ind54SColes_ADrinks_SACoffee_IVittoria Black Compatible Coffee Capsules | 20 pack,Vittoria Black Compatible Coffee Capsules | 20 pack,Vittoria,Drinks,Coffee,Capsules,,,,,,8057511,,,,,,https://www.coles.com.au/product/vittoria-black-compatible-coffee-capsules-20-pack-8057511,,,2024-06-16T09:44:01.161059-04:00
Ind54SColes_ADrinks_SACold drinks_ICoca-Cola Classic Soft Drink Bottle | 385mL,Coca-Cola Classic Soft Drink Bottle | 385mL,Coca-Cola,Drinks,Cold drinks,Cold soft drinks,,$3.95,,,$10.26 per 1L,6317065,"Nothing beats the taste of Coca-Cola Classic. It's the perfect companion whether you're on the go, relaxing at home, enjoying with friends or as a drink with your meal. Refresh yourself with the authentic Coke taste. Designed to go with everything, the taste of Classic Coca-Cola has remained unchanged for more than 130 years. Coca-Cola soft drink is available in cans, mini cans, single serve and sharing size bottles as well as multipacks.
Classic Coke Taste

Serve Drink Cold for Maximum Refreshment

A Quality Product of The Coca-Cola Company

385mL Glass Soft Drink

Perfect for drinking on the go, having with a meal or relaxing with at home.",,,"Per 100g/ml
Per Serving
%DI
Energy
180
693
8
Protein
0
0
0
Total Fat
0
0
0
Saturated Fat
0
0
0
Carbohydrate
10.6
41
13
Sugars
10.6
41
45
Sodium
10
39
2
Energy (Cal)
43
166
8
* Percentage Daily Intakes are based on an average adult diet of 8700 kJ. Your daily intakes may be higher or lower depending on your energy needs.",,https://www.coles.com.au/product/coca-cola-classic-soft-drink-bottle-385ml-6317065,,,2024-06-16T10:04:33.891316-04:00
Ind54SColes_ADrinks_SACold drinks_ICoca-Cola Diet Coke Soft Drink Bottle | 600mL,Coca-Cola Diet Coke Soft Drink Bottle | 600mL,Coca-Cola,Drinks,Cold drinks,Cold soft drinks,,$4.25,,,$7.08 per 1L,5468440,"Diet Coke is a deliciously light, sugar free and no kilojoule soft drink. It delivers a distinct, unique and light taste. With its bubbly sparkle, 'Diet Coke' has been refreshing and delighting drinkers for decades. The perfect sparkling soft drink for enjoying on the go, having with a meal or relaxing with at home. Coca-Cola Diet soft drink is available in cans, mini cans, single serve and sharing size bottles as well as multipacks.
Distinct Diet Coke Taste

No Sugar and Low Kilojoule

A Quality Product of The Coca-Cola Company

600mL Soft Drink

Perfect for drinking on the go, having with a meal or relaxing with at home.",,,"Per 100g/ml
Per Serving
%DI
Energy
1.9
11.4
0.1
Protein
0.05
0.3
0.6
Total Fat
0
0
0
Saturated Fat
0
0
0
Carbohydrate
0.1
0.6
0.2
Sugars
0
0
0
Sodium
1
6
0.3
Energy (Cal)
0.5
2.7
0.1
Dietary Fibre (total)
0
0
0
* Percentage Daily Intakes are based on an average adult diet of 8700 kJ. Your daily intakes may be higher or lower depending on your energy needs.",,https://www.coles.com.au/product/coca-cola-diet-coke-soft-drink-bottle-600ml-5468440,,,2024-06-16T10:04:44.673549-04:00
Ind54SColes_ADrinks_SACold drinks_ICoca-Cola Zero Sugar Soft Drink Bottle | 600mL,Coca-Cola Zero Sugar Soft Drink Bottle | 600mL,Coca-Cola,Drinks,Cold drinks,Cold soft drinks,,$4.25,,,$7.08 per 1L,2993728,"Coca-Cola Zero Sugar is a deliciously light choice for those who want the classic taste of Coke with no sugar. Whether sharing with family and friends or accompanying a meal, Coca-Cola Zero Sugar has a pack for almost any occasion. Coca-Cola Zero Sugar soft drink is available in cans, mini cans, single serve and sharing size bottles as well as multipacks.
The Coke Taste You Love with No Sugar and Low Calories

Serve Drink Cold for Maximum Refreshment

A Quality Product of The Coca-Cola Company

Perfect for drinking on the go, having with a meal or relaxing with at home.

Serve Drink Cold for Maximum Refreshment",,,"Per 100g/ml
Per Serving
%DI
Energy
1.2
7.1
0.1
Protein
0.02
0.1
0.2
Total Fat
0
0
0
Saturated Fat
0
0
0
Carbohydrate
0.03
0.2
0.1
Sugars
0
0
0
Sodium
4.1
25
1
Energy (Cal)
0.3
1.7
0.1
Dietary Fibre (total)
0
0
0
* Percentage Daily Intakes are based on an average adult diet of 8700 kJ. Your daily intakes may be higher or lower depending on your energy needs.",,https://www.coles.com.au/product/coca-cola-zero-sugar-soft-drink-bottle-600ml-2993728,,,2024-06-16T10:04:55.465290-04:00
Ind54SColes_ADrinks_SAEnergy drinks_IRed Bull Sugar Free Energy Drink Single Can | 250mL,Red Bull Sugar Free Energy Drink Single Can | 250mL,Red Bull,Drinks,Energy drinks,Single cans,,$3.10,Pick any 2 for $5.30,,$12.40 per 1L,9505006,"Red Bull Energy Drink, Sugar Free, 250mL

RED BULL GIVES YOU WINGS
Inspired by functional drinks from the Far East, Dietrich Mateschitz founded Red Bull in the mid-1980s. He developed a new product and a unique marketing concept and launched Red Bull Energy Drink on April 1, 1987 in Austria. A brand new product category - Energy Drinks - was born.
WHEN TO DRINK
Appreciated worldwide by top athletes, students, busy professionals and travellers on long journeys.
WHAT'S INSIDE THE CAN
Caffeine: Caffeine was already known by ancient civilizations. They consumed it from natural sources like tea, coffee, cacao beans and cola nuts and appreciated its stimulating effects on the human body.
B-group vitamins: Vitamins are essential micronutrients that are required for maintaining normal body functions. Taurine: Taurine is an amino acid, naturally occurring in the human body and present in the daily diet. It is involved in a wide range of biological processes.
Taurine: Taurine is an amino acid, naturally occurring in the human body and present in the daily diet. It is involved in a wide range of biological processes.
Aspartame & Acesulfame K: Aspartame and Acesulfame K are among the most-tested and most-used sugar substitutes worldwide.
Alpine Water: Naturally, water is a main ingredient of Red Bull.
Red Bull Sugarfree's special formula contains ingredients of high quality: Caffeine, Taurine, B-Group Vitamins, Aspartame & Acesulfame K, Alpine water

One 250ml can of Red Bull Energy Drink contains 80 mg of caffeine, about the same amount as in a cup of home-brewed coffee.

Red Bull cans are made of 100% recyclable aluminium.

Vitalizes Body and Mind.",,,"Per 100g/ml
Per Serving
%DI
Energy
13kJ
33kJ
0.4%
Protein
0g
0g
0%
Total Fat
0g
0g
0%
Saturated Fat
0g
0g
0%
Carbohydrate
0g
0g
0%
Sugars
0g
0g
0%
Taurine
400mg
1000mg
Sodium
42mg
104mg
5%
Dietary Fibre (total)
0g
0g
0%
Vitamin B12
2ug
5ug
Vitamin B6
2mg
5mg
Caffeine
32mg
80mg
* Percentage Daily Intakes are based on an average adult diet of 8700 kJ. Your daily intakes may be higher or lower depending on your energy needs.",,https://www.coles.com.au/product/red-bull-sugar-free-energy-drink-single-can-250ml-9505006,,,2024-06-16T10:05:06.191717-04:00
Ind54SColes_ADrinks_SACold drinks_ICoca-Cola Zero Sugar Soft Drink Bottle | 1L,Coca-Cola Zero Sugar Soft Drink Bottle | 1L,Coca-Cola,Drinks,Cold drinks,Cold soft drinks,,$4.60,,,$4.60 per 1L,4991202,"Coca-Cola Zero Sugar is a deliciously light choice for those who want the classic taste of Coke with no sugar. Whether sharing with family and friends or accompanying a meal, Coca-Cola Zero Sugar has a pack for almost any occasion. Coca-Cola Zero Sugar soft drink is available in cans, mini cans, single serve and sharing size bottles as well as multipacks.
The Coke Taste You Love with No Sugar and Low Calories

Serve Drink Cold for Maximum Refreshment

A Quality Product of The Coca-Cola Company

Perfect for drinking on the go, having with a meal or relaxing with at home.

Serve Drink Cold for Maximum Refreshment",,,"Per 100g/ml
Per Serving
%DI
Energy
1.2
3
0.1
Protein
0.02
0.06
0.1
Total Fat
0
0
0
Saturated Fat
0
0
0
Carbohydrate
0.03
0.08
0.1
Sugars
0
0
0
Sodium
4.1
10.3
0.4
Energy (Cal)
0.3
0.7
0.1
Dietary Fibre (total)
0
0
0
* Percentage Daily Intakes are based on an average adult diet of 8700 kJ. Your daily intakes may be higher or lower depending on your energy needs.",,https://www.coles.com.au/product/coca-cola-zero-sugar-soft-drink-bottle-1l-4991202,,,2024-06-16T10:05:16.812404-04:00
Ind54SColes_ADrinks_SACold drinks_ISprite Lemonade Soft Drink Bottle | 600mL,Sprite Lemonade Soft Drink Bottle | 600mL,Sprite,Drinks,Cold drinks,Cold soft drinks,,$4.25,,,$7.08 per 1L,5603841,"With its clean, crisp, lemon-lime taste, Sprite is a lemonade soft drink with a hit of refreshment. Perfect with meals, as a mixer, on the go or relaxing at home. Sprite soft drink has natural flavours. Sprite is available in cans, mini cans, single serve and sharing size bottles as well as multipacks.
1.5 Health Star Rating

600mL Bottle

Contains Phenylalanine

Hit of refreshment

Lemon-lime flavour

Natural flavour.",,,"Per 100g/ml
Per Serving
%DI
Energy
120
722
8
Protein
0.01
0.03
0.1
Total Fat
0
0
0
Saturated Fat
0
0
0
Carbohydrate
6.9
41
13
Sugars
6.9
41
46
Sodium
6.8
41
2
Energy (Cal)
29
173
8
Dietary Fibre (total)
0
0
0
* Percentage Daily Intakes are based on an average adult diet of 8700 kJ. Your daily intakes may be higher or lower depending on your energy needs.",,https://www.coles.com.au/product/sprite-lemonade-soft-drink-bottle-600ml-5603841,,,2024-06-16T10:05:27.479331-04:00
Ind54SColes_ADrinks_SACold drinks_IKirks Portello Soft Drink Bottle | 600mL,Kirks Portello Soft Drink Bottle | 600mL,Kirks,Drinks,Cold drinks,Cold soft drinks,,$2.95,,$3.70,$4.92 per 1L,2599679,"This ain't just any portello, this is Kirks Portello. You can only get it right here in Victoria, so keep it under your hat - it's our little secret. They'll never know what they've missed out on, so enjoy your Kirks Portello! Kirks Portello is also available in 1.25L Bottle and 10 x 375mL multipack cans.
Portello

No artificial colours or flavours

Fun refreshment for any occasion

Uniquely Australian

600mL Bottle Soft drink",,,,"Carbonated Water, Sugar, Flavour, Glucose Syrup (derived from wheat), Food Acid (330), Preservative (211), Colours (122, 102, 150d, 133)",https://www.coles.com.au/product/kirks-portello-soft-drink-bottle-600ml-2599679,,,2024-06-16T10:05:36.180412-04:00
Ind54SColes_ADrinks_SACold drinks_ICoca-Cola Classic Soft Drink Bottle | 600mL,Coca-Cola Classic Soft Drink Bottle | 600mL,Coca-Cola,Drinks,Cold drinks,Cold soft drinks,,$4.25,,,$7.08 per 1L,5468407,"Nothing beats the taste of Coca-Cola Classic. It's the perfect companion whether you're on the go, relaxing at home, enjoying with friends or as a drink with your meal. Refresh yourself with the authentic Coke taste. Designed to go with everything, the taste of Classic Coca-Cola has remained unchanged for more than 130 years. Coca-Cola soft drink is available in cans, mini cans, single serve and sharing size bottles as well as multipacks.
Classic Coke Taste

Serve Drink Cold for Maximum Refreshment

A Quality Product of The Coca-Cola Company

600mL Soft Drink

Perfect for drinking on the go, having with a meal or relaxing with at home.",,,"Per 100g/ml
Per Serving
%DI
Energy
180
1080
12
Protein
0
0
0
Total Fat
0
0
0
Saturated Fat
0
0
0
Carbohydrate
10.6
64
21
Sugars
10.6
64
71
Sodium
10
60
3
Energy (Cal)
43
258
12
* Percentage Daily Intakes are based on an average adult diet of 8700 kJ. Your daily intakes may be higher or lower depending on your energy needs.",,https://www.coles.com.au/product/coca-cola-classic-soft-drink-bottle-600ml-5468407,,,2024-06-16T10:05:46.902579-04:00
Ind54SColes_ADrinks_SACold drinks_ICoca-Cola Vanilla Soft Drink Bottle | 600mL,Coca-Cola Vanilla Soft Drink Bottle | 600mL,Coca-Cola,Drinks,Cold drinks,Cold soft drinks,,$4.25,,,$7.08 per 1L,9391654,"Coca-Cola Vanilla has the refreshing Coca-Cola Classic taste with the sweet aroma of vanilla, making it a delicious twist on an old favourite. Coca-Cola Vanilla soft drink is available in multipack cans, single serve bottles and sharing size bottles. There's a pack for almost any occasion.
A refreshing Coca-Cola taste with a hint of vanilla

Hint of Vanilla

A Quality Product of The Coca-Cola Company

600mL Soft Drink

Perfect for drinking on the go, having with a meal or relaxing with at home.",,,"Per 100g/ml
Per Serving
%DI
Energy
185
1110
13
Protein
0
0
0
Total Fat
0
0
0
Saturated Fat
0
0
0
Carbohydrate
11
66
21
Sugars
10.9
65
73
Sodium
10
60
3
Energy (Cal)
44
264
13
* Percentage Daily Intakes are based on an average adult diet of 8700 kJ. Your daily intakes may be higher or lower depending on your energy needs.",,https://www.coles.com.au/product/coca-cola-vanilla-soft-drink-bottle-600ml-9391654,,,2024-06-16T10:05:57.791891-04:00
Ind54SColes_ADrinks_SA_ISolo Thirst Crusher Original Lemon Soft Drink Bottle | 600mL,Solo Thirst Crusher Original Lemon Soft Drink Bottle | 600mL,Solo,Drinks,,,,$3.95,,,$6.58 per 1L,7144778,"Introducing Solo Thirst Crusher Original Lemon, the perfect thirst-quenching drink that is sure to satisfy your taste buds. Made with 5% crushed lemons to ensure that every sip is packed with a deliciously tangy lemon flavour that is simply irresistible.

Ideal for those hot, summer days when you need to cool down, Solo Thirst Crusher Original Lemon is available in a convenient 24 x 375mL pack, making it perfect for sharing with family and friends. Whether you are enjoying a picnic in the park, heading to the beach, or simply relaxing at home, Solo Thirst Crusher Original Lemon is the perfect drink to keep you hydrated and refreshed.

And, if you're looking for a drink that is both delicious and refreshing, Solo Thirst Crusher Original Lemon is the way to go.

So why wait? Order your pack of Solo Thirst Crusher Original Lemon today and experience the deliciously refreshing taste of natural lemons in every sip. With its fantastic taste, Solo Thirst Crusher Original Lemon is the perfect drink for anyone who wants to stay fresh and hydrated throughout the day.
Made with 5% crushed lemons for tangy flavour

Free from artificial colours and flavours for a healthier choice

Premium quality drink bold flavors and natural ingredients",,,"Per 100g/ml
Per Serving
%DI
Energy
200kJ
1200kJ
14%
Protein
0.1g
0.6g
1%
Total Fat
0g
0g
0%
Saturated Fat
0g
0g
0%
Carbohydrate
11.5g
69.0g
22%
Sugars
11.5g
69.0g
77%
Sodium
18mg
108mg
5%
* Percentage Daily Intakes are based on an average adult diet of 8700 kJ. Your daily intakes may be higher or lower depending on your energy needs.",,https://www.coles.com.au/product/solo-thirst-crusher-original-lemon-soft-drink-bottle-600ml-7144778,,,2024-06-16T10:06:08.528798-04:00
Ind54SColes_ADrinks_SACold drinks_ISprite Lemon Plus Soft Drink | 600mL,Sprite Lemon Plus Soft Drink | 600mL,Sprite,Drinks,Cold drinks,Cold soft drinks,,$4.25,,,$7.08 per 1L,5625356,"Sprite LEMON+ delivers cut through refreshment. With added caffeine Sprite Lemon + helps to refresh your mind, so you can go back to being yourself and doing what you love. Sprite Lemon+ has great zesty lemon flavour. Try now in various pack sizes. Available in single and multi-pack cans and bottles.
Hit of refreshment

Zesty' lemon flavour

Crisp lemon aroma

Great with meals

600mL PET",,,"Per 100g/ml
Per Serving
%DI
Energy
118
710
8
Protein
0
0
0
Total Fat
0
0
0
Saturated Fat
0
0
0
Carbohydrate
6.5
39
13
Sugars
6.5
39
43
Sodium
16
96
4
Energy (Cal)
28
170
8
Dietary Fibre (total)
0
0
0
Caffeine
15
91
* Percentage Daily Intakes are based on an average adult diet of 8700 kJ. Your daily intakes may be higher or lower depending on your energy needs.",,https://www.coles.com.au/product/sprite-lemon-plus-soft-drink-600ml-5625356,,,2024-06-16T10:06:19.390031-04:00
Ind54SColes_ADrinks_SAEnergy drinks_IRed Bull Watermelon | 250mL,Red Bull Watermelon | 250mL,Red Bull,Drinks,Energy drinks,Single cans,,$3.10,Pick any 2 for $5.30,,$12.40 per 1L,3741141,"Red Bull Energy Drink, Red Edition, 250ml 

RED BULL GIVES YOU WINGS
Inspired by functional drinks from the Far East, Dietrich Mateschitz founded Red Bull in the mid-1980s. He developed a new product and a unique marketing concept and launched Red Bull Energy Drink on April 1, 1987 in Austria. A brand new product category - Energy Drinks - was born.
WHEN TO DRINK
Appreciated worldwide by top athletes, students, busy professionals and travellers on long journeys.
WHAT'S INSIDE THE CAN
Caffeine: Caffeine was already known by ancient civilisations. They consumed it from natural sources like tea, coffee, cacao beans and cola nuts and appreciated its stimulating effects on the human body.
B-group vitamins: Vitamins are essential micronutrients that are required for maintaining normal body functions.
Sugars: Red Bull Energy Drink is made with sugar sourced from sugar beets.
Taurine: Taurine is an amino acid, naturally occurring in the human body and present in the daily diet. It is involved in a wide range of biological processes.
Alpine Water: Naturally, water is a main ingredient of Red Bull.
Red Bull Red Edition's special formula contains ingredients of high quality: Caffeine, Taurine, B-Group Vitamins, Sugars, Alpine water.

One 250ml can of Red Bull Red Edition contains 80 mg of caffeine, about the same amount as in a cup of home-brewed coffee.

The amount of sugars in a can of Red Bull Red Edition is comparable to the level of sugars in an equivalent amount of apple or orange juice - 11 g per 100 ml.

Red Bull cans are made of 100% recyclable aluminium.

Vitalizes Body and Mind.",,,"Per 100g/ml
Per Serving
%DI
Energy
190kJ
475kJ
5%
Protein
0g
0g
0%
Total Fat
0g
0g
0%
Saturated Fat
0g
0g
0%
Carbohydrate
11g
27g
9%
Sugars
11g
27g
30%
Taurine
400mg
1000mg
Sodium
35mg
88mg
4%
Vitamin B12
2ug
5ug
Vitamin B6
2mg
5mg
Caffeine
32mg
80mg
* Percentage Daily Intakes are based on an average adult diet of 8700 kJ. Your daily intakes may be higher or lower depending on your energy needs.",,https://www.coles.com.au/product/red-bull-watermelon-250ml-3741141,,,2024-06-16T10:06:30.269496-04:00
Ind54SColes_ADrinks_SACold drinks_ICoca-Cola Zero Sugar Soft Drink Can | 250mL,Coca-Cola Zero Sugar Soft Drink Can | 250mL,Coca-Cola,Drinks,Cold drinks,Cold soft drinks,,$2.50,,,$10.00 per 1L,2993761,"Coca-Cola Zero Sugar is a deliciously light choice for those who want the classic taste of Coke with no sugar. Whether sharing with family and friends or accompanying a meal, Coca-Cola Zero Sugar has a pack for almost any occasion. Coca-Cola Zero Sugar soft drink is available in cans, mini cans, single serve and sharing size bottles as well as multipacks.
The Coke Taste You Love with No Sugar and Low Calories

Serve Drink Cold for Maximum Refreshment

A Quality Product of The Coca-Cola Company

Perfect for drinking on the go, having with a meal or relaxing with at home.

Serve Drink Cold for Maximum Refreshment",,,"Per 100g/ml
Per Serving
%DI
Energy
1.2
3
0.1
Protein
0.02
0.06
0.1
Total Fat
0
0
0
Saturated Fat
0
0
0
Carbohydrate
0.03
0.08
0.1
Sugars
0
0
0
Sodium
4.1
10.3
0.4
Energy (Cal)
0.3
0.7
0.1
Dietary Fibre (total)
0
0
0
* Percentage Daily Intakes are based on an average adult diet of 8700 kJ. Your daily intakes may be higher or lower depending on your energy needs.",,https://www.coles.com.au/product/coca-cola-zero-sugar-soft-drink-can-250ml-2993761,,,2024-06-16T10:06:40.819802-04:00
Ind54SColes_ADrinks_SACold drinks_ICoca Cola Raspberry Soft Drink Bottle | 600mL,Coca Cola Raspberry Soft Drink Bottle | 600mL,Coca Cola,Drinks,Cold drinks,Cold soft drinks,,$4.25,,,$7.08 per 1L,6413284,"Coca-Cola Raspberry soft drink delivers a delicious twist on the Classic Coke taste with a delicious splash of raspberry flavour. Made with a sweetener blend, Coca-Cola Raspberry has 30% less sugar, making it a great treat everyone can enjoy. Coca-Cola Raspberry softdrink is available in bottles and multipack cans.
A Classic Coke taste with a splash of raspberry

30% reduced sugar vs Coca-Cola Classic

Serve drink cold for maximum refreshment

A quality product of The Coca-Cola Company

600mL Bottle

Perfect for drinking on the go, having with a meal or relaxing with at home.",,,"Per 100g/ml
Per Serving
%DI
Energy
121
729
8
Protein
0
0
0
Total Fat
0
0
0
Saturated Fat
0
0
0
Carbohydrate
7.1
43
14
Sugars
7.1
43
48
Sodium
1
6
0.3
Energy (Cal)
29
174
8
Dietary Fibre (total)
0
0
0
* Percentage Daily Intakes are based on an average adult diet of 8700 kJ. Your daily intakes may be higher or lower depending on your energy needs.",,https://www.coles.com.au/product/coca-cola-raspberry-soft-drink-bottle-600ml-6413284,,,2024-06-16T10:06:51.664991-04:00
Ind54SColes_ADrinks_SACold drinks_IPump Spring Water Bottle | 750mL,Pump Spring Water Bottle | 750mL,Pump,Drinks,Cold drinks,Cold water,,$3.00,,,$4.00 per 1L,8966590,"Pump Water will help you stay hydrated throughout the day. This purified water comes with an easy to use sipper cap making it perfect for drinking on the go.
Purified Spring Water

Sipper Cap

Hydrate On the Go

750mL

Bottled Water",,,"Per 100g/ml
Per Serving
%DI
Energy
0
0
0
Protein
0
0
0
Total Fat
0
0
0
Saturated Fat
0
0
0
Carbohydrate
0
0
0
Sugars
0
0
0
Sodium
5.0
38
1
Energy (Cal)
0
0
0
* Percentage Daily Intakes are based on an average adult diet of 8700 kJ. Your daily intakes may be higher or lower depending on your energy needs.",,https://www.coles.com.au/product/pump-spring-water-bottle-750ml-8966590,,,2024-06-16T10:07:02.477871-04:00
Ind54SColes_ADrinks_SACold drinks_ICoca-Cola Diet Coke Soft Drink Can | 250mL,Coca-Cola Diet Coke Soft Drink Can | 250mL,Coca-Cola,Drinks,Cold drinks,Cold soft drinks,,$2.50,,,$10.00 per 1L,2034127,"Diet Coke is a deliciously light, sugar free and no kilojoule soft drink. It delivers a distinct, unique and light taste. With its bubbly sparkle, 'Diet Coke' has been refreshing and delighting drinkers for decades. The perfect sparkling soft drink for enjoying on the go, having with a meal or relaxing with at home. Coca-Cola Diet soft drink is available in cans, mini cans, single serve and sharing size bottles as well as multipacks.
Distinct Diet Coke Taste

No Sugar and Low Kilojoule

A Quality Product of The Coca-Cola Company

250mL Soft Drink

Perfect for drinking on the go, having with a meal or relaxing with at home.",,,"Per 100g/ml
Per Serving
%DI
Energy
1.9
4.8
0.1
Protein
0.05
0.1
0.3
Total Fat
0
0
0
Saturated Fat
0
0
0
Carbohydrate
0.1
0.3
0.1
Sugars
0
0
0
Sodium
1
2.5
0.1
Energy (Cal)
0.5
1.1
0.1
Dietary Fibre (total)
0
0
0
* Percentage Daily Intakes are based on an average adult diet of 8700 kJ. Your daily intakes may be higher or lower depending on your energy needs.","Carbonated Water, Colour (150d), Food Acids (338, 330), Sweeteners (951, 950), Flavour, Caffeine.",https://www.coles.com.au/product/coca-cola-diet-coke-soft-drink-can-250ml-2034127,,,2024-06-16T10:07:13.289209-04:00
Ind54SColes_ADrinks_SACold drinks_ICoca-Cola Zero Sugar Soft Drink Bottle | 385mL,Coca-Cola Zero Sugar Soft Drink Bottle | 385mL,Coca-Cola,Drinks,Cold drinks,Cold soft drinks,,$3.95,,,$10.26 per 1L,1755190,,,,,,https://www.coles.com.au/product/coca-cola-zero-sugar-soft-drink-bottle-385ml-1755190,,,2024-06-16T10:07:22.738066-04:00
Ind54SColes_ADrinks_SACold drinks_ICoca Cola Raspberry Zero Sugar Soft Drink | 600mL,Coca Cola Raspberry Zero Sugar Soft Drink | 600mL,Coca Cola,Drinks,Cold drinks,Cold soft drinks,,$4.25,,,$7.08 per 1L,6413295,"Try NEW Coca-Cola Zero Sugar Raspberry. Coca-Cola Zero Sugar Raspberry mixes refreshing Coca-Cola taste with the sensational taste of raspberry. The zero sugar drink is a delicious twist.
Classic Coke Taste with a Twist

Raspberry flavour

Serve Drink Cold for Maximum Refreshmen

A Quality Product of The Coca-Cola Company

600mL PET",,,"Per 100g/ml
Per Serving
%DI
Energy
1.7
10.2
0.1
Protein
0.02
0.1
0.2
Total Fat
0
0
0
Saturated Fat
0
0
0
Carbohydrate
0.03
0.2
0.1
Sugars
0
0
0
Sodium
4.1
25
1
Energy (Cal)
0.4
2.4
0.1
Dietary Fibre (total)
0
0
0
* Percentage Daily Intakes are based on an average adult diet of 8700 kJ. Your daily intakes may be higher or lower depending on your energy needs.",,https://www.coles.com.au/product/coca-cola-raspberry-zero-sugar-soft-drink-600ml-6413295,,,2024-06-16T10:07:33.539461-04:00
Ind54SColes_ADrinks_SAEnergy drinks_IMother Energy Drink Rainbow Sherbert | 500mL,Mother Energy Drink Rainbow Sherbert | 500mL,Mother,Drinks,Energy drinks,Single cans,,$3.15,,,$6.30 per 1L,6413160,"Under the stars of the Southern Cross we live life our way. Life is in perpetual motion and to slow down is to be left in the dust. 

The infinite bounds of sunburnt land and barrelling blue swells are limited only by your imagination. Kick out the sand, pump up the tunes, and rip into some Mother. Crisp and cool with a kaleidoscope blend of flavours, it'll keep the fast times spinning morning, noon and night. 

Mother is calling. Pursue your dreams. Search for adventure. Get out there and let the good times flow!",,,"Per 100g/ml
Per Serving
%DI
Energy
237kJ
1185kJ
Protein
0g
0g
Total Fat
0g
0g
Saturated Fat
0g
0g
Carbohydrate
14.1g
70.5g
Sugars
13.5g
67.5g
Taurine
400mg
2000mg
Inositol
2.0mg
10mg
Vitamin B3
4.5mg
22.5mg
Vitamin B12
0.7ug
3.5ug
Sodium
50mg
250mg
Energy (Cal)
57Cal
283Cal
Vitamin B5
1.7mg
8.5mg
Vitamin B6
0.4mg
2.0mg
Caffeine
30mg
150mg
* Percentage Daily Intakes are based on an average adult diet of 8700 kJ. Your daily intakes may be higher or lower depending on your energy needs.",,https://www.coles.com.au/product/mother-energy-drink-rainbow-sherbert-500ml-6413160,,,2024-06-16T10:07:44.641102-04:00
Ind54SColes_ADrinks_SACold drinks_IPump Berry Storm Water Bottle | 750mL,Pump Berry Storm Water Bottle | 750mL,Pump,Drinks,Cold drinks,Cold water,,$4.00,,,$5.33 per 1L,1022600,"Pump Water will help you stay hydrated throughout the day. This purified berry flavoured water comes with an easy to use sipper cap making it perfect for drinking on the go.
Purified flavoured Spring Water

Sipper Cap

Hydrate On the Go

Berry Flavour

750mL Bottled Water",,,"Per 100g/ml
Per Serving
%DI
Energy
40
299
0
Protein
0
0
0
Total Fat
0
0
0
Saturated Fat
0
0
0
Carbohydrate
2.2
16.5
0
Sugars
2.2
16.5
0
Sodium
19
140
0
Energy (Cal)
9.5
71
0
* Percentage Daily Intakes are based on an average adult diet of 8700 kJ. Your daily intakes may be higher or lower depending on your energy needs.",,https://www.coles.com.au/product/pump-berry-storm-water-bottle-750ml-1022600,,,2024-06-16T10:07:55.533677-04:00
Ind54SColes_ADrinks_SAEnergy drinks_IMother Original Energy Drink Can | 500mL,Mother Original Energy Drink Can | 500mL,Mother,Drinks,Energy drinks,Single cans,,$3.15,,,$6.30 per 1L,6526906,"Under the stars of the Southern Cross we live life our way. Life is in perpetual motion and to slow down is to be left in the dust.

The infinite bounds of sunburnt land and barrelling blue swells are limited only by your imagination. Kick out the sand, pump up the tunes, and rip into some Mother. Crisp and cool with a kaleidoscope blend of flavours, it'll keep the fast times spinning morning, noon and night.

Mother is calling. Pursue your dreams. Search for adventure. Get out there and let the good times flow!",,,"Per 100g/ml
Per Serving
%DI
Energy
183kJ
915kJ
Protein
0g
0g
Total Fat
0g
0g
Saturated Fat
0g
0g
Carbohydrate
10.1g
51g
Sugars
10.1g
51g
Taurine
400mg
2000mg
Vitamin B3
1.8mg
9.0mg
Vitamin B12
0.1ug
0.5ug
Sodium
48mg
240mg
Energy (Cal)
44Cal
219Cal
Vitamin B5
0.66mg
3.3mg
Vitamin B6
0.2mg
1.0mg
Caffeine
31.9mg
160mg
* Percentage Daily Intakes are based on an average adult diet of 8700 kJ. Your daily intakes may be higher or lower depending on your energy needs.",,https://www.coles.com.au/product/mother-original-energy-drink-can-500ml-6526906,,,2024-06-16T10:08:06.437612-04:00
Ind54SColes_ADrinks_SAEnergy drinks_IRed Bull Energy Drink Pear Cinnamon Winter Edition | 250mL,Red Bull Energy Drink Pear Cinnamon Winter Edition | 250mL,Red Bull,Drinks,Energy drinks,Single cans,,$3.10,Pick any 2 for $5.30,,$12.40 per 1L,7867888,"Red Bull Winter Edition Pear & Cinnamon 250mL Can
RED BULL GIVES YOU WINGS
Inspired by functional drinks from the Far East, Dietrich Mateschitz founded Red Bull in the mid-1980s. He developed a new product and a unique marketing concept and launched Red Bull Energy Drink on April 1, 1987 in Austria. A brand new product category - Energy Drinks - was born.
WHEN TO DRINK
Appreciated worldwide by top athletes, students, busy professionals and travellers on long journeys.
WHAT'S INSIDE THE CAN
Caffeine: Caffeine was already known by ancient civilizations. They consumed it from natural sources like tea, coffee, cacao beans and cola nuts and appreciated its stimulating effects on the human body.
B-group vitamins: Vitamins are essential micronutrients that are required for maintaining normal body functions. Taurine: Taurine is an amino acid, naturally occurring in the human body and present in the daily diet. It is involved in a wide range of biological processes.
Taurine: Taurine is an amino acid, naturally occurring in the human body and present in the daily diet. It is involved in a wide range of biological processes.
Red Bull Winter Edition special formula contains ingredients of high quality: Caffeine, Taurine, B-Group Vitamins, Sugars, Alpine water

One 250ml can of Red Bull Energy Drink contains 80 mg of caffeine, about the same amount as in a cup of home-brewed coffee.

The amount of sugars in a can of Red Bull is comparable to the level of sugars in an equivalent amount of apple or orang

Red Bull cans are made of 100% recyclable aluminum",,,"Per 100g/ml
Per Serving
%DI
Energy
190kJ
476kJ
5%
Protein
0g
0g
0%
Total Fat
0g
0g
0%
Saturated Fat
0g
0g
0%
Carbohydrate
11g
27g
9%
Sugars
11g
27g
30%
Taurine
400mg
1000mg
Sodium
35mg
89mg
4%
Vitamin B12
2
5
Phytic Acid
2 mg
5 mg
Vitamin B6
2mg
5 mg
Caffeine
32 mg
80 mg
* Percentage Daily Intakes are based on an average adult diet of 8700 kJ. Your daily intakes may be higher or lower depending on your energy needs.",,https://www.coles.com.au/product/red-bull-energy-drink-pear-cinnamon-winter-edition-250ml-7867888,,,2024-06-16T10:08:17.278243-04:00
Ind54SColes_ADrinks_SACold drinks_IPepsi Max No Sugar Cola Soft Drink Bottle | 600mL,Pepsi Max No Sugar Cola Soft Drink Bottle | 600mL,Pepsi,Drinks,Cold drinks,Cold soft drinks,,$3.95,,,$6.58 per 1L,9107681,"Pepsi Max No Sugar Soft drink offers a bold cola taste with no sugar. The smooth taste of Pepsi Max offers a deliciously refreshing and thirst-quenching cola refreshment that can be enjoyed anytime.

Pepsi Max No Sugar, has....no sugar. It's as simple as that with no taste compromise.

It is low in calories vs full sugar cola and in case you are wondering, it also has a bold cola taste that's comparable with full sugar cola products.

The 600mL single serve Pepsi Max bottle is the perfect drink for when you need a refreshing lift when you're out and about, on the go.

Pepsi Max soft drink is also available in a range of take-home pack sizes such as; mini cans for portion control, larger multi-can packs and multi-serve bottles to suit all your cola drinking occasions.

For maximum enjoyment, drink chilled when you are looking for that fun, tasty, no sugar cola refreshment!

Pepsi Max. Max Taste, No Sugar.
Bold Taste with No Sugar

Low in Calories

On-the-Go Serve

Max Cola Refreshment",,,"Per 100g/ml
Per Serving
%DI
Energy
1.6kJ
10kJ
0.10%
Protein
0.06g
0.4g
0.70%
Total Fat
0g
0g
0%
Saturated Fat
0g
0g
0%
Carbohydrate
0.06g
0.4g
0.10%
Sugars
0g
0g
0%
Sodium
13mg
78mg
3%
Dietary Fibre (total)
0g
0g
0%
* Percentage Daily Intakes are based on an average adult diet of 8700 kJ. Your daily intakes may be higher or lower depending on your energy needs.",,https://www.coles.com.au/product/pepsi-max-no-sugar-cola-soft-drink-bottle-600ml-9107681,,,2024-06-16T10:08:28.187368-04:00
Ind54SColes_ADrinks_SACold drinks_IMount Franklin Spring Water Bottle | 600mL,Mount Franklin Spring Water Bottle | 600mL,Mount Franklin,Drinks,Cold drinks,Cold water,,$2.30,,,$3.83 per 1L,7014331,"Mount Franklin Pure Australian Still Spring Bottled Water is of exceptional quality and purity, as nature intended. Mt. Franklin is Australia's favourite and most trusted water brand. A must have drink for stocking the fridge for drinking at home or on the go. Available in single serve and multi serve bottles.
5 Health Star Rating

600mL Bottle

Pure Australian Spring Water

Australia's favourite & most trusted water brand

Bottles made with 100% recycled plastic (excludes cap, label, which are 100% recyclable)",,,"Per 100g/ml
Per Serving
%DI
Energy
0
Protein
0
Total Fat
0
Saturated Fat
0
Carbohydrate
0
Sugars
0
Sodium
5mg
* Percentage Daily Intakes are based on an average adult diet of 8700 kJ. Your daily intakes may be higher or lower depending on your energy needs.",,https://www.coles.com.au/product/mount-franklin-spring-water-bottle-600ml-7014331,,,2024-06-16T10:08:39.206076-04:00
Ind54SColes_ADrinks_SAEnergy drinks_IMonster Energy Mango Loco Can | 500mL,Monster Energy Mango Loco Can | 500mL,Monster,Drinks,Energy drinks,Single cans,,$2.80,,$4.05,$5.60 per 1L,3290778,"On the eve of October 31st each year, friends and family gather to celebrate Dia de Los Muertos. Marigolds, mysticism and memories combined with food and drink entice the souls of the departed to join the party.

Mango Loco is ia heavenly blend of exotic juices certain to attract even the most stubborn spirit.

Crazy good taste with just enough of the Monster Magic to keep the party going for days...",,,"Per 100g/ml
Per Serving
%DI
Energy
215kJ
1075kJ
Protein
0g
0g
Total Fat
0g
0g
Saturated Fat
0g
0g
Carbohydrate
13g
65g
Sugars
12g
60g
Taurine
400mg
2000mg
Inositol
2mg
10mg
Vitamin B2
0.72mg
3.6mg
Vitamin B3
8mg
40mg
Glucuronolactone
2mg
10mg
Vitamin B12
2.0ug
10.0ug
Sodium
23mg
115mg
Energy (Cal)
51Cal
257Cal
Dietary Fibre (total)
0g
0g
Vitamin B6
0.85mg
4.25mg
Caffeine
30mg
150mg
* Percentage Daily Intakes are based on an average adult diet of 8700 kJ. Your daily intakes may be higher or lower depending on your energy needs.",,https://www.coles.com.au/product/monster-energy-mango-loco-can-500ml-3290778,,,2024-06-16T10:08:50.265563-04:00
Ind54SColes_ADrinks_SAEnergy drinks_IMother Sugar Free Energy Drink Can | 500mL,Mother Sugar Free Energy Drink Can | 500mL,Mother,Drinks,Energy drinks,Single cans,,$3.15,,,$6.30 per 1L,9878386,"Under the stars of the Southern Cross we live life our way. Life is in perpetual motion and to slow down is to be left in the dust. 

The infinite bounds of sunburnt land and barreling blue swells are limited only by your imagination. Kick out the sand, pump up the tunes, and rip into some Mother. Crisp and cool with kaleidoscope blend of flavours, it'll keep the fast times spinning morning, noon and night.

Mother is calling. Pursue your dreams. Search for adventure. Get out there and let the good times flow!",,,"Per 100g/ml
Per Serving
%DI
Energy
12kJ
60kJ
Protein
0.05g
0.3g
Total Fat
0g
0g
Saturated Fat
0g
0g
Carbohydrate
0.1g
0.5g
Sugars
0g
0g
Taurine
400mg
2000mg
Vitamin B3
1.8mg
9.0mg
Sodium
48mg
240mg
Energy (Cal)
3Cal
14Cal
Dietary Fibre (total)
0g
0g
Vitamin B5
0.66mg
3.3mg
Vitamin B6
0.2mg
1.0mg
Caffeine
30.5mg
153mg
* Percentage Daily Intakes are based on an average adult diet of 8700 kJ. Your daily intakes may be higher or lower depending on your energy needs.",,https://www.coles.com.au/product/mother-sugar-free-energy-drink-can-500ml-9878386,,,2024-06-16T10:09:01.303008-04:00
Ind54SColes_ADrinks_SACold drinks_IBundaberg Brewed Drink Ginger Beer Bottle | 375mL,Bundaberg Brewed Drink Ginger Beer Bottle | 375mL,Bundaberg,Drinks,Cold drinks,Cold soft drinks,,$3.30,,,$8.80 per 1L,2782562,"It's always cloudy in a bottle of good, old-fashioned Ginger Beer. Hold this bottle to the light and you'll see it's full of real ginger pieces, traditionally brewed to a genuine old recipe to release the natural flavours of ginger.- Australian Family Owned- Craft Brewed Over 3 Days- No Artificial Colours or Flavours- Made in Australia",,,"Per 100g/ml
Per Serving
%DI
Energy
182kJ
682kJ
8%
Protein
<1g
<1g
0%
Total Fat
<1g
<1g
0%
Saturated Fat
<1g
<1g
0%
Carbohydrate
10.7g
40.1g
13%
Sugars
10.6g
39.8g
44%
Sodium
11mg
41.3mg
2%
* Percentage Daily Intakes are based on an average adult diet of 8700 kJ. Your daily intakes may be higher or lower depending on your energy needs.",,https://www.coles.com.au/product/bundaberg-brewed-drink-ginger-beer-bottle-375ml-2782562,,,2024-06-16T10:09:12.542591-04:00
Ind54SColes_ADrinks_SACold drinks_ICoca-Cola Classic Soft Drink Bottle | 1L,Coca-Cola Classic Soft Drink Bottle | 1L,Coca-Cola,Drinks,Cold drinks,Cold soft drinks,,$4.60,,,$4.60 per 1L,4869333,"Nothing beats the taste of Coca-Cola Classic. It's the perfect companion whether you're on the go, relaxing at home, enjoying with friends or as a drink with your meal. Refresh yourself with the authentic Coke taste. Designed to go with everything, the taste of Classic Coca-Cola has remained unchanged for more than 130 years. Coca-Cola soft drink is available in cans, mini cans, single serve and sharing size bottles as well as multipacks.
Classic Coke Taste

Serve Drink Cold for Maximum Refreshment

A Quality Product of The Coca-Cola Company

1L Soft Drink

Perfect for drinking on the go, having with a meal or relaxing with at home.",,,"Per 100g/ml
Per Serving
%DI
Energy
180
450
5
Protein
0
0
0
Total Fat
0
0
0
Saturated Fat
0
0
0
Carbohydrate
10.6
27
9
Sugars
10.6
27
29
Sodium
10
25
1
Energy (Cal)
43
108
5
* Percentage Daily Intakes are based on an average adult diet of 8700 kJ. Your daily intakes may be higher or lower depending on your energy needs.",,https://www.coles.com.au/product/coca-cola-classic-soft-drink-bottle-1l-4869333,,,2024-06-16T10:09:23.562279-04:00
Ind54SColes_ADrinks_SACold drinks_ISprite Lemonade Soft Drink Can | 250mL,Sprite Lemonade Soft Drink Can | 250mL,Sprite,Drinks,Cold drinks,Cold soft drinks,,$2.50,,,$10.00 per 1L,2034138,"With its clean, crisp, lemon-lime taste, Sprite is a lemonade soft drink with a hit of refreshment. Perfect with meals, as a mixer, on the go or relaxing at home. Sprite soft drink has natural flavours. Sprite is available in cans, mini cans, single serve and sharing size bottles as well as multipacks.
Hit of refreshment

Lemon-lime flavour

Natural flavour

Great with meals

250mL can

Natural flavour.",,,"Per 100g/ml
Per Serving
%DI
Energy
120
301
3
Protein
0.01
0.01
0.1
Total Fat
0
0
0
Saturated Fat
0
0
0
Carbohydrate
6.9
17
5
Sugars
6.9
17
19
Sodium
6.8
17
0.7
Energy (Cal)
29
72
3
Dietary Fibre (total)
0
0
0
* Percentage Daily Intakes are based on an average adult diet of 8700 kJ. Your daily intakes may be higher or lower depending on your energy needs.",,https://www.coles.com.au/product/sprite-lemonade-soft-drink-can-250ml-2034138,,,2024-06-16T10:09:35.147068-04:00
Ind54SColes_ADrinks_SACold drinks_IFanta Orange Soft Drink Can | 250mL,Fanta Orange Soft Drink Can | 250mL,Fanta,Drinks,Cold drinks,Cold soft drinks,,$2.50,,,$10.00 per 1L,2034149,"Bright, bubbly and popular, Fanta is the orange soft drink with a tingly, fruity and bold taste. Fanta is perfect for enjoying with friends, on-the-go or with your meals.
Bold fruity taste with no artificial colours or flavours
Guilt-free soda with 40% less sugar
Proudly made in Australia with imported and local ingredients 
Mini can is ideal for thirst-quenching on-the-go.",,,"Per 100g/ml
Per Serving
%DI
Energy
79kJ
199kJ
2%
Protein
0g
0g
0%
Total Fat
0g
0g
0%
Carbohydrate
4.6g
11.4g
4%
Sugars
4.5g
11.3g
13%
Sodium
6.8mg
17mg
0.70%
Saturated
0g
0g
0%
Energy (Cal)
19Cal
47Cal
2%
Dietary Fibre (total)
0g
0g
0%
* Percentage Daily Intakes are based on an average adult diet of 8700 kJ. Your daily intakes may be higher or lower depending on your energy needs.",,https://www.coles.com.au/product/fanta-orange-soft-drink-can-250ml-2034149,,,2024-06-16T10:09:46.027041-04:00
Ind54SColes_ADrinks_SACold drinks_ICoca-Cola Zero Sugar Vanilla Soft Drink Bottle | 600mL,Coca-Cola Zero Sugar Vanilla Soft Drink Bottle | 600mL,Coca-Cola,Drinks,Cold drinks,Cold soft drinks,,$4.25,,,$7.08 per 1L,3271139,"Coca-Cola Vanilla Zero Sugar has the refreshing Coca-Cola taste with the sweet aroma of vanilla and no sugar, making it a delicious twist on an old favourite. Coca-Cola Vanilla Zero Sugar soft drink is available in multipack cans, single serve bottles and sharing size bottles. There's a pack for almost any occasion.
Classic Coke Taste with a Twist

Hint of Vanilla

No Sugar

600mL bottle soft drink

Perfect for drinking on the go, having with a meal or relaxing with at home.",,,"Per 100g/ml
Per Serving
%DI
Energy
1
5.9
0.1
Protein
0.05
0.3
0.6
Total Fat
0
0
0
Saturated Fat
0
0
0
Carbohydrate
0.1
0.6
0.2
Sugars
0
0
0
Sodium
1
6
0.3
Energy (Cal)
0.2
1.4
0.1
Dietary Fibre (total)
0
0
0
* Percentage Daily Intakes are based on an average adult diet of 8700 kJ. Your daily intakes may be higher or lower depending on your energy needs.",,https://www.coles.com.au/product/coca-cola-zero-sugar-vanilla-soft-drink-bottle-600ml-3271139,,,2024-06-16T10:09:57.099914-04:00
Ind54SColes_ADrinks_SA_IMount Franklin Sparklin Water Natural Bottle | 450mL,Mount Franklin Sparklin Water Natural Bottle | 450mL,Mount Franklin,Drinks,,,,$3.10,,,$6.89 per 1L,7429723,"Pure Australian Spring Water infused with delicate bubbles. No sugar, sweeteners, no preservatives and low kilojoule. Icy cold refreshment, perfect to enjoy with family and friends or on the go. They are the perfect choice for those who want to add a little sparkle to their day.
Australian Sparkling Spring Water

Hint of natural flavour

No sugar, no sweeteners, no preservatives

450mL Bottle Soft Drink

Perfect for drinking with friends",,,"Per 100g/ml
Per Serving
%DI
Energy
0
0
0
Protein
0
0
0
Total Fat
0
0
0
Saturated Fat
0
0
0
Carbohydrate
0
0
0
Sugars
0
0
0
Sodium
1.0
4.5
0.2
Energy (Cal)
0
0
0
* Percentage Daily Intakes are based on an average adult diet of 8700 kJ. Your daily intakes may be higher or lower depending on your energy needs.",,https://www.coles.com.au/product/mount-franklin-sparklin-water-natural-bottle-450ml-7429723,,,2024-06-16T10:10:08.688524-04:00
Ind54SColes_ADrinks_SA_ICoca-Cola Classic Soft Drink Can | 250mL,Coca-Cola Classic Soft Drink Can | 250mL,Coca-Cola,Drinks,,,,$2.50,,,$10.00 per 1L,2034105,"Nothing beats the taste of Coca-Cola Classic. It's the perfect companion whether you're on the go, relaxing at home, enjoying with friends or as a drink with your meal. Refresh yourself with the authentic Coke taste. Designed to go with everything, the taste of Classic Coca-Cola has remained unchanged for more than 130 years. Coca-Cola soft drink is available in cans, mini cans, single serve and sharing size bottles as well as multipacks.
Classic Coke Taste

Serve Drink Cold for Maximum Refreshment

A Quality Product of The Coca-Cola Company

250mL Soft Drink

Perfect for drinking on the go, having with a meal or relaxing with at home.",,,"Per 100g/ml
Per Serving
%DI
Energy
180
450
5
Protein
0
0
0
Total Fat
0
0
0
Saturated Fat
0
0
0
Carbohydrate
10.6
27
9
Sugars
10.6
27
29
Sodium
10
25
1
Energy (Cal)
43
108
5
* Percentage Daily Intakes are based on an average adult diet of 8700 kJ. Your daily intakes may be higher or lower depending on your energy needs.",,https://www.coles.com.au/product/coca-cola-classic-soft-drink-can-250ml-2034105,,,2024-06-16T10:10:20.761629-04:00
Ind54SColes_ADrinks_SACold drinks_ISprite Lemon Plus Zero Sugar Soft Drink | 600mL,Sprite Lemon Plus Zero Sugar Soft Drink | 600mL,Sprite,Drinks,Cold drinks,Cold soft drinks,,$4.25,,,$7.08 per 1L,5625367,"Sprite LEMON+ Zero sugar delivers cut through refreshment. With added caffeine Sprite Lemon + Zero Sugar helps refresh your mind, so you can go back to being yourself and doing what you love. Sprite Lemon+ has great zesty lemon flavour. Try now in various pack sizes. Available in single and multi-pack cans and bottles.
Hit of refreshment

Zero Sugar

Zesty' lemon flavour

Crisp lemon aroma

600mL PET

Crisp lemon aroma.",,,"Per 100g/ml
Per Serving
%DI
Energy
7.9
47
0.5
Protein
0
0
0
Total Fat
0
0
0
Saturated Fat
0
0
0
Carbohydrate
0
0
0
Sugars
0
0
0
Sodium
16
96
4
Energy (Cal)
1.9
11.4
0.5
Dietary Fibre (total)
0
0
0
Caffeine
15
91
* Percentage Daily Intakes are based on an average adult diet of 8700 kJ. Your daily intakes may be higher or lower depending on your energy needs.",,https://www.coles.com.au/product/sprite-lemon-plus-zero-sugar-soft-drink-600ml-5625367,,,2024-06-16T10:10:31.541319-04:00
Ind54SColes_ADrinks_SAEnergy drinks_IMonster Pipeline Punch Can | 500mL,Monster Pipeline Punch Can | 500mL,Monster,Drinks,Energy drinks,Single cans,,$2.80,,$4.05,$5.60 per 1L,3511469,"Banzai Pipeline, the world's most famous wave, on Oahu's fabled North Shore comes alive for just a few brief months every winter. In honor of this epic force of nature, we created Juice Monster Pipeline Punch.

The perfect blend of the best flavours Hawaii has to offer + passion fruit, orange & guava, then Monsterized with a full load of our famous energy blend.

And, just like the wave is named for, it is destined to become a legend!",,,"Per 100g/ml
Per Serving
%DI
Energy
161kJ
805kJ
Protein
0g
0g
Total Fat
0g
0g
Saturated Fat
0g
0g
Carbohydrate
9.5g
47g
Sugars
9.0g
45g
Taurine
400mg
2000mg
Inositol
2mg
10mg
Vitamin B2
0.72mg
3.6mg
Vitamin B3
8.0mg
40mg
Vitamin B12
2ug
10ug
Sodium
16mg
80mg
Energy (Cal)
39Cal
193Cal
Vitamin B6
0.85mg
4.25mg
Caffeine
31mg
155mg
* Percentage Daily Intakes are based on an average adult diet of 8700 kJ. Your daily intakes may be higher or lower depending on your energy needs.",,https://www.coles.com.au/product/monster-pipeline-punch-can-500ml-3511469,,,2024-06-16T10:10:42.510476-04:00
Ind54SColes_ADrinks_SACold drinks_ISprite Zero Sugar Lemonade Soft Drink Bottle | 600mL,Sprite Zero Sugar Lemonade Soft Drink Bottle | 600mL,Sprite,Drinks,Cold drinks,Cold soft drinks,,$4.25,,,$7.08 per 1L,4378444,"With its clean, crisp, lemon-lime taste, Sprite Zero Sugar is a lemonade soft drink. Quench your thirst with a zero sugar hit of refreshment! Perfect with meals, as a mixer, on the go and relaxing at home. Sprite Zero Sugar softdrink has no artificial colours. Sprite Zero Sugar is available in cans, mini cans, single serve and sharing size bottles as well as multipacks.
Hit of refreshment

Lemon-lime flavour

No added colours

Zero Sugar

Great with meals

600mL Zero Sugar Soft Drink.",,,"Per 100g/ml
Per Serving
%DI
Energy
4.2
25
0.3
Protein
0.05
0.3
0.6
Total Fat
0
0
0
Saturated Fat
0
0
0
Carbohydrate
0.1
0.6
0.2
Sugars
0
0
0
Sodium
12.7
76
3
Energy (Cal)
1
6
0.3
Dietary Fibre (total)
0
0
0
* Percentage Daily Intakes are based on an average adult diet of 8700 kJ. Your daily intakes may be higher or lower depending on your energy needs.",,https://www.coles.com.au/product/sprite-zero-sugar-lemonade-soft-drink-bottle-600ml-4378444,,,2024-06-16T10:10:53.344679-04:00
Ind54SColes_ADrinks_SAEnergy drinks_IRed Bull Energy Drink Single Can | 250mL,Red Bull Energy Drink Single Can | 250mL,Red Bull,Drinks,Energy drinks,Single cans,,$3.10,Pick any 2 for $5.30,,$12.40 per 1L,8654973,"Red Bull Energy Drink, 250ml

RED BULL GIVES YOU WINGS
Inspired by functional drinks from the Far East, Dietrich Mateschitz founded Red Bull in the mid-1980s. He developed a new product and a unique marketing concept and launched Red Bull Energy Drink on April 1, 1987 in Austria. A brand new product category - Energy Drinks - was born.
WHEN TO DRINK
Appreciated worldwide by top athletes, students, busy professionals and travellers on long journeys.
WHAT'S INSIDE THE CAN
Caffeine: Caffeine was already known by ancient civilisations. They consumed it from natural sources like tea, coffee, cacao beans and cola nuts and appreciated its stimulating effects on the human body.
Taurine: Taurine is an amino acid, naturally occurring in the human body and present in the daily diet. It is involved in a wide range of biological processes.
B-group vitamins: Vitamins are essential micronutrients that are required for maintaining normal body functions.
Sugars: Red Bull Energy Drink is made with sugar sourced from sugar beets. Alpine Water: Naturally, water is a main ingredient of Red Bull.
Red Bull Energy Drink's special formula contains ingredients of high quality: Caffeine, Taurine, B-Group Vitamins, Sugars, Alpine Water.

One 250ml can of Red Bull Energy Drink contains 80 mg of caffeine, about the same amount as in a cup of home-brewed coffee.

The amount of sugars in a can of Red Bull Energy Drink is comparable to the level of sugars in an equivalent amount of apple or orange juice - 11 g per 100 ml.

Red Bull cans are made of 100% recyclable aluminium.

Vitalizes Body and Mind.",,,,,https://www.coles.com.au/product/red-bull-energy-drink-single-can-250ml-8654973,,,2024-06-16T10:11:02.031898-04:00
Ind54SColes_ADrinks_SAEnergy drinks_IMother Energy Drink Zero Sugar Razzleberry Can | 500mL,Mother Energy Drink Zero Sugar Razzleberry Can | 500mL,Mother,Drinks,Energy drinks,Single cans,,$3.15,,,$6.30 per 1L,5157214,"Under the stars of the Southern Cross we live life our way. Life is in perpetual motion and to slow down is to be left in the dust.

The infinite bounds of sunburnt land and barreling blue swells are limited only by your imagination. Kick out the sand, pump up the tunes, and rip into some Mother. Crisp and cool with a kaleidoscope blend of flavours, it'll keep the fast times spinning morning, noon and night.

Mother is calling. Pursue your dreams. Search for adventure. get out there and let the good times flow!",,,"Per 100g/ml
Per Serving
%DI
Energy
9kJ
45kJ
Protein
0g
0g
Total Fat
0g
0g
Saturated Fat
0g
0g
Carbohydrate
0.7g
3.5g
Sugars
0g
0g
Taurine
400mg
2000mg
Inositol
2.0mg
10mg
Vitamin B3
4.5mg
22.5mg
Vitamin B12
0.7ug
3.5ug
Sodium
52mg
260mg
Energy (Cal)
2Cal
11Cal
Dietary Fibre (total)
0g
0g
Vitamin B5
1.7mg
8.5mg
Vitamin B6
0.4mg
2.0mg
Caffeine
30mg
150mg
* Percentage Daily Intakes are based on an average adult diet of 8700 kJ. Your daily intakes may be higher or lower depending on your energy needs.",,https://www.coles.com.au/product/mother-energy-drink-zero-sugar-razzleberry-can-500ml-5157214,,,2024-06-16T10:11:12.884324-04:00
Ind54SColes_ADrinks_SAEnergy drinks_IMonster Ultra Fiesta Mango Flavour Energy Drink Can | 500mL,Monster Ultra Fiesta Mango Flavour Energy Drink Can | 500mL,Monster,Drinks,Energy drinks,Single cans,,$2.80,,$4.05,$5.60 per 1L,4402516,"Sleep later, cause tonight we're going to fiesta like there's no manana!

Ultra Fiesta celebrates the nights that turn into morning and the friends we now call familia.

Zero sugar Ultra Fiesta blends juicy mango flavour into the Ultra we love finished-off with a full load of our Monster Energy blend.

iDe nada!

Unleash the Ultra Beast!",,,"Per 100g/ml
Per Serving
%DI
Energy
12kJ
60kJ
Protein
0g
0g
Total Fat
0g
0g
Saturated Fat
0g
0g
Carbohydrate
1.3g
6.5g
Sugars
0g
0g
Taurine
400mg
2000mg
Inositol
2mg
10mg
Vitamin B3
8.0mg
40mg
Glucuronolactone
2mg
10mg
Vitamin B12
2.0ug
10ug
Sodium
79mg
395mg
Energy (Cal)
3Cal
14Cal
Dietary Fibre (total)
0g
0g
Vitamin B5
2.0mg
10mg
Vitamin B6
0.85mg
4.3mg
Caffeine
31mg
155mg
* Percentage Daily Intakes are based on an average adult diet of 8700 kJ. Your daily intakes may be higher or lower depending on your energy needs.",,https://www.coles.com.au/product/monster-ultra-fiesta-mango-flavour-energy-drink-can-500ml-4402516,,,2024-06-16T10:11:24.248611-04:00
Ind54SColes_ADrinks_SAEnergy drinks_IMother Energy Drink Lava Guava Can | 500mL,Mother Energy Drink Lava Guava Can | 500mL,Mother,Drinks,Energy drinks,Single cans,,$3.15,,,$6.30 per 1L,6823333,"Under the stars of the Southern Cross we live life our way. Life is in perpetual motion and to slow down is to be left in the dust.

The infinite bounds of sunburnt land and barrelling blue swells are limited only by your imagination. Kick out the sand, pump up the tunes, and rip into some Mother. Crisp and cool with a kaleidoscope blend of flavours, it'll keep the fast times spinning morning, noon and night.

Mother is calling. Pursue your dreams. Search for adventure. Get out there and let the good times flow!",,,"Per 100g/ml
Per Serving
%DI
Energy
256kJ
1280kJ
Protein
0g
0g
Total Fat
0g
0g
Saturated Fat
0g
0g
Carbohydrate
15.5g
78g
Sugars
14.8g
74g
Taurine
400mg
2000mg
Inositol
2.0mg
10mg
Vitamin B3
4.5mg
22.5mg
Vitamin B12
0.7ug
3.5ug
Sodium
56mg
280mg
Energy (Cal)
61Cal
305Cal
Vitamin B5
1.7mg
8.5mg
Vitamin B6
0.4mg
2.0mg
Caffeine
30mg
150mg
* Percentage Daily Intakes are based on an average adult diet of 8700 kJ. Your daily intakes may be higher or lower depending on your energy needs.",,https://www.coles.com.au/product/mother-energy-drink-lava-guava-can-500ml-6823333,,,2024-06-16T10:11:36.452736-04:00
Ind54SColes_ADrinks_SAEnergy drinks_IMonster Green Can Energy Drink | 500mL,Monster Green Can Energy Drink | 500mL,Monster,Drinks,Energy drinks,Single cans,,$2.80,,$4.05,$5.60 per 1L,2787136,"Tear into a can of the meanest energy drink on the planet, Monster Energy.

It's the ideal combo of the right ingredients in the right proportion to deliver the big bad Monster buzz.

Monster packs a punch but has a smooth flavour you can really pound down.

Athletes, musicians, anarchists, students, road warriors, metal heads, geeks, hipsters, and bikers dig it - you will too.

Unleash the Beast!",,,"Per 100g/ml
Per Serving
%DI
Energy
209kJ
1045kJ
Protein
0g
0g
Total Fat
0g
0g
Saturated Fat
0g
0g
Carbohydrate
12.4g
62g
Sugars
11.4g
57g
Taurine
400mg
2000mg
Inositol
2mg
10mg
Vitamin B2
0.72mg
3.6mg
Vitamin B3
8.0mg
40mg
Glucuronolactone
2mg
10mg
Vitamin B12
2.0ug
10.0ug
Sodium
78mg
390mg
Energy (Cal)
50Cal
250Cal
Vitamin B6
0.85mg
4.3mg
Caffeine
30mg
150mg
* Percentage Daily Intakes are based on an average adult diet of 8700 kJ. Your daily intakes may be higher or lower depending on your energy needs.",,https://www.coles.com.au/product/monster-green-can-energy-drink-500ml-2787136,,,2024-06-16T10:11:47.395408-04:00
Ind54SColes_ADrinks_SACold drinks_IMount Franklin Spring Water Bottle | 600mL,Mount Franklin Spring Water Bottle | 600mL,Mount Franklin,Drinks,Cold drinks,Cold water,,$2.30,,,$3.83 per 1L,7014331,"Mount Franklin Pure Australian Still Spring Bottled Water is of exceptional quality and purity, as nature intended. Mt. Franklin is Australia's favourite and most trusted water brand. A must have drink for stocking the fridge for drinking at home or on the go. Available in single serve and multi serve bottles.
5 Health Star Rating

600mL Bottle

Pure Australian Spring Water

Australia's favourite & most trusted water brand

Bottles made with 100% recycled plastic (excludes cap, label, which are 100% recyclable)",,,"Per 100g/ml
Per Serving
%DI
Energy
0
Protein
0
Total Fat
0
Saturated Fat
0
Carbohydrate
0
Sugars
0
Sodium
5mg
* Percentage Daily Intakes are based on an average adult diet of 8700 kJ. Your daily intakes may be higher or lower depending on your energy needs.",,https://www.coles.com.au/product/mount-franklin-spring-water-bottle-600ml-7014331,,,2024-06-16T11:05:02.107260-04:00
Ind54SColes_ADrinks_SACordials_IBickfords Cordial Raspberry Ripple | 750mL,Bickfords Cordial Raspberry Ripple | 750mL,Bickfords,Drinks,Cordials,All cordials,,$5.00,,,$6.67 per 1L,7506631,,,,,,https://www.coles.com.au/product/bickfords-cordial-raspberry-ripple-750ml-7506631,,,2024-06-16T10:12:35.951117-04:00
Ind54SColes_ADrinks_SACordials_IViva Fruit Cup Cordial | 1L,Viva Fruit Cup Cordial | 1L,Viva,Drinks,Cordials,All cordials,,$2.40,,,$2.40 per 1L,3797623,"Viva Cordial Fruit Cup, 1L. Viva is the perfect cordial for the whole family. Available in 3 favourite flavours, it makes a refreshing drink at any time of the day.",,,"Per 100g/ml
Per Serving
%DI
Energy
29kJ
73kJ
0.80%
Protein
0g
0g
Total Fat
0g
0g
Saturated Fat
0g
0g
Carbohydrate
1.5g
3.7g
1%
Sugars
1.5g
3.7g
4%
Sodium
10mg
25mg
1%
* Percentage Daily Intakes are based on an average adult diet of 8700 kJ. Your daily intakes may be higher or lower depending on your energy needs.",,https://www.coles.com.au/product/viva-fruit-cup-cordial-1l-3797623,,,2024-06-16T10:12:48.410377-04:00
Ind54SColes_ADrinks_SA_IDiet Rite Apple Blackcurrant Cordial | 1L,Diet Rite Apple Blackcurrant Cordial | 1L,Diet Rite,Drinks,,,,$3.50,,,$3.50 per 1L,3696535,"Cordial an Australian institution, but due to our changing lifestyle, many of us are looking for better-for-you cordial alternatives. That's where Diet Rite comes in. Diet Rite is Australia's only 'low-joule' cordial brand. It is made from 50% fruit juice and contains no added sugar, no artificial colours or flavours and has the added goodness of Vitamin C. So drink rite with Diet Rite!",,,"Per 100g/ml
Per Serving
%DI
Energy
12kJ
30kJ
0.30%
Protein
<1g
<1g
1%
Total Fat
<1g
<1g
1%
Saturated Fat
0g
0g
0%
Carbohydrate
0.7g
1.8g
0.60%
Sugars
0.5g
1.3g
1.40%
Sodium
4mg
10mg
0.40%
Vitamin C
2mg
5mg
0%
Dietary Fibre (total)
<1g
<1g
1%
* Percentage Daily Intakes are based on an average adult diet of 8700 kJ. Your daily intakes may be higher or lower depending on your energy needs.",,https://www.coles.com.au/product/diet-rite-apple-blackcurrant-cordial-1l-3696535,,,2024-06-16T10:12:59.623950-04:00
Ind54SColes_ADrinks_SACordials_IBickford's Blackcurrant Fruit Juice Syrup Bottle | 750mL,Bickford's Blackcurrant Fruit Juice Syrup Bottle | 750mL,Bickfords,Drinks,Cordials,All cordials,,$6.00,,,$8.00 per 1L,5208836,"Masterfully crafted with our original recipe, Bickford's Blackcurrant Fruit Juice Syrup remains a trusted family favourite. The lush fruity blackcurrant flavour abounds in this delicious and refreshing thirst quencher.",,,"Per 100g/ml
Per Serving
%DI
Energy
184kJ
442kJ
Protein
0g
0g
Total Fat
0g
0g
Saturated Fat
0g
0g
Carbohydrate
10.8g
25.9g
Sugars
10.2g
24.5g
Sodium
3.8mg
9mg
Monounsaturated
0g
0g
Vitamin C
50mg
120mg
Polyunsaturated
0g
0g
Trans
0g
0g
* Percentage Daily Intakes are based on an average adult diet of 8700 kJ. Your daily intakes may be higher or lower depending on your energy needs.",,https://www.coles.com.au/product/bickford's-blackcurrant-fruit-juice-syrup-bottle-750ml-5208836,,,2024-06-16T10:13:10.422915-04:00
Ind54SColes_ADrinks_SACordials_ICottees Zero Sugar Cordial Apple & Raspberry | 1L,Cottees Zero Sugar Cordial Apple & Raspberry | 1L,Cottees,Drinks,Cordials,All cordials,,$5.90,Pick any 2 for $9.40,,$5.90 per 1L,4749138,"Introducing Cottee's Zero Sugar Cordial Apple & Raspberry Flavour, the perfect refreshing drink for all! This refreshing and delicious cordial is a perfect alternative to sugary, carbonated beverages.

Cottee's Zero Sugar Cordial Apple & Raspberry will add a burst of flavour to your plain water with its vibrant colour, making it a refreshing and tasty drink for any occasion.

Whether you are hosting a family gathering or having friends over, Cottee's Zero Sugar Cordial Apple & Raspberry Flavour is the perfect drink to share and is sure to be a hit amongst your guests. Take it up a notch by adding a slice of lemon and a mint sprig garnish for a touch of sophistication.

With a 1L bottle, Cottee's Zero Sugar Cordial Apple & Raspberry Flavour is perfect for those who love to entertain or enjoy a refreshing drink throughout the day. The bottle is easy to store and can be used to make multiple servings.

Cottee's Zero Sugar Cordial Apple & Raspberry Flavour is a delicious and refreshing drink that is perfect for any occasion. Try Cottee's Zero Sugar Cordial Apple & Raspberry Flavour today!
Fruity and refreshing flavor for a burst of taste

Adds a burst of flavor to your plain water

Perfect for sharing at any occasion

1L bottle for multiple servings and easy storage

A perfect alternative to sugary, carbonated beverages",,,"Per 100g/ml
Per Serving
%DI
Energy
3kJ
8kJ
Protein
0g
0g
Total Fat
0g
0g
Saturated Fat
0g
0g
Carbohydrate
0g
0g
Sugars
0g
0g
Sodium
6mg
15mg
Dietary Fibre (total)
0g
0g
* Percentage Daily Intakes are based on an average adult diet of 8700 kJ. Your daily intakes may be higher or lower depending on your energy needs.",,https://www.coles.com.au/product/cottees-zero-sugar-cordial-apple-and-raspberry-1l-4749138,,,2024-06-16T10:13:21.117363-04:00
Ind54SColes_ADrinks_SACordials_ISchweppes Zero Sugar Lemonade Soda Syrup Sugar Free Cordial | 300mL,Schweppes Zero Sugar Lemonade Soda Syrup Sugar Free Cordial | 300mL,Schweppes,Drinks,Cordials,All cordials,,$3.60,,$4.50,$12.00 per 1L,4807325,"Looking for a refreshing and sugar-free way to quench your thirst? Look no further than Schweppes Lemonade Zero Sugar Soda Syrup! This delicious syrup is the perfect addition to your Sodastream, giving you the ultimate fizzy drink with zero sugar.

Schweppes Lemonade Zero Sugar Soda Syrup is made from an original 1835 recipe, providing you with a clean and crisp taste that's sure to tantalize your taste buds. And with zero calories, you can enjoy this delicious beverage without any sugar or worry about impacting your waistline.

With just a few simple steps, you can easily make Schweppes Lemonade Zero Sugar from the comfort of your own home. Simply add the syrup to your Sodastream, carbonate to your desired level, and enjoy the refreshing taste of Schweppes Lemonade Zero Sugar. It's the perfect drink for any occasion, whether you're looking for a refreshing afternoon treat or a delicious beverage to serve at your next gathering.

So why wait? Add Schweppes Lemonade Zero Sugar Soda Syrup to your Sodastream today and enjoy the great taste of Schweppes lemonade without any of the sugar! With its delicious flavour, zero sugar, and easy preparation, it's the perfect choice for anyone looking for a refreshing and great drink option. Order now and experience the ultimate fizzy drink experience today!
Sweet and tangy flavours.

Sugar-free refreshment.

Original 1835 recipe provides refreshing and crisp taste every time.

Versatile drink that can be enjoyed in many ways.

Great for sharing.",,,"Per 100g/ml
Per Serving
%DI
Energy
6kJ
15kJ
Protein
0g
0g
Total Fat
0g
0g
Saturated Fat
0g
0g
Carbohydrate
0g
0g
Sugars
0g
0g
Sodium
10mg
25mg
Dietary Fibre (total)
0g
0g
* Percentage Daily Intakes are based on an average adult diet of 8700 kJ. Your daily intakes may be higher or lower depending on your energy needs.",,https://www.coles.com.au/product/schweppes-zero-sugar-lemonade-soda-syrup-sugar-free-cordial-300ml-4807325,,,2024-06-16T10:13:32.243780-04:00
Ind54SColes_ADrinks_SACordials_ISodastream Pepsi Max Flavour | 440mL,Sodastream Pepsi Max Flavour | 440mL,Sodastream,Drinks,Cordials,All cordials,,$5.60,,$7.00,$12.73 per 1L,3914920,"Pepsi Max for SodaStream
Great Taste. Just Add Bubbles
Each flavour bottle makes about 9L
440mL
With Max Taste, No Sugar - Pepsi Max is a low-calorie and sugar-free version of classic Pepsi.

Simply add to carbonated water for a refreshing drink

440ml - Makes up to 9 Litres",,,"Per 100g/ml
Per Serving
%DI
Energy
1 kj
3 kj
0.04%
Protein
0g
0g
0
Total Fat
0g
0g
0
Saturated Fat
0g
0g
0
Carbohydrate
0.1g
0.2g
0
Sugars
0g
0g
0
Sodium
6mg
15mg
0.70%
Monounsaturated
0g
0g
0
Energy (Cal)
0.3 kcal
0.8 kcal
0.04%
Polyunsaturated
0g
0g
0
Trans
0g
0g
0
* Percentage Daily Intakes are based on an average adult diet of 8700 kJ. Your daily intakes may be higher or lower depending on your energy needs.",,https://www.coles.com.au/product/sodastream-pepsi-max-flavour-440ml-3914920,,,2024-06-16T10:13:43.193472-04:00
Ind54SColes_ADrinks_SACordials_IRibena Blackcurrant Fruit Juice Syrup Bottle | 1L,Ribena Blackcurrant Fruit Juice Syrup Bottle | 1L,Ribena,Drinks,Cordials,All cordials,,$7.40,,,$7.40 per 1L,3407682,Ribena Light Fruit Juice Syrup Blackcurrant is made with New Zealand blackcurrants. Low in calories and has a rich source of Vitamin C.,,,,"Water, Blackcurrant Juice 23.8% (from Concentrate), Sucrose, Food Acid (330), Vitamin C (Ascorbic Acid), Sweeteners (955, 950), Preservatives (202, 223), Flavouring, Natural Colour (163).",https://www.coles.com.au/product/ribena-blackcurrant-fruit-juice-syrup-bottle-1l-3407682,,,2024-06-16T10:13:52.173282-04:00
Ind54SColes_ADrinks_SACordials_IDiet Rite Lime Cordial | 1L,Diet Rite Lime Cordial | 1L,Diet Rite,Drinks,Cordials,All cordials,,$3.50,,,$3.50 per 1L,3050107,"Cordial an Australian institution, but due to our changing lifestyle, many of us are looking for better-for-you cordial alternatives. That's where Diet Rite comes in. Diet Rite is Australia's only 'low-joule' cordial brand. It is made from 50% fruit juice and contains no added sugar, no artificial colours or flavours and has the added goodness of Vitamin C. So drink rite with Diet Rite!",,,"Per 100g/ml
Per Serving
%DI
Energy
4kJ
9kJ
0.10%
Protein
<1g
<1g
1%
Total Fat
<1g
<1g
1%
Saturated Fat
<1g
<1g
1%
Carbohydrate
0.1g
0.2g
0.10%
Sugars
0g
0g
0%
Sodium
2mg
5mg
0.20%
Vitamin C
2mg
5mg
0%
Dietary Fibre (total)
<1g
<1g
1%
* Percentage Daily Intakes are based on an average adult diet of 8700 kJ. Your daily intakes may be higher or lower depending on your energy needs.",,https://www.coles.com.au/product/diet-rite-lime-cordial-1l-3050107,,,2024-06-16T10:14:02.918197-04:00
Ind54SColes_ADrinks_SACordials_ISodastream Pepsi Max Mango Soda Mix | 440mL,Sodastream Pepsi Max Mango Soda Mix | 440mL,Sodastream,Drinks,Cordials,All cordials,,$5.60,,$7.00,$12.73 per 1L,7161857,"Pepsi Max Mango for SodaStream
Great Taste. Just Add Bubbles
Each flavour bottle makes about 9L
440mL
With Max Taste, No Sugar - Pepsi Max Mango is a low-calorie and sugar-free version of Pepsi.

Simply add to carbonated water for a refreshing drink

440ml - Makes up to 9 Litres",,,"Per 100g/ml
Per Serving
%DI
Energy
1.8
4.6
.05
Protein
.01
.03
.06
Total Fat
0
0
0
Saturated Fat
0
0
0
Carbohydrate
.07
.2
.1
Sugars
0
0
0
Sodium
6
15
1
Monounsaturated
0
0
0
Energy (Cal)
.4
1.1
.05
Dietary Fibre (total)
0
0
0
Polyunsaturated
0
0
0
Trans
0
0
0
* Percentage Daily Intakes are based on an average adult diet of 8700 kJ. Your daily intakes may be higher or lower depending on your energy needs.",,https://www.coles.com.au/product/sodastream-pepsi-max-mango-soda-mix-440ml-7161857,,,2024-06-16T10:14:14.103906-04:00
Ind54SColes_ADrinks_SACordials_IBickfords Cordial Pineapple Passionfruit | 750mL,Bickfords Cordial Pineapple Passionfruit | 750mL,Bickfords,Drinks,Cordials,All cordials,,$5.00,,,$6.67 per 1L,6596377,"An exotic blend of lush, sweet pineapple balanced with the subtle tartness of brightly fleshed passionfruit. Refreshing fruity aromas evoke the taste of the tropics.",,,"Per 100g/ml
Per Serving
%DI
Energy
124kJ
124kJ
Protein
0g
0g
Total Fat
0g
0g
Saturated Fat
0g
0g
Carbohydrate
7.3g
7.3g
Sugars
7.1g
7.1g
Sodium
5mg
5mg
Monounsaturated
0g
0g
Dietary Fibre (total)
0g
0g
Polyunsaturated
0g
0g
Trans
0g
0g
* Percentage Daily Intakes are based on an average adult diet of 8700 kJ. Your daily intakes may be higher or lower depending on your energy needs.",,https://www.coles.com.au/product/bickfords-cordial-pineapple-passionfruit-750ml-6596377,,,2024-06-16T10:14:26.968838-04:00
Ind54SColes_ADrinks_SA_IBickfords Cordial Raspberry Sugar Free | 750mL,Bickfords Cordial Raspberry Sugar Free | 750mL,Bickfords,Drinks,,,,$5.00,,,$6.67 per 1L,7207313,Bickford's Sugar Free Raspberry Flavoured Cordial is a vibrant and refreshing blend that contains absolutely no sugar while upholding our hundred-year-old tradition of taste and quality.,,,"Per 100g/ml
Per Serving
%DI
Energy
4kJ
10kJ
Protein
<0g
<0g
Total Fat
0g
0g
Saturated Fat
0g
0g
Carbohydrate
0.2g
0.5g
Sugars
0g
0g
Sodium
9mg
23mg
Dietary Fibre (total)
0g
0g
* Percentage Daily Intakes are based on an average adult diet of 8700 kJ. Your daily intakes may be higher or lower depending on your energy needs.","Water, Sweeteners (Erythritol, Stevia Extract), Acidity Regulators (330, 296, 331), Natural Flavours, Natural Colour (Anthocyanin), Preservatives (202, Sulphites), Xanthan Gum",https://www.coles.com.au/product/bickfords-cordial-raspberry-sugar-free-750ml-7207313,,,2024-06-16T10:14:38.953193-04:00
Ind54SColes_ADrinks_SACordials_ISoda Stream Gas Cylinder | 1pack,Soda Stream Gas Cylinder | 1pack,Soda Stream,Drinks,Cordials,All cordials,,$36.00,,,$36.00 per 1ea,3287503,One bottle of sodastream can save thousands of single use plastic bottles. Keep a Spare 60 Litre Cylinder on hand so you always have an abundance of sparkling water while you are exchanging your empty one.,,,,,https://www.coles.com.au/product/soda-stream-gas-cylinder-1pack-3287503,,,2024-06-16T10:14:47.621493-04:00
Ind54SColes_ADrinks_SA_IBickford's Lemon Cordial | 750ml,Bickford's Lemon Cordial | 750ml,Bickfords,Drinks,,,,$5.00,,,$6.67 per 1L,6875280,"Ideal for mixing or simply a great thirst quencher, Bickford's Lemon Juice Cordial has stood the test of time, melding the sumptuous citrus taste of ripe lemons with a perfectly balanced sweet finish to satisfy any thirst. Dilute with soda or plain water for a real thirst quenching taste, or use as a mixer with premium spirits or full flavoured cocktail ingredient.",,,"Per 100g/ml
Per Serving
%DI
Energy
160kJ
400kJ
Protein
<0g
<0g
Total Fat
0g
0g
Saturated Fat
0g
0g
Carbohydrate
9.4g
23.5g
Sugars
8g
20g
Sodium
8mg
20mg
Monounsaturated
0g
0g
Dietary Fibre (total)
0g
0g
Polyunsaturated
0g
0g
Trans
0g
0g
* Percentage Daily Intakes are based on an average adult diet of 8700 kJ. Your daily intakes may be higher or lower depending on your energy needs.",,https://www.coles.com.au/product/bickford's-lemon-cordial-750ml-6875280,,,2024-06-16T10:14:59.352048-04:00
Ind54SColes_ADrinks_SACordials_ISodastream Zeros Pink Grapefruit Water | 440mL,Sodastream Zeros Pink Grapefruit Water | 440mL,Sodastream,Drinks,Cordials,All cordials,,$6.00,,,$13.64 per 1L,3533563,"Zeros Pink Grapefruit for SodaStream
Naturally sweetened and coloured without the excess sugars.
Each flavour bottle makes about 9L
440mL
Naturally sweetened and coloured without the excess sugar.

Simply add to carbonated water for a refreshing drink

440ml - Makes up to 9 Litres",,,"Per 100g/ml
Per Serving
%DI
Energy
5.1kj
12.9kj
Protein
0g
0g
0%
Total Fat
0g
0g
0%
Saturated Fat
0g
0g
0%
Carbohydrate
0.1g
0.4g
Sugars
0.1g
0.4g
Sodium
4.3mg
10.7mg
Monounsaturated
0g
0g
0%
Energy (Cal)
1.2kcal
3.1kcal
Polyunsaturated
0g
0g
0%
Trans
0g
0g
0%
* Percentage Daily Intakes are based on an average adult diet of 8700 kJ. Your daily intakes may be higher or lower depending on your energy needs.",,https://www.coles.com.au/product/sodastream-zeros-pink-grapefruit-water-440ml-3533563,,,2024-06-16T10:15:10.418115-04:00
Ind54SColes_ADrinks_SACordials_IBickford's Lime Cordial | 750mL,Bickford's Lime Cordial | 750mL,Bickfords,Drinks,Cordials,All cordials,,$5.00,,,$6.67 per 1L,167924,"Bickford's famous Lime Juice Cordial is a true icon of Australian heritage. Dilute with soda or plain water for a real thirst quenching taste, or use as a mixer with premium spirits or full flavoured cocktail ingredient.",,,"Per 100g/ml
Per Serving
%DI
Energy
124kJ
309kJ
Protein
<0g
<0g
Total Fat
0g
0g
Saturated Fat
0g
0g
Carbohydrate
7.3g
18.2g
Sugars
7.3g
18.2g
Sodium
6.8mg
17.1mg
Monounsaturated
0g
0g
Dietary Fibre (total)
0g
0g
Polyunsaturated
0g
0g
Trans
0g
0g
* Percentage Daily Intakes are based on an average adult diet of 8700 kJ. Your daily intakes may be higher or lower depending on your energy needs.",,https://www.coles.com.au/product/bickford's-lime-cordial-750ml-167924,,,2024-06-16T10:15:21.495496-04:00
Ind54SColes_ADrinks_SACordials_IBickford's Peach Iced Tea Cordial | 750mL,Bickford's Peach Iced Tea Cordial | 750mL,Bickfords,Drinks,Cordials,All cordials,,$5.00,,,$6.67 per 1L,6007727,This uniquely blended cordial combines a traditional tea flavour with the mellowing undertones of fresh ripe peach for a truly refreshing experience. This is an ideal thirst quencher all year round.,,,"Per 100g/ml
Per Serving
%DI
Energy
119kJ
298kJ
Protein
<0g
<0g
Total Fat
0g
0g
Saturated Fat
0g
0g
Carbohydrate
7g
17.5g
Sugars
7g
17.5g
Sodium
5.3mg
13.3mg
Monounsaturated
0g
0g
Dietary Fibre (total)
0g
0g
Polyunsaturated
0g
0g
Trans
0g
0g
* Percentage Daily Intakes are based on an average adult diet of 8700 kJ. Your daily intakes may be higher or lower depending on your energy needs.",,https://www.coles.com.au/product/bickford's-peach-iced-tea-cordial-750ml-6007727,,,2024-06-16T10:15:32.156407-04:00
Ind54SColes_ADrinks_SACordials_IDiet Rite Apple Raspberry Cordial | 1L,Diet Rite Apple Raspberry Cordial | 1L,Diet Rite,Drinks,Cordials,All cordials,,$3.50,,,$3.50 per 1L,3050071,"Cordial an Australian institution, but due to our changing lifestyle, many of us are looking for better-for-you cordial alternatives. That's where Diet Rite comes in. Diet Rite is Australia's only 'low-joule' cordial brand. It is made from 50% fruit juice and contains no added sugar, no artificial colours or flavours and has the added goodness of Vitamin C. So drink rite with Diet Rite!",,,"Per 100g/ml
Per Serving
%DI
Energy
10kJ
25kJ
0.30%
Protein
<1g
<1g
1%
Total Fat
<1g
<1g
1%
Saturated Fat
0g
0g
0%
Carbohydrate
0.6g
1.5g
0.50%
Sugars
0.5g
1.3g
1.40%
Sodium
4mg
10mg
0.40%
Vitamin C
2mg
5mg
10%
Dietary Fibre (total)
<1g
<1g
1%
* Percentage Daily Intakes are based on an average adult diet of 8700 kJ. Your daily intakes may be higher or lower depending on your energy needs.",,https://www.coles.com.au/product/diet-rite-apple-raspberry-cordial-1l-3050071,,,2024-06-16T10:15:43.504728-04:00
Ind54SColes_ADrinks_SACordials_IGolden Circle Cordial Raspberry Cordial | 2L,Golden Circle Cordial Raspberry Cordial | 2L,Golden Circle,Drinks,Cordials,All cordials,,$5.50,Pick any 2 for $8.80,,$2.75 per 1L,219267,"Nothing beats a glass of Golden Circle Raspberry Flavoured Cordial. Made with no artificial sweeteners, this raspberry flavoured drink is sure to be a favourite at BBQs, picnics and days by the beach. Treat yourself to a glass of Golden Circle Raspberry Flavoured Cordial on a hot day. Cool and refreshing, mix the perfect cup with 1 part cordial and 4 parts water. Enjoy as it is or add some fresh fruit to make a punch. Golden Circle, Share the Sunshine.
Cool and refreshing

No artificial sweeteners

New 100% recyclable bottle

Mix 1 part cordial with 4 parts water

Makes 10 litres",,,"Per 100g/ml
Per Serving
%DI
Energy
125KJ
245kJ
Protein
0g
0g
Total Fat
0g
0g
Saturated Fat
0g
0g
Carbohydrate
7.0g
14.0g
Sugars
7.0g
14.0g
Sodium
6mg
12mg
* Percentage Daily Intakes are based on an average adult diet of 8700 kJ. Your daily intakes may be higher or lower depending on your energy needs.",,https://www.coles.com.au/product/golden-circle-cordial-raspberry-cordial-2l-219267,,,2024-06-16T10:15:54.247178-04:00
Ind54SColes_ADrinks_SACordials_ICottees Lemon Cordial Lemon Crush with 40% Fruit Juice Bottle | 1L,Cottees Lemon Cordial Lemon Crush with 40% Fruit Juice Bottle | 1L,Cottees,Drinks,Cordials,All cordials,,$5.90,Pick any 2 for $9.40,,$5.90 per 1L,7767908,"If you're searching for a refreshing drink that packs a punch of fruit flavour, look no further than Cottee's Cordial Lemon Crush. With a generous 40% fruit juice content, this cordial strikes the perfect balance between tangy lemon and sweet fruits, creating a deliciously thirst-quenching drink that can be enjoyed all year round. This 1L bottle is perfect for sharing with family and friends, or keeping in the fridge for when you need a refreshing pick-me-up.

Whether you're enjoying it on its own or adding it to sparkling water for a bubbly treat, this cordial is the perfect choice for those looking for a refreshing and flavourful drink.

At Cottee's, we take great care to ensure our drinks are of the highest quality. Our commitment to quality is reflected in every bottle of Cottee's Cordial Lemon Crush, making it a must-have in any household.

So, whether you're hosting a party, relaxing on the couch or just need a refreshing drink after a long day, Cottee's Cordial Lemon Crush is the perfect choice. With its 40% fruit juice content and natural, refreshing flavour, this cordial is sure to become a favourite in your household. Order your bottle today and taste the difference that quality ingredients make!
40% real fruit juice for a naturally tangy and sweet taste

Perfect for sharing with family and friends or keeping in the fridge

Perfect choice for those looking for a refreshing and flavorful drink

Made with highest quality

A refreshing drink that is perfect for any occasion or mood",,,"Per 100g/ml
Per Serving
%DI
Energy
87kJ
218kJ
3%
Protein
0.1g
0.1g
0.30%
Total Fat
0g
0g
0%
Saturated Fat
0g
0g
0%
Carbohydrate
5.1g
12.8g
4%
Sugars
5.0g
12.5g
14%
Sodium
10mg
25mg
1%
Dietary Fibre (total)
<1g
<1g
2%
* Percentage Daily Intakes are based on an average adult diet of 8700 kJ. Your daily intakes may be higher or lower depending on your energy needs.",,https://www.coles.com.au/product/cottees-lemon-cordial-lemon-crush-with-40percent-fruit-juice-bottle-1l-7767908,,,2024-06-16T10:16:05.155502-04:00
Ind54SColes_ADrinks_SACordials_IViva Cordial Apple Raspberry | 1L,Viva Cordial Apple Raspberry | 1L,Viva,Drinks,Cordials,All cordials,,$2.40,,,$2.40 per 1L,3797612,"Viva Cordial Apple and Raspberry, 1L. Viva is the perfect cordial for the whole family. Available in 3 favourite flavours, it makes a refreshing drink at any time of the day.",,,"Per 100g/ml
Per Serving
%DI
Energy
26kJ
65kJ
0.70%
Protein
0g
0g
Total Fat
0g
0g
Saturated Fat
0g
0g
Carbohydrate
1.4g
3.5g
1%
Sugars
1.4g
3.5g
4%
Sodium
9mg
23mg
1%
* Percentage Daily Intakes are based on an average adult diet of 8700 kJ. Your daily intakes may be higher or lower depending on your energy needs.",,https://www.coles.com.au/product/viva-cordial-apple-raspberry-1l-3797612,,,2024-06-16T10:16:15.930976-04:00
Ind54SColes_ADrinks_SACordials_IGolden Circle Cordial Sarsaparilla Cordial | 2L,Golden Circle Cordial Sarsaparilla Cordial | 2L,Golden Circle,Drinks,Cordials,All cordials,,$5.50,Pick any 2 for $8.80,,$2.75 per 1L,393275,"Calling all sarsaparilla lovers, Golden Circle Sarsaparilla Flavoured Cordial is here. Mix the perfect cup of cordial with 1 part cordial and 4 parts water, add some ice and enjoy in the company of family and friends. Indulge in a cool and refreshing glass of Golden Circle Sarsaparilla Flavoured Cordial. A flavour loved by many, this cordial is made with no artificial sweeteners. Mix the perfect cup with 1 part cordial and 4 parts water, or mix it with lemonade for a special treat. Golden Circle, Share the Sunshine.
Cool and refreshing

No artificial sweeteners

New 100% recyclable bottle

Mix 1 part cordial with 4 parts water

Makes 10 litres",,,"Per 100g/ml
Per Serving
%DI
Energy
145KJ
290kJ
Protein
0g
0g
Total Fat
0g
0g
Saturated Fat
0g
0g
Carbohydrate
8.4g
16.8g
Sugars
8.4g
16.8g
Sodium
8mg
16mg
* Percentage Daily Intakes are based on an average adult diet of 8700 kJ. Your daily intakes may be higher or lower depending on your energy needs.",,https://www.coles.com.au/product/golden-circle-cordial-sarsaparilla-cordial-2l-393275,,,2024-06-16T10:16:26.927418-04:00
Ind54SColes_ADrinks_SACordials_ISolo Zero Sugar Soda Syrup Sugar Free Cordial for Soda Water | 300mL,Solo Zero Sugar Soda Syrup Sugar Free Cordial for Soda Water | 300mL,Solo,Drinks,Cordials,All cordials,,$3.60,,$4.50,$12.00 per 1L,4807336,"Are you looking for a refreshing drink that won't ruin your diet? Solo Zero Sugar Soda Syrup is the perfect solution! With its deliciously tangy taste, this syrup can make up to 3.3L of juice. And the best part? It is 100% free of artificial colors and flavors!

You can enjoy Solo Zero Sugar Soda Syrup at any time of day without worrying about the extra sugar intake. This syrup is perfect for people who want to watch their calorie intake but still crave the taste of a soda. It contains zero sugar, zero artificial colors, and zero artificial flavors- making it a perfect choice for any occasion.

Plus, its 300mL bottle size ensures that you can enjoy it for multiple servings. It is ideal for those who like to drink juices regularly, but don't want to commit to large, bulk purchases.

Whether you prefer citrus or other fruit flavors, Solo Zero Sugar Soda Syrup offers a wide range of options, so you are bound to find a flavor that suits your taste buds. This syrup is perfect for creating drinks that are both delicious and refreshing, which is why it is a must-have in any modern kitchen.

Lastly, if you are worried about the quality of the ingredients used, you can stop worrying. Solo Zero Sugar Soda Syrup uses only the highest quality ingredients, making every sip worth it. So why wait? Try Solo Zero Sugar Soda Syrup today and enjoy a refreshing drink!
Zero sugar and artificial flavors

Perfect for calorie-watchers who crave the taste of soda.

300mL bottle size for multiple servings

Wide range of flavors to suit all taste buds

Made from high-quality ingredients",,,"Per 100g/ml
Per Serving
%DI
Energy
11kJ
28kJ
0.30%
Protein
0g
0g
0%
Total Fat
0g
0g
0%
Saturated Fat
0g
0g
0%
Carbohydrate
0g
0g
0%
Sugars
0g
0g
0%
Sodium
29mg
73mg
3%
Dietary Fibre (total)
0g
0g
0%
* Percentage Daily Intakes are based on an average adult diet of 8700 kJ. Your daily intakes may be higher or lower depending on your energy needs.",,https://www.coles.com.au/product/solo-zero-sugar-soda-syrup-sugar-free-cordial-for-soda-water-300ml-4807336,,,2024-06-16T10:16:38.002328-04:00
Ind54SColes_ADrinks_SACordials_IGolden Circle Cordial Golden Pash Cordial | 2L,Golden Circle Cordial Golden Pash Cordial | 2L,Golden Circle,Drinks,Cordials,All cordials,,$5.50,Pick any 2 for $8.80,,$2.75 per 1L,2746649,"Get the great taste of fruit Juice with Golden Circle Golden Pash Cordial. Always a hit at birthday parties and backyard barbeques. Mix the perfect cup with a ratio of 1 part cordial to 4 parts water. Just one sip of Golden Circle Golden Pash Cordial will make you feel like you're on a holiday. With pear, pineapple, passionfruit and other ingredients, this drink is made with the great taste of fruit juice and no artificial colours or sweeteners. Golden Circle, Share the Sunshine.
No artificial colours or sweeteners

With the great taste of fruit juice

Mix the perfect cup - 1 part cordial, 4 parts water

Makes 10 litres

Perfect to enjoy on a hot day or for serving to your guests",,,"Per 100g/ml
Per Serving
%DI
Energy
125KJ
250kJ
Protein
0g
0g
Total Fat
0g
0g
Saturated Fat
0g
0g
Carbohydrate
7.2g
14.4g
Sugars
7.2g
14.4g
Sodium
5mg
10mg
* Percentage Daily Intakes are based on an average adult diet of 8700 kJ. Your daily intakes may be higher or lower depending on your energy needs.",,https://www.coles.com.au/product/golden-circle-cordial-golden-pash-cordial-2l-2746649,,,2024-06-16T10:16:48.820562-04:00
Ind54SColes_ADrinks_SACordials_IRibena Blackcurrant Juice Syrup | 1L,Ribena Blackcurrant Juice Syrup | 1L,Ribena,Drinks,Cordials,All cordials,,$7.40,,,$7.40 per 1L,164336,"Ribena Fruit Juice Syrup Blackcurrant is made with New Zealand blackcurrants. Has a rich source of Vitamin C and contains no artificial colour, artificial flavour or artificial sweetener.",,,,"Sucrose, Water, Blackcurrant Juice 23.8% (from Concentrate), , Food Acid (330), Vitamin C (Ascorbic Acid), Sweeteners (955, 950), Preservatives (202, 223), Flavouring, Natural Colour (163).",https://www.coles.com.au/product/ribena-blackcurrant-juice-syrup-1l-164336,,,2024-06-16T10:16:57.531050-04:00
Ind54SColes_ADrinks_SACordials_ICottees Lime Cordial Coola Green Bottle | 1L,Cottees Lime Cordial Coola Green Bottle | 1L,Cottees,Drinks,Cordials,All cordials,,$5.90,Pick any 2 for $9.40,,$5.90 per 1L,7766767,"Cottee's Cordial Coola Lime Flavour is perfect for those hot summer days or for entertaining guests at your next BBQ. The Coola lime flavour is deliciously refreshing, making it a great option for anyone looking to switch up their usual drink options.

Cottee's Cordial Coola Lime Flavour is also a great choice for anyone who wants to customise their flavour. This beverage can be added to match your flavour profile for a customised personalised beverage.

Packed in an attractively designed bottle, it is a great addition to any refrigerator. The bottle is easy to grip and pour, and its transparent design allows you to see the level of the liquid remaining. This makes it convenient to track your consumption and ensure that you always have enough for your needs.

Overall, Cottee's Cordial Coola Lime Flavour is a great choice for anyone who is looking for a refreshing and delicious drink that is versatile, and affordable. With its classic taste and attractive packaging, this coola lime flavoured cordial is sure to become a favourite among your friends and family. Order yours today and experience the joy of Cottee's Cordial Coola Lime Flavour!
Deliciously tangy and refreshing lime flavour.

Made with natural sweetener for your enjoyment.

Perfect for hot summer days and entertaining guests.

1L bottle for sharing with friends and family.

High-quality, tasty drink that brings fun to any event.",,,"Per 100g/ml
Per Serving
%DI
Energy
86kJ
216kJ
2%
Protein
0g
0g
0%
Total Fat
0g
0g
0%
Saturated Fat
0g
0g
0%
Carbohydrate
5.0g
12.5g
4%
Sugars
5.0g
12.5g
14%
Sodium
11mg
28mg
1%
Dietary Fibre (total)
<1g
<1g
<1%
* Percentage Daily Intakes are based on an average adult diet of 8700 kJ. Your daily intakes may be higher or lower depending on your energy needs.",,https://www.coles.com.au/product/cottees-lime-cordial-coola-green-bottle-1l-7766767,,,2024-06-16T10:17:08.337342-04:00
Ind54SColes_ADrinks_SACordials_IGolden Circle Cordial Lemon Cordial | 2L,Golden Circle Cordial Lemon Cordial | 2L,Golden Circle,Drinks,Cordials,All cordials,,$5.50,Pick any 2 for $8.80,,$2.75 per 1L,2107515,"There's nothing more satisfying on a warm day than a cold drink, and Golden Circle Lemon Cordial does not disappoint. Made with no artificial colours or sweeteners, simply mix 1 part cordial with 4 parts water and add some ice to make an ultra-refreshing drink. Enjoy the flavour of lemon in our Golden Circle Lemon Cordial. Made with the great taste of real fruit juice, mix the perfect cup with 1 part cordial and 4 parts water. The entire 2L bottle makes 10L of cordial so there is more than enough to go around. Golden Circle, share the sunshine.
No artificial colours or sweeteners

With the great taste of real fruit juice

Mix the perfect cup - 1 part cordial, 4 parts water

Makes 10 litres

Perfect to enjoy on a hot day or for serving to your guests",,,"Per 100g/ml
Per Serving
%DI
Energy
125kJ
250kJ
Protein
0g
0g
Total Fat
0g
0g
Saturated Fat
0g
0g
Carbohydrate
7.1g
14.2g
Sugars
7.1g
14.2g
Sodium
17mg
35mg
* Percentage Daily Intakes are based on an average adult diet of 8700 kJ. Your daily intakes may be higher or lower depending on your energy needs.",,https://www.coles.com.au/product/golden-circle-cordial-lemon-cordial-2l-2107515,,,2024-06-16T10:17:19.152817-04:00
Ind54SColes_ADrinks_SACordials_IBickford's Bitter Lemon Cordial | 750mL,Bickford's Bitter Lemon Cordial | 750mL,Bickfords,Drinks,Cordials,All cordials,,$5.00,,,$6.67 per 1L,261627,"Bitter Lemon Cordial stays true to this tradition. With a uniquely sharp bitterness, refreshing aftertaste and the quality you expect from Bickford's. this is the perfect mixer.",,,"Per 100g/ml
Per Serving
%DI
Energy
160kJ
399kJ
Protein
<0g
<0g
Total Fat
0g
0g
Saturated Fat
0g
0g
Carbohydrate
9.4g
23.5g
Sugars
9.2g
23g
Sodium
1.1mg
2.8mg
Monounsaturated
0g
0g
Dietary Fibre (total)
0g
0g
Polyunsaturated
0g
0g
Trans
0g
0g
* Percentage Daily Intakes are based on an average adult diet of 8700 kJ. Your daily intakes may be higher or lower depending on your energy needs.",,https://www.coles.com.au/product/bickford's-bitter-lemon-cordial-750ml-261627,,,2024-06-16T10:17:30.096066-04:00
Ind54SColes_ADrinks_SACordials_ICottees Zero Sugar Cordial Raspberry | 1L,Cottees Zero Sugar Cordial Raspberry | 1L,Cottees,Drinks,Cordials,All cordials,,$5.90,Pick any 2 for $9.40,,$5.90 per 1L,4420100,"Cottee's Zero Sugar Cordial Raspberry Flavour 1L Bottle is the perfect addition to your refreshment collection. This cordial offers a delicious and refreshing taste that is sure to satisfy your thirst. The Raspberry flavour is a crowd favourite, and this bottle is designed to provide you with a convenient and easy way to enjoy it at home.
 
 The 1L bottle is perfect for families and gatherings, as it offers a large amount of cordial that can be used to make multiple drinks. Whether you prefer to mix it with water or soda Cottee's Zero Sugar Cordial Raspberry Flavour is versatile enough to be used in a variety of ways.
 
 Cottee's is a trusted Australian Brand, with a commitment to creating good-quality products that you can feel good about consuming. This zero sugar cordial is no exception.

 Cottee's Zero Sugar Cordial Raspberry Flavour 1L Bottle is a delicious and refreshing beverage that is perfect choice for you. With its great taste and convenient packaging, it is sure to become a staple in your home.",,,"Per 100g/ml
Per Serving
%DI
Energy
3kJ
8kJ
Protein
0g
0g
Total Fat
0g
0g
Saturated Fat
0g
0g
Carbohydrate
0g
0g
Sugars
0g
0g
Sodium
6mg
15mg
Dietary Fibre (total)
0g
0g
* Percentage Daily Intakes are based on an average adult diet of 8700 kJ. Your daily intakes may be higher or lower depending on your energy needs.",,https://www.coles.com.au/product/cottees-zero-sugar-cordial-raspberry-1l-4420100,,,2024-06-16T10:17:41.292466-04:00
Ind54SColes_ADrinks_SACordials_IBuderim Ginger Ginger Refresher Cordial | 750mL,Buderim Ginger Ginger Refresher Cordial | 750mL,Buderim Ginger,Drinks,Cordials,All cordials,,$4.00,,$4.50,$5.33 per 1L,8586385,Ginger Refresher Cordial gets fresh with your taste buds and puts the zing in everything.,,,"Per 100g/ml
Per Serving
%DI
Energy
172kJ
429kJ
Protein
0g
0g
Total Fat
0g
0g
Saturated Fat
0g
0g
Carbohydrate
10g
24.9g
Sugars
10g
24.9g
Sodium
8.6mg
21.5mg
Gluten
0mg
0mg
* Percentage Daily Intakes are based on an average adult diet of 8700 kJ. Your daily intakes may be higher or lower depending on your energy needs.",,https://www.coles.com.au/product/buderim-ginger-ginger-refresher-cordial-750ml-8586385,,,2024-06-16T10:17:53.010450-04:00
Ind54SColes_ADrinks_SACordials_IBickfords Cordial Mango & Coconut Punch | 750mL,Bickfords Cordial Mango & Coconut Punch | 750mL,Bickfords,Drinks,Cordials,All cordials,,$5.00,,,$6.67 per 1L,7506620,,,,,,https://www.coles.com.au/product/bickfords-cordial-mango-and-coconut-punch-750ml-7506620,,,2024-06-16T10:18:01.763678-04:00
Ind54SColes_ADrinks_SACordials_IPassiona Zero Sugar Passionfruit Soda Syrup Cordial for Soda Water 300mL | 300mL,Passiona Zero Sugar Passionfruit Soda Syrup Cordial for Soda Water 300mL | 300mL,Passiona,Drinks,Cordials,All cordials,,$3.60,,$4.50,$12.00 per 1L,6415600,"Mix 1 part syrup with 10 parts carbonated water
Full Flavour

Zero Sugar",,,"Per 100g/ml
Per Serving
%DI
Energy
4kJ
10kJ
Protein
0%
0g
Total Fat
0g
0g
Saturated Fat
0g
0g
Carbohydrate
0g
0g
Sugars
0g
0g
Sodium
7mg
18mg
Dietary Fibre (total)
0g
0g
* Percentage Daily Intakes are based on an average adult diet of 8700 kJ. Your daily intakes may be higher or lower depending on your energy needs.","Water, Food Acids (330, 331), Flavours, Sweeteners (950, 952, 955), Preservative (211), Colours (102, 110).",https://www.coles.com.au/product/passiona-zero-sugar-passionfruit-soda-syrup-cordial-for-soda-water-300ml-300ml-6415600,,,2024-06-16T10:18:12.910490-04:00
Ind54SColes_ADrinks_SACordials_ISodastream Zeros Lemonade Water | 440mL,Sodastream Zeros Lemonade Water | 440mL,Sodastream,Drinks,Cordials,All cordials,,$6.00,,,$13.64 per 1L,3533600,"Zeros Lemonade for SodaStream
Naturally sweetened and coloured without the excess sugar.
Each flavour bottle makes about 9L
440ml
Naturally sweetened and coloured without the excess sugar.

Simply add to carbonated water for a refreshing drink

440ml - Makes up to 9 Litres",,,"Per 100g/ml
Per Serving
%DI
Energy
3.0kj
7.6kj
Protein
0g
0g
0%
Total Fat
0g
0g
0%
Saturated Fat
0g
0g
0%
Carbohydrate
0g
0g
0%
Sugars
0g
0g
0%
Sodium
8.8mg
22.0mg
Monounsaturated
0g
0g
0%
Energy (Cal)
0.7kcal
1.8kcal
Polyunsaturated
0g
0g
0%
Trans
0g
0g
0%
* Percentage Daily Intakes are based on an average adult diet of 8700 kJ. Your daily intakes may be higher or lower depending on your energy needs.","Water, Acid (citric acid), Naturals Flavours, Acidity Regulator (tri sodium citrate), Natural Flavours, Sweeteners (sucralose, steviol glycosides), Preservative (potassium sorbate), Vitamins (B3, E, B6, D3).",https://www.coles.com.au/product/sodastream-zeros-lemonade-water-440ml-3533600,,,2024-06-16T10:18:23.825588-04:00
Ind54SColes_ADrinks_SA_ICottees No Sugar Added Lemon Cordial Lemon Crush Bottle | 1L,Cottees No Sugar Added Lemon Cordial Lemon Crush Bottle | 1L,Cottees,Drinks,,,,$5.90,Pick any 2 for $9.40,,$5.90 per 1L,7767919,"Looking for a refreshing drink that is perfect for any occasion? Look no further than Cottee's Zero Sugar Cordial Lemon Crush Flavour.

Whether you are enjoying a day at the beach with family and friends, or simply relaxing at home, this zero sugar cordial is the perfect addition to any occasion. And because it's a cordial, a little goes a long way, so you can stretch your budget while still enjoying the taste you love.

Cottee's is a trusted Australian Brand, with a commitment to creating good-quality products that you can feel good about consuming. This zero sugar cordial is no exception.
Cottee's Zero Sugar Lemon Crush Cordial is perfect for any occasion

Made with highest-quality ingredients, it's delicious and refreshing

Simple mix of one part cordial to seven parts water

The perfect base for any number of delicious drinks

Easy-to-use concentrate for customizable taste.",,,"Per 100g/ml
Per Serving
%DI
Energy
4kJ
10kJ
0.10%
Protein
0g
0g
0%
Total Fat
0g
0g
0%
Saturated Fat
0g
0g
0%
Carbohydrate
0g
0g
0%
Sugars
0g
0g
0%
Sodium
6mg
15mg
0.70%
Dietary Fibre (total)
0g
0g
0%
* Percentage Daily Intakes are based on an average adult diet of 8700 kJ. Your daily intakes may be higher or lower depending on your energy needs.",,https://www.coles.com.au/product/cottees-no-sugar-added-lemon-cordial-lemon-crush-bottle-1l-7767919,,,2024-06-16T10:18:35.239293-04:00
Ind54SColes_ADrinks_SACordials_ISodastream Classic Ginger Beer Syrup | 440mL,Sodastream Classic Ginger Beer Syrup | 440mL,Sodastream,Drinks,Cordials,All cordials,,$5.00,,,$11.36 per 1L,3533858,"SodaStream Classics Ginger Beer 440ml
440ml - Makes up to 9 Litres

Simply add to carbonated water for a refreshing drink

Contains no high-fructose corn syrup or aspartame

Naturally flavoured",,,"Per 100g/ml
Per Serving
%DI
Energy
92.1kj
230.2kj
Protein
0
0
Total Fat
0
0
Saturated Fat
0
0
Carbohydrate
5.3g
13.2g
Sugars
5.3g
13.1g
Sodium
.2mg
.5mg
Monounsaturated
0
0
Polyunsaturated
0
0
Trans
0
0
* Percentage Daily Intakes are based on an average adult diet of 8700 kJ. Your daily intakes may be higher or lower depending on your energy needs.",,https://www.coles.com.au/product/sodastream-classic-ginger-beer-syrup-440ml-3533858,,,2024-06-16T10:18:46.305564-04:00
Ind54SColes_ADrinks_SACordials_ISodastream Lipton Ice Tea Peach Soda Mix | 440mL,Sodastream Lipton Ice Tea Peach Soda Mix | 440mL,Sodastream,Drinks,Cordials,All cordials,,$7.00,,,$15.91 per 1L,7162260,"Lipton Ice Tea Peach for SodaStream
Turn Sparkling Water into Tasty Sunshine
Each flavour bottle makes about 9L
440mL
Turn Sparkling Water into Tasty Sunshine

Simply add to carbonated water for a refreshing drink

440ml - Makes up to 9 Litres",,,"Per 100g/ml
Per Serving
%DI
Energy
53
133
1.5
Protein
0
0
0
Total Fat
0
0
0
Saturated Fat
0
0
0
Carbohydrate
3
7.5
2.4
Sugars
2.9
7.3
8.1
Sodium
8
20
1
Monounsaturated
0
0
0
Energy (Cal)
13
32
1.5
Dietary Fibre (total)
0
0
0
Polyunsaturated
0
0
0
Trans
0
0
0
* Percentage Daily Intakes are based on an average adult diet of 8700 kJ. Your daily intakes may be higher or lower depending on your energy needs.","Sugar, Water, Black Tea Extract (1.9%), Food Acids (296, 330, 331), Antioxidant (300), Sweetener (960), Flavour, Preservative (202), Antifoaming Agent (900)",https://www.coles.com.au/product/sodastream-lipton-ice-tea-peach-soda-mix-440ml-7162260,,,2024-06-16T10:18:57.722159-04:00
Ind54SColes_ADrinks_SACordials_ISodastream Pepsi Max Vanilla Soda Mix | 440mL,Sodastream Pepsi Max Vanilla Soda Mix | 440mL,Sodastream,Drinks,Cordials,All cordials,,$5.60,,$7.00,$12.73 per 1L,7162000,"Pepsi Max Vanilla for SodaStream
Great Taste. Just Add Bubbles
Each flavour bottle makes about 9L
440mL
With Max Taste, No Sugar - Pepsi Max Vanilla is a low-calorie and sugar-free version of Pepsi.

Simply add to carbonated water for a refreshing drink

440ml - Makes up to 9 Litres",,,"Per 100g/ml
Per Serving
%DI
Energy
2.3
5.7
.07
Protein
.01
0.03
.06
Total Fat
0
0
0
Saturated Fat
0
0
0
Carbohydrate
.07
0.2
.1
Sugars
0
0
0
Sodium
6
15
1
Energy (Cal)
.5
1.4
.07
Dietary Fibre (total)
0
0
0
Trans
0
0
0
* Percentage Daily Intakes are based on an average adult diet of 8700 kJ. Your daily intakes may be higher or lower depending on your energy needs.",,https://www.coles.com.au/product/sodastream-pepsi-max-vanilla-soda-mix-440ml-7162000,,,2024-06-16T10:19:08.611961-04:00
Ind54SColes_ADrinks_SACordials_IBickford's Cordial Tropical | 750mL,Bickford's Cordial Tropical | 750mL,Bickfords,Drinks,Cordials,All cordials,,$5.00,,,$6.67 per 1L,2108096,Our Cloudy Apple Juice Cordial delivers a refreshing balance of crisp clean flavours with delicious sweetness. A pure and unsurpassable taste true to the Bickford's heritage of quality and craft.,,,"Per 100g/ml
Per Serving
%DI
Energy
178kJ
445kJ
Protein
0g
0g
Total Fat
0g
0g
Saturated Fat
0g
0g
Carbohydrate
10.5g
26.3g
Sugars
10.4g
26g
Sodium
7mg
18mg
* Percentage Daily Intakes are based on an average adult diet of 8700 kJ. Your daily intakes may be higher or lower depending on your energy needs.",,https://www.coles.com.au/product/bickford's-cordial-tropical-750ml-2108096,,,2024-06-16T10:19:19.427502-04:00
Ind54SColes_ADrinks_SACordials_IDiet Rite Strawberry Guava Cordial | 1L,Diet Rite Strawberry Guava Cordial | 1L,Diet Rite,Drinks,Cordials,All cordials,,$3.50,,,$3.50 per 1L,3050118,"Cordial an Australian institution, but due to our changing lifestyle, many of us are looking for better-for-you cordial alternatives. That's where Diet Rite comes in. Diet Rite is Australia's only 'low-joule' cordial brand. It is made from 50% fruit juice and contains no added sugar, no artificial colours or flavours and has the added goodness of Vitamin C. So drink rite with Diet Rite!",,,"Per 100g/ml
Per Serving
%DI
Energy
10kJ
25kJ
0.30%
Protein
<1g
<1g
1%
Total Fat
<1g
<1g
1%
Saturated Fat
0g
0g
0%
Carbohydrate
0.6g
1.5g
0.50%
Sugars
0.5g
1.3g
1.40%
Sodium
4mg
10mg
0.40%
Vitamin C
2mg
5mg
0%
Dietary Fibre (total)
<1g
<1g
1%
* Percentage Daily Intakes are based on an average adult diet of 8700 kJ. Your daily intakes may be higher or lower depending on your energy needs.",,https://www.coles.com.au/product/diet-rite-strawberry-guava-cordial-1l-3050118,,,2024-06-16T10:19:30.301963-04:00
Ind54SColes_ADrinks_SACordials_ISodastream Classics Cream Soda Flavoured Sparkling Drink Mix | 440mL,Sodastream Classics Cream Soda Flavoured Sparkling Drink Mix | 440mL,Sodastream,Drinks,Cordials,All cordials,,$5.00,,,$11.36 per 1L,3412864,"Classics Cream Soda for SodaStream
Each flavour bottle makes about 9L
440mL
Simply add to carbonated water for a refreshing drink

440ml - Makes up to 9 Litres",,,"Per 100g/ml
Per Serving
%DI
Energy
87.4kcal
218.4kj
Protein
0g
0g
0
Total Fat
0g
0g
0
Saturated Fat
0g
0g
0
Carbohydrate
5.2g
12.9g
Sugars
5.2g
12.9g
Sodium
13.4mg
33.4mg
Monounsaturated
0g
0g
0
Energy (Cal)
15.6kcal
39kcal
0
Polyunsaturated
0g
0g
0
Trans
0g
0g
0
* Percentage Daily Intakes are based on an average adult diet of 8700 kJ. Your daily intakes may be higher or lower depending on your energy needs.",,https://www.coles.com.au/product/sodastream-classics-cream-soda-flavoured-sparkling-drink-mix-440ml-3412864,,,2024-06-16T10:19:41.230304-04:00
Ind54SColes_ADrinks_SACordials_IGolden Circle Cordial Apple & Raspberry Cordial | 2L,Golden Circle Cordial Apple & Raspberry Cordial | 2L,Golden Circle,Drinks,Cordials,All cordials,,$5.50,Pick any 2 for $8.80,,$2.75 per 1L,6010674,"Mix the perfect cup of Golden Circle Apple Raspberry Cordial with 1 part cordial and 4 parts water. The entire bottle makes 10 litres with the great taste of fruit juice so there is plenty to go around at picnics and events. With the great taste of fruit juice, Golden Circle Apple Raspberry Cordial is sure to be a hit at parties and get-togethers. Made with no artificial colours or sweeteners, this apple raspberry drink tastes great when mixed with water, or added to a fruit punch with fresh fruit. Golden Circle, Share the Sunshine.
With the great taste of fruit juice

No artificial colours or sweeteners

New 100% recyclable bottle

Mix 1 part cordial with 4 parts water

Makes 10 litres",,,"Per 100g/ml
Per Serving
%DI
Energy
130kJ
260kJ
Protein
0g
0g
Total Fat
0g
0g
Saturated Fat
0g
0g
Carbohydrate
7.5g
15.0g
Sugars
7.4g
14.8g
Sodium
6mg
12mg
* Percentage Daily Intakes are based on an average adult diet of 8700 kJ. Your daily intakes may be higher or lower depending on your energy needs.",,https://www.coles.com.au/product/golden-circle-cordial-apple-and-raspberry-cordial-2l-6010674,,,2024-06-16T10:19:52.231079-04:00
Ind54SColes_ADrinks_SACordials_ISodastream Carbonating Bottle Dishwasher Safe | 2 pack,Sodastream Carbonating Bottle Dishwasher Safe | 2 pack,Sodastream,Drinks,Cordials,All cordials,,$19.95,,,$9.98 per 1ea,6476660,"SodaStream Dishwasher Safe Carbonating Bottles Twin Pack - White
1 Litre Capacity with White cap and base

Dishwasher Safe up to 70 Degrees

Features a hermetic sealing lid to keep your sparkling drinks fizzy for longer

Each bottle has a lifespan of 3 years and is BPA-free

Not Compatabile with Jet and Crystal Sparkling Water Makers",,,,,https://www.coles.com.au/product/sodastream-carbonating-bottle-dishwasher-safe-2-pack-6476660,,,2024-06-16T10:20:01.049844-04:00
Ind54SColes_ADrinks_SACordials_IGolden Circle Cordial Mandarin | 2L,Golden Circle Cordial Mandarin | 2L,Golden Circle,Drinks,Cordials,All cordials,,,,,,7705536,,,,"Per 100g/ml
Per Serving
%DI
Energy
130 kJ
260 kJ
Protein
0 g
0 g
Total Fat
0 g
0 g
Saturated Fat
0 g
0 g
Carbohydrate
7.2 g
14.4 g
Sugars
7.2 g
14.4 g
Sodium
5 mg
10 mg
* Percentage Daily Intakes are based on an average adult diet of 8700 kJ. Your daily intakes may be higher or lower depending on your energy needs.","Water, Sugar, Reconstituted Mandarin Juice (23%), Food Acid (Citric Acid), Natural Flavour, Natural Colour (Carotene), Preservatives (Sodium Metabisulphite (Sulphites), Sodium Benzoate), Stabiliser (466). Contains: Sulphites.",https://www.coles.com.au/product/golden-circle-cordial-mandarin-2l-7705536,,,2024-06-16T10:20:12.392028-04:00
Ind54SColes_ADrinks_SACordials_ISoda Stream Quick Connect Pink Gas Cylinder | 1 each,Soda Stream Quick Connect Pink Gas Cylinder | 1 each,Soda Stream,Drinks,Cordials,All cordials,,$36.00,,,$36.00 per 1ea,6481794,"Makes up to 60 Litres of Sparkling Water
Suitable with new 2023 Sparkling Water makers
Gaia, Terra, E-Terra, Art and Duo
SodaStream's cylinders are triple quality and safety checked and refilled locally in Melbourne, Australia.
Purchase a Spare or Exchange in store and save",,,,Food Grade Co2,https://www.coles.com.au/product/soda-stream-quick-connect-pink-gas-cylinder-1-each-6481794,,,2024-06-16T10:20:21.475963-04:00
Ind54SColes_ADrinks_SACordials_IGolden Circle Cordial Pineapple Mango & Passionfruit Cordial | 2L,Golden Circle Cordial Pineapple Mango & Passionfruit Cordial | 2L,Golden Circle,Drinks,Cordials,All cordials,,$5.50,Pick any 2 for $8.80,,$2.75 per 1L,6010685,"Golden Circle Pine Mango Passion Cordial is made with no artificial colours, flavours or sweeteners. Mix the perfect cup with 1 part cordial and 4 parts water, or for something a bit special, why not try mixing it with sparkling water or lemonade. Combining pineapple, mango and passionfruit with other ingredients, Golden Circle Pine Mango Passion Cordial is a drink that the whole family will enjoy. With the great taste of fruit juice, this drink is excellent in fruit punches, ice blocks or simply mixed into a cold glass of water. Golden Circle, Share the Sunshine.
No artificial colours, flavours or sweeteners

With the great taste of fruit juice

Mix the perfect cup - 1 part cordial, 4 parts water

Makes 10 litres

100% recyclable bottle",,,"Per 100g/ml
Per Serving
%DI
Energy
125kJ
250kJ
Protein
0g
0g
Total Fat
0g
0g
Saturated Fat
0g
0g
Carbohydrate
6.9g
13.8g
Sugars
6.8g
13.6g
Sodium
5mg
10mg
* Percentage Daily Intakes are based on an average adult diet of 8700 kJ. Your daily intakes may be higher or lower depending on your energy needs.",,https://www.coles.com.au/product/golden-circle-cordial-pineapple-mango-and-passionfruit-cordial-2l-6010685,,,2024-06-16T10:20:32.940138-04:00
Ind54SColes_ADrinks_SACordials_ISchweppes Zero Sugar Lemon Lime Bitters Soda Syrup Sugar Free Cordial | 300mL,Schweppes Zero Sugar Lemon Lime Bitters Soda Syrup Sugar Free Cordial | 300mL,Schweppes,Drinks,Cordials,All cordials,,$3.60,,$4.50,$12.00 per 1L,6411595,"Feeling crafty? Mix your own Schweppes Lemon Lime & Bitters Zero Sugar at home. Mix 1 part syrup with 10 parts carbonated water enjoy refreshing taste of Schweppes whenever you fancy.
Full Flavour, Zero Sugar

No artificial colours or flavours.",,,"Per 100g/ml
Per Serving
%DI
Energy
11kJ
28kJ
Protein
0g
0g
Total Fat
0g
0g
Saturated Fat
0g
0g
Carbohydrate
0g
0g
Sugars
0g
0g
Sodium
22mg
55mg
Dietary Fibre (total)
0g
0g
* Percentage Daily Intakes are based on an average adult diet of 8700 kJ. Your daily intakes may be higher or lower depending on your energy needs.",,https://www.coles.com.au/product/schweppes-zero-sugar-lemon-lime-bitters-soda-syrup-sugar-free-cordial-300ml-6411595,,,2024-06-16T10:20:43.802854-04:00
Ind54SColes_ADrinks_SACordials_IBelvoir Elderflower Cordial | 500mL,Belvoir Elderflower Cordial | 500mL,Belvoir,Drinks,Cordials,All cordials,,$6.30,,,$12.60 per 1L,3530317,"Belvoirs world famous Elderflower Cordial, made with masses of freshly picked elderflowers, lemon juice and spring water. Made to the same family recipe from back in 1984, from an infusion of freshly picked elderflowers and lots of fresh lemon juice, this has a delicate taste and makes a wonderfully refreshing drink when mixed with still or sparkling mineral water.

Belvoir Elderflower Cordial makes sensational spritzers with white wine and sparkling water, or add a dash to enliven a gin and tonic
No Artificial Flavours, Sweeteners or Preservatives

Made using Freshly Picked Elderflowers",,,"Per 100g/ml
Per Serving
%DI
Energy
73kJ
183kJ
Protein
0g
0g
0.0%
Total Fat
0g
0g
0.0%
Saturated Fat
0g
0g
0.0%
Carbohydrate
4.3g
10.75g
0.0%
Sugars
4.2g
10.5g
0.0%
Vitamin B2
0
0
0
Vitamin B3
0
0
0
Calcium
0
0
0
Iron
0
0
0
Vitamin A
0
0
0
PABA
0
0
00
Vitamin B
0
0
0
Vitamin C
0
0
0
Dietary Fibre (total)
0g
0g
0.0%
Magnesium
0
0
0
Selenium
0
0
0
Copper
0
0
0
Trans
0g
0g
0.0%
Caffeine
0
0
0
Iodine
0
0
0
Folic Acid
0
0
0
Inositol
0
0
0
Biotin
0
0
0
Molybdenum
0
0
0
Zinc
0
0
0
Sodium
0
0
0
Choline
0
0
0
Chromium
0
0
0
Polyunsaturated
0g
0g
0.0%
Potassium
0
0
0
Manganese
0
0
0
* Percentage Daily Intakes are based on an average adult diet of 8700 kJ. Your daily intakes may be higher or lower depending on your energy needs.",,https://www.coles.com.au/product/belvoir-elderflower-cordial-500ml-3530317,,,2024-06-16T10:20:54.910368-04:00
Ind54SColes_ADrinks_SACordials_IBickford's Lemon Barley Cordial | 750mL,Bickford's Lemon Barley Cordial | 750mL,Bickfords,Drinks,Cordials,All cordials,,$5.00,,,$6.67 per 1L,5291308,"Bickford's Lemon Barley Cordial brings together the fresh taste of ripe lemons with the rich, smooth flavour of cooked barley. Dilute with soda or plain water for a real thirst quenching taste, or use as a mixer with premium spirits.",,,"Per 100g/ml
Per Serving
%DI
Energy
173kJ
433kJ
Protein
<0g
<0g
Total Fat
0g
0g
Saturated Fat
0g
0g
Carbohydrate
10.1g
25.3g
Sugars
10.1g
25.3g
Sodium
2.4mg
6mg
Monounsaturated
0g
0g
Dietary Fibre (total)
0g
0g
Polyunsaturated
0g
0g
Trans
0g
0g
* Percentage Daily Intakes are based on an average adult diet of 8700 kJ. Your daily intakes may be higher or lower depending on your energy needs.",,https://www.coles.com.au/product/bickford's-lemon-barley-cordial-750ml-5291308,,,2024-06-16T10:21:06.069516-04:00
Ind54SColes_ADrinks_SA_IBickford's Ginger Beer Cordial | 750mL,Bickford's Ginger Beer Cordial | 750mL,Bickfords,Drinks,,,,$5.00,,,$6.67 per 1L,6875370,"The sharp yet subtle flavour of real ginger with a tangy freshness, light spiciness and refreshing sweetness gives Bickford's Cordial Ginger Beer a vibrant taste. Dilute with soda or water for a real thirst quenching taste.",,,"Per 100g/ml
Per Serving
%DI
Energy
205kJ
513kJ
Protein
<0g
<0g
Total Fat
0g
0g
Saturated Fat
0g
0g
Carbohydrate
11.9g
29.7g
Sugars
11.8g
29.6g
Sodium
1.6mg
4.1mg
Monounsaturated
0g
0g
Dietary Fibre (total)
0g
0g
Polyunsaturated
0g
0g
Trans
0g
0g
* Percentage Daily Intakes are based on an average adult diet of 8700 kJ. Your daily intakes may be higher or lower depending on your energy needs.",,https://www.coles.com.au/product/bickford's-ginger-beer-cordial-750ml-6875370,,,2024-06-16T10:21:17.898363-04:00
Ind54SColes_ADrinks_SA_IDiet Rite Lemon Cordial | 1L,Diet Rite Lemon Cordial | 1L,Diet Rite,Drinks,,,,$3.50,,,$3.50 per 1L,3050093,"Cordial an Australian institution, but due to our changing lifestyle, many of us are looking for better-for-you cordial alternatives. That's where Diet Rite comes in. Diet Rite is Australia's only 'low-joule' cordial brand. It is made from 50% fruit juice and contains no added sugar, no artificial colours or flavours and has the added goodness of Vitamin C. So drink rite with Diet Rite!",,,"Per 100g/ml
Per Serving
%DI
Energy
10kJ
25kJ
0.30%
Protein
<1g
<1g
1%
Total Fat
<1g
<1g
1%
Saturated Fat
<1g
<1g
1%
Carbohydrate
0.4g
0.9g
0.30%
Sugars
0.1g
0.3g
0.30%
Sodium
4mg
10mg
0.40%
Vitamin C
2mg
5mg
10%
Dietary Fibre (total)
<1g
<1g
1%
* Percentage Daily Intakes are based on an average adult diet of 8700 kJ. Your daily intakes may be higher or lower depending on your energy needs.",,https://www.coles.com.au/product/diet-rite-lemon-cordial-1l-3050093,,,2024-06-16T10:21:29.659671-04:00
Ind54SColes_ADrinks_SACordials_ICottees No Sugar Added Cordial Orange Cordial Orange Crush Bottle | 1L,Cottees No Sugar Added Cordial Orange Cordial Orange Crush Bottle | 1L,Cottees,Drinks,Cordials,All cordials,,$5.90,Pick any 2 for $9.40,,$5.90 per 1L,7767952,"Cottee's Zero Sugar Cordial Orange Crush Flavour 1L Bottle is the perfect addition to your refreshment collection. This cordial offers a delicious and refreshing taste that is sure to satisfy your thirst. The Orange Crush flavour is a crowd favourite, and this bottle is designed to provide you with a convenient and easy way to enjoy it at home.

The 1L bottle is perfect for families and gatherings, as it offers a large amount of cordial that can be used to make multiple drinks. Whether you prefer to mix it with water or soda Cottee's Zero Sugar Cordial Orange Crush Flavour is versatile enough to be used in a variety of ways.

Cottee's is a trusted Australian Brand, with a commitment to creating good-quality products that you can feel good about consuming. This zero sugar cordial is no exception.

Cottee's Zero Sugar Cordial Orange Crush Flavour 1L Bottle is a delicious and refreshing beverage that is perfect choice for you. With its great taste and convenient packaging, it is sure to become a staple in your home.
Indulge in a deliciously tangy and refreshing taste that is sure to satisfy your thirst

Made from the finest ingredients, enjoy a full flavour experience.

Easy to prepare- just mix with water for a perfect balance.

Perfect for lazy afternoons or get-togethers with friends.

Perfect for cocktails, mocktails, and sodas",,,"Per 100g/ml
Per Serving
%DI
Energy
4kJ
10kJ
0.10%
Protein
0g
0g
0%
Total Fat
0g
0g
0%
Saturated Fat
0g
0g
0%
Carbohydrate
0g
0g
0%
Sugars
0g
0g
0%
Sodium
8mg
20mg
0.90%
Dietary Fibre (total)
0g
0g
0%
* Percentage Daily Intakes are based on an average adult diet of 8700 kJ. Your daily intakes may be higher or lower depending on your energy needs.",,https://www.coles.com.au/product/cottees-no-sugar-added-cordial-orange-cordial-orange-crush-bottle-1l-7767952,,,2024-06-16T10:21:40.609397-04:00
Ind54SColes_ADrinks_SACordials_ICottees Apple & Raspberry Cordial with 40% Fruit Juice Bottle | 1L,Cottees Apple & Raspberry Cordial with 40% Fruit Juice Bottle | 1L,Cottees,Drinks,Cordials,All cordials,,$5.90,Pick any 2 for $9.40,,$5.90 per 1L,7766723,"Welcome to Cottee's Zero Sugar Cordial Raspberry Flavour 1L, the perfect addition to your daily dose of refreshment! Cottee's is committed to bringing you the good quality cordial, with zero sugar. This irresistibly Raspberry Flavoured Cordial, with its flavour and vibrant colour, will leave you feeling refreshed and energized throughout the day.

Our zero sugar cordial is the perfect choice for those who are looking for a refreshing alternative to traditional sugary beverages. So, whether you are enjoying a refreshing glass of cordial on a hot summer day or serving up a pitcher at your next gathering, you can rest assured that you are making a great choice.

If you are looking for a refreshing beverage, Cottee's Zero Sugar Cordial Raspberry Flavour 1L is the perfect choice for you. Try it out today and treat yourself to a refreshing and refreshing thirst-quencher!
40% fruit juice content for a delicious and natural taste

Versatile and can be added to a variety of drinks

Perfect balance of sweet and tart flavors

Large 1L bottle for sharing with friends and family

Ideal for any occasion, from family gatherings to hot summer days",,,"Per 100g/ml
Per Serving
%DI
Energy
89kJ
223kJ
3%
Protein
0g
0g
0%
Total Fat
0g
0g
0%
Saturated Fat
0g
0g
0%
Carbohydrate
5.0g
12.5g
4%
Sugars
5.0g
12.5g
14%
Sodium
11mg
28mg
1%
Dietary Fibre (total)
<1g
<1g
<1%
* Percentage Daily Intakes are based on an average adult diet of 8700 kJ. Your daily intakes may be higher or lower depending on your energy needs.",,https://www.coles.com.au/product/cottees-apple-and-raspberry-cordial-with-40percent-fruit-juice-bottle-1l-7766723,,,2024-06-16T10:21:52.657682-04:00
Ind54SColes_ADrinks_SACordials_ICottees No Sugar Added Cordial Fruit Cup Cordial Bottle | 1L,Cottees No Sugar Added Cordial Fruit Cup Cordial Bottle | 1L,Cottees,Drinks,Cordials,All cordials,,$5.90,Pick any 2 for $9.40,,$5.90 per 1L,1510910,"Looking for a refreshing drink that is perfect for any occasion? Look no further than Cottee's Zero Sugar Cordial Fruit Cup Flavour.

Whether you are enjoying a day at the beach with family and friends, or simply relaxing at home, this zero sugar cordial is the perfect addition to any occasion. And because it's a cordial, a little goes a long way, so you can stretch your budget while still enjoying the taste you love.

Cottee's is a trusted Australian Brand, with a commitment to creating good-quality products that you can feel good about consuming. This zero sugar cordial is no exception.
Cottee's Zero Sugar Lemon Crush Cordial satisfies sweet cravings

Ideal drink for those who want to reduce their sugar intake without sacrificing taste

Easy to make- just mix with water and garnish with lemon

Perfect alternative to sugar-loaded drinks on supermarket shelves

Perfect for sharing with family and friends at gatherings",,,"Per 100g/ml
Per Serving
%DI
Energy
3kJ
8kJ
0.10%
Protein
0g
0g
0%
Total Fat
0g
0g
0%
Saturated Fat
0g
0g
0%
Carbohydrate
0g
0g
0%
Sugars
0g
0g
0%
Sodium
7mg
18mg
0.80%
Dietary Fibre (total)
0g
0g
0%
* Percentage Daily Intakes are based on an average adult diet of 8700 kJ. Your daily intakes may be higher or lower depending on your energy needs.","Water, Food Acid (Citric Acid), Natural Flavours, Sweeteners (Cyclamate, Acesulphame Potassium, Sucralose), Natural Colours (Lutein, Carmines), Preservatives (Sodium Benzoate, Sodium Metabisulphite (Sulphites)). CONTAINS SULPHITES.",https://www.coles.com.au/product/cottees-no-sugar-added-cordial-fruit-cup-cordial-bottle-1l-1510910,,,2024-06-16T10:22:04.580124-04:00
Ind54SColes_ADrinks_SACordials_ICottees Raspberry Cordial Bottle | 1L,Cottees Raspberry Cordial Bottle | 1L,Cottees,Drinks,Cordials,All cordials,,$5.90,Pick any 2 for $9.40,,$5.90 per 1L,7767963,"Looking for a refreshing and delicious drink to quench your thirst? Look no further than Cottee's Cordial Raspberry Flavour 1L Bottle!

Cottee's Cordial Raspberry Flavour is perfect for any occasion, whether you are hosting a party, enjoying a family gathering, or just relaxing at home. Its deliciously sweet and tangy flavour will leave you wanting more. It is also easy to prepare, simply add a small amount of cordial to water and enjoy!

Cottee's Cordial Raspberry Flavour is a versatile drink that can be enjoyed in many ways. Mix it with soda water or lemonade for a bubbly treat. Its bold and vibrant colour also makes it a great addition to desserts such as cakes, sorbets, and smoothies.

With its great taste, Cottee's Cordial Raspberry Flavour is a must-have for anyone looking for a delicious and refreshing drink. So why wait? Treat yourself and your family to the goodness of Cottee's Cordial Raspberry Flavour 1L Bottle today!
Refreshing and delicious taste of fresh raspberries

Perfect addition to any beverage collection

Convenient 1L bottle for large gatherings, picnics, or home use

Versatile drink that can be enjoyed in many ways

Great addition to deserts",,,"Per 100g/ml
Per Serving
%DI
Energy
86kJ
215kJ
3%
Protein
0g
0g
0%
Total Fat
0g
0g
0%
Saturated Fat
0g
0g
0%
Carbohydrate
5.0g
12.5g
4%
Sugars
5.0g
12.5g
14%
Sodium
11mg
28mg
1%
Dietary Fibre (total)
<1g
<1g
<1%
* Percentage Daily Intakes are based on an average adult diet of 8700 kJ. Your daily intakes may be higher or lower depending on your energy needs.",,https://www.coles.com.au/product/cottees-raspberry-cordial-bottle-1l-7767963,,,2024-06-16T10:22:15.636877-04:00
Ind54SColes_ADrinks_SACordials_IDiet Rite Cordial Lemon Lime Orange | 1L,Diet Rite Cordial Lemon Lime Orange | 1L,Diet Rite,Drinks,Cordials,All cordials,,$3.50,,,$3.50 per 1L,5625254,"Cordial an Australian institution, but due to our changing lifestyle, many of us are looking for better-for-you cordial alternatives. That's where Diet Rite comes in. Diet Rite is Australia's only 'low-joule' cordial brand. It is made from 50% fruit juice and contains no added sugar, no artificial colours or flavours and has the added goodness of Vitamin C. So drink rite with Diet Rite!",,,"Per 100g/ml
Per Serving
%DI
Energy
9kJ
21kJ
0.20%
Protein
<1g
<1g
<1%
Total Fat
<1g
<1g
<1%
Saturated Fat
<1g
<1g
<1%
Carbohydrate
0.5g
1.3g
0.40%
Sugars
0.5g
1.3g
1.40%
Sodium
2mg
5mg
0.20%
Vitamin C
2mg
5mg
Dietary Fibre (total)
<1g
<1g
<1%
* Percentage Daily Intakes are based on an average adult diet of 8700 kJ. Your daily intakes may be higher or lower depending on your energy needs.",,https://www.coles.com.au/product/diet-rite-cordial-lemon-lime-orange-1l-5625254,,,2024-06-16T10:22:27.645211-04:00
Ind54SColes_ADrinks_SA_IGolden Circle Cordial Lime Crush Cordial | 2L,Golden Circle Cordial Lime Crush Cordial | 2L,Golden Circle,Drinks,,,,$5.50,Pick any 2 for $8.80,,$2.75 per 1L,219256,"On a hot weekend, the whole family will love a glass of cool and refreshing Golden Circle Lime Flavoured Cordial. Mix the perfect cup with 1 part cordial and 4 parts water. If you're looking for a delicious, cool and refreshing drink, look no further than Golden Circle Lime Flavoured Cordial. Made with no artificial flavours or sweeteners, this lime-flavoured drink tastes great when mixed with cold water and ice. Golden Circle, Share the Sunshine.
No artificial flavours or sweeteners

Cool and refreshing

Mix the perfect cup - 1 part cordial, 4 parts water

Makes 10 litres

100% Recyclable Bottle",,,"Per 100g/ml
Per Serving
%DI
Energy
125KJ
245kJ
Protein
0g
0g
Total Fat
0g
0g
Saturated Fat
0g
0g
Carbohydrate
7.0g
14.0g
Sugars
7.0g
14.0g
Sodium
6mg
12mg
* Percentage Daily Intakes are based on an average adult diet of 8700 kJ. Your daily intakes may be higher or lower depending on your energy needs.",,https://www.coles.com.au/product/golden-circle-cordial-lime-crush-cordial-2l-219256,,,2024-06-16T10:22:39.967892-04:00
Ind54SColes_ADrinks_SACordials_IBickfords Cordial Orange Lemon Lime | 750mL,Bickfords Cordial Orange Lemon Lime | 750mL,Bickfords,Drinks,Cordials,All cordials,,$5.00,,,$6.67 per 1L,5570436,"Bursting with zesty citrus notes of freshly squeezed orange, lemon and lime. Pleasantly sweet with the right amount of tang delivering the ultimate refreshing thirst quencher.",,,"Per 100g/ml
Per Serving
%DI
Energy
128kJ
128kJ
Protein
0g
0g
Total Fat
0g
0g
Saturated Fat
0g
0g
Carbohydrate
7.5g
7.5g
Sugars
7.2g
7.2g
Sodium
5mg
5mg
Monounsaturated
0g
0g
Dietary Fibre (total)
0g
0g
Polyunsaturated
0g
0g
Trans
0g
0g
* Percentage Daily Intakes are based on an average adult diet of 8700 kJ. Your daily intakes may be higher or lower depending on your energy needs.",,https://www.coles.com.au/product/bickfords-cordial-orange-lemon-lime-750ml-5570436,,,2024-06-16T10:22:52.187729-04:00
Ind54SColes_ADrinks_SACordials_IColes Blackcurrant Juice Syrup | 750mL,Coles Blackcurrant Juice Syrup | 750mL,Coles,Drinks,Cordials,All cordials,,$3.80,,,$5.07 per 1L,5612999,Coles Black currant Juice Syrup Made with 30% Fruit Juice contains no artificial colours and flavours,,,"Per 100g/ml
Per Serving
%DI
Energy
210.8
527
6
Protein
0
0
0
Total Fat
0
0
0
Saturated Fat
0
0
0
Carbohydrate
12.4
31
10
Sugars
12.4
31
34
Sodium
6
15
1
Energy (Cal)
50.43
126.07
0
Dietary Fibre (total)
0
0
0
* Percentage Daily Intakes are based on an average adult diet of 8700 kJ. Your daily intakes may be higher or lower depending on your energy needs.",,https://www.coles.com.au/product/coles-blackcurrant-juice-syrup-750ml-5612999,,,2024-06-16T10:23:03.970156-04:00
Ind54SColes_ADrinks_SACordials_IBickford's Lemon Lime & Bitters Cordial | 750mL,Bickford's Lemon Lime & Bitters Cordial | 750mL,Bickfords,Drinks,Cordials,All cordials,,$5.00,,,$6.67 per 1L,6875359,"Fresh fruity taste of lemonade combined with distinct lime characters and delicate blends of bitters, herbs and spices. True to our tradition of uncompromising craft and purity, our Lemon Lime & Bitters Cordial is widely regarded as one of Australia's best.",,,"Per 100g/ml
Per Serving
%DI
Energy
180kJ
451kJ
Protein
<1g
<1g
Total Fat
0g
0g
Saturated Fat
0g
0g
Carbohydrate
10.6g
26.5g
Sugars
10g
25g
Sodium
17mg
42.6mg
Monounsaturated
0g
0g
Dietary Fibre (total)
0g
0g
Polyunsaturated
0g
0g
Trans
0g
0g
* Percentage Daily Intakes are based on an average adult diet of 8700 kJ. Your daily intakes may be higher or lower depending on your energy needs.",,https://www.coles.com.au/product/bickford's-lemon-lime-and-bitters-cordial-750ml-6875359,,,2024-06-16T10:23:14.900546-04:00
Ind54SColes_ADrinks_SACordials_ICottees Orange Cordial Orange Crush with 40% Fruit Juice Bottle | 1L,Cottees Orange Cordial Orange Crush with 40% Fruit Juice Bottle | 1L,Cottees,Drinks,Cordials,All cordials,,$5.90,Pick any 2 for $9.40,,$5.90 per 1L,7767941,"Cottee's Cordial Orange Crush 1L Bottle is the perfect thirst-quencher for those looking for a delicious and refreshing drink. Using good quality ingredients, this cordial is bursting with the tangy and zesty flavour of juicy oranges.

The 1L bottle size is perfect for families, parties, or even for solo enjoyment. With its resealable cap, you can store it in your fridge and enjoy it whenever you like.

If you're looking to add some zest to your life, Cottee's Cordial Orange Crush 1L Bottle is the perfect choice. Its delicious taste and versatility make it a must-have for any household. So, go ahead and grab your bottle today and enjoy the refreshing taste of orange goodness!
Enjoy the taste of tangy and zesty flavor with every sip

Made from the finest quality ingredients

Vibrant packaging will add a pop of color to your kitchen

Convenient and affordable 1L bottle ideal for families and entertaining.

Its delicious taste and versatility make it a must-have for any household",,,"Per 100g/ml
Per Serving
%DI
Energy
89kJ
223kJ
3%
Protein
0.1g
0.2g
0.40%
Total Fat
0g
0g
0%
Saturated Fat
0g
0g
0%
Carbohydrate
5.0g
12.5g
4%
Sugars
5.0g
12.5g
14%
Sodium
12mg
29mg
1%
Dietary Fibre (total)
<1g
<1g
<1%
* Percentage Daily Intakes are based on an average adult diet of 8700 kJ. Your daily intakes may be higher or lower depending on your energy needs.","Reconstituted Orange Juice (40%), Water, Sugar, Food Acid (Citric Acid), Natural Flavours, Natural Colours (Lutein, Carmine), Thickener (Sodium Carboxymethylcellulose), Preservatives (Sodium Benzoate, Sodium Metabisulphite), Natural Sweetener (Steviol Glycosides). CONTAINS SULPHITES.",https://www.coles.com.au/product/cottees-orange-cordial-orange-crush-with-40percent-fruit-juice-bottle-1l-7767941,,,2024-06-16T10:23:26.144869-04:00
Ind54SColes_ADrinks_SACordials_IBickfords Cordial Pineapple & Lime | 750mL,Bickfords Cordial Pineapple & Lime | 750mL,Bickfords,Drinks,Cordials,All cordials,,$5.00,,,$6.67 per 1L,6596366,"Lush, sweet pineapple with a dash of lime tastes of warm, summer days and good times with friends. Refreshingly cool topped with ice or mix for an exotic delight. It's pure, simple deliciousness.",,,"Per 100g/ml
Per Serving
%DI
Energy
124kJ
124kJ
Protein
0g
0g
Total Fat
0g
0g
Saturated Fat
0g
0g
Carbohydrate
7.3g
7.3g
Sugars
7g
7g
Sodium
5mg
5mg
Monounsaturated
0g
0g
Dietary Fibre (total)
0g
0g
Polyunsaturated
0g
0g
Trans
0g
0g
* Percentage Daily Intakes are based on an average adult diet of 8700 kJ. Your daily intakes may be higher or lower depending on your energy needs.","Water, Sugar, Juice from Concentrates (20% Pineapple, 5% Lime), Citric Acid, Natural Flavours, Pectin, Preservatives (Potassium Sorbate, Sulphites), Natural Colour (Carotenes)",https://www.coles.com.au/product/bickfords-cordial-pineapple-and-lime-750ml-6596366,,,2024-06-16T10:23:37.059982-04:00
Ind54SColes_ADrinks_SACordials_ISodastream Pepsi Flavour Mix | 440mL,Sodastream Pepsi Flavour Mix | 440mL,Sodastream,Drinks,Cordials,All cordials,,$5.60,,$7.00,$12.73 per 1L,3914851,"Pepsi  our signature cola soft drink. Loved all around the world, the great taste of Pepsi will refresh you every day.",,,"Per 100g/ml
Per Serving
%DI
Energy
57kj
142kj
1.5%
Protein
0g
0g
0
Total Fat
0g
0g
0
Saturated Fat
0g
0g
0
Carbohydrate
3.4g
8.4g
2.7%
Sugars
3.3g
8.2g
9.1%
Sodium
6.3mg
15.8mg
0.7%
Monounsaturated
0g
0g
0
Energy (Cal)
13kcal
34kcal
1.5%
Polyunsaturated
0g
0g
0
Trans
0g
0g
0
* Percentage Daily Intakes are based on an average adult diet of 8700 kJ. Your daily intakes may be higher or lower depending on your energy needs.",,https://www.coles.com.au/product/sodastream-pepsi-flavour-mix-440ml-3914851,,,2024-06-16T10:23:47.968885-04:00
Ind54SColes_ADrinks_SACordials_IDiet Rite Fruit Cocktail Cordial | 1L,Diet Rite Fruit Cocktail Cordial | 1L,Diet Rite,Drinks,Cordials,All cordials,,$3.50,,,$3.50 per 1L,3050082,"Cordial an Australian institution, but due to our changing lifestyle, many of us are looking for better-for-you cordial alternatives. That's where Diet Rite comes in. Diet Rite is Australia's only 'low-joule' cordial brand. It is made from 50% fruit juice and contains no added sugar, no artificial colours or flavours and has the added goodness of Vitamin C. So drink rite with Diet Rite!",,,"Per 100g/ml
Per Serving
%DI
Energy
10kJ
25kJ
0.30%
Protein
<1g
<1g
<1%
Total Fat
<1g
<1g
<1%
Saturated Fat
0g
0g
Carbohydrate
0.6g
1.5g
0.50%
Sugars
0.5g
1.3g
1.40%
Sodium
4mg
10mg
0.40%
Vitamin C
2mg
5mg
Dietary Fibre (total)
<1g
<1g
<1%
* Percentage Daily Intakes are based on an average adult diet of 8700 kJ. Your daily intakes may be higher or lower depending on your energy needs.",,https://www.coles.com.au/product/diet-rite-fruit-cocktail-cordial-1l-3050082,,,2024-06-16T10:23:58.700265-04:00
Ind54SColes_ADrinks_SACordials_ISodastream Lipton Ice Tea Lemon Soda Mix | 440mL,Sodastream Lipton Ice Tea Lemon Soda Mix | 440mL,Sodastream,Drinks,Cordials,All cordials,,$7.00,,,$15.91 per 1L,7162226,"Lipton Ice Tea Lemon for SodaStream
Turn Sparkling Water into Tasty Sunshine
Each flavour bottle makes about 9L
440mL
Turn Sparkling Water into Tasty Sunshine

Simply add to carbonated water for a refreshing drink

440ml - Makes up to 9 Litres",,,"Per 100g/ml
Per Serving
%DI
Energy
53
133
1.5
Protein
0
0
0
Total Fat
0
0
0
Saturated Fat
0
0
0
Carbohydrate
3
7.5
2.4
Sugars
2.9
7.3
8.1
Sodium
8
20
1
Monounsaturated
0
0
0
Energy (Cal)
13
32
1.5
Dietary Fibre (total)
0
0
0
Polyunsaturated
0
0
0
Trans
0
0
0
* Percentage Daily Intakes are based on an average adult diet of 8700 kJ. Your daily intakes may be higher or lower depending on your energy needs.",,https://www.coles.com.au/product/sodastream-lipton-ice-tea-lemon-soda-mix-440ml-7162226,,,2024-06-16T10:24:09.798174-04:00
Ind54SColes_ADrinks_SACordials_ISunkist Zero Sugar Orange Soda Syrup Sugar Free Cordial | 300mL,Sunkist Zero Sugar Orange Soda Syrup Sugar Free Cordial | 300mL,Sunkist,Drinks,Cordials,All cordials,,$3.60,,$4.50,$12.00 per 1L,4807347,"Introducing Sunkist Zero Sugar Soda Syrup, the perfect thirst-quencher for those who crave the taste of soda but don't want to consume excessive amounts of sugar. This concentrated syrup is a healthier and delicious alternative to traditional sodas, providing the same great taste without the added calories.

With a convenient 300mL bottle, you can easily make your own fizzy drinks at home, using any soda machine or carbonation system. The syrup is made with real fruit flavors, making it a refreshing and sugar-free way to satisfy your cravings.

Made with high-quality ingredients and superior quality standards, Sunkist Zero Sugar Soda Syrup is a delicious, great, and affordable alternative to sugary drinks. So, whether you're looking for a refreshing drink on a hot day or just want to indulge your sweet tooth without the sugar, this syrup is the perfect choice.

With its unique blend of flavors, high-quality ingredients, and convenient packaging, Sunkist Zero Sugar Soda Syrup is the ultimate choice for anyone who loves the taste of soda but wants to make healthier choices. Try it today and experience the delicious and refreshing taste that only Sunkist can provide.
A healthier and delicious alternative to traditional sodas

Made with real fruit flavors for a sugar-free refreshment

Made with natural colours and flavours

High-quality ingredients and superior quality standards for an affordable price

Unique blend of flavors and convenient packaging for a refreshing drink at home",,,"Per 100g/ml
Per Serving
%DI
Energy
3kJ
8kJ
0.10%
Protein
0g
0g
0%
Total Fat
0g
0g
0%
Saturated Fat
0g
0g
0%
Carbohydrate
0g
0g
0%
Sugars
0g
0g
0%
Sodium
10mg
25mg
1%
Dietary Fibre (total)
0g
0g
0%
* Percentage Daily Intakes are based on an average adult diet of 8700 kJ. Your daily intakes may be higher or lower depending on your energy needs.",,https://www.coles.com.au/product/sunkist-zero-sugar-orange-soda-syrup-sugar-free-cordial-300ml-4807347,,,2024-06-16T10:24:20.618598-04:00
Ind54SColes_ADrinks_SACordials_IColes Lime Cordial | 750mL,Coles Lime Cordial | 750mL,Coles,Drinks,Cordials,All cordials,,$3.00,,,$4.00 per 1L,5264407,"Coles Lime Cordial, 750mL. A refreshing cordial made with 35% fruit juice. Perfect for on a hot day or when you just want something sweet!",,,"Per 100g/ml
Per Serving
%DI
Energy
124
310
4
Protein
0
0
0
Total Fat
0
0
0
Saturated Fat
0
0
0
Carbohydrate
7.3
18.3
6
Sodium
LESS THAN 5mg
10
0
Energy (Cal)
30
74
Dietary Fibre
0
0
* Percentage Daily Intakes are based on an average adult diet of 8700 kJ. Your daily intakes may be higher or lower depending on your energy needs.","INGREDIENTS: Sugar, Reconstituted Lime Juice (35%), Water, Natural Flavour, Acidity Regulator (330), Preservative (223).",https://www.coles.com.au/product/coles-lime-cordial-750ml-5264407,,,2024-06-16T10:24:31.574563-04:00
Ind54SColes_ADrinks_SACordials_IGolden Circle Cordial Fruit Cup Cordial | 2L,Golden Circle Cordial Fruit Cup Cordial | 2L,Golden Circle,Drinks,Cordials,All cordials,,$5.50,Pick any 2 for $8.80,,$2.75 per 1L,219245,"With the great taste of fruit juice, Golden Circle Fruit Cup Cordial is the best choice for birthday parties and backyard picnics. Mix the perfect cup with 1 part cordial and 4 parts water. The entire family is sure to love Golden Circle Fruit Cup Cordial. Made with no artificial colours, flavours or sweeteners, simply mix with some cold water for a fruity drink. The entire bottle makes 10 litres so there is definitely enough for the whole family to enjoy. Golden Circle, Share the Sunshine.
With the great taste of fruit juice

No artificial colours, flavours or sweeteners

New 100% recyclable bottle

Mix 1 part cordial with 4 parts water

Makes 10 litres",,,"Per 100g/ml
Per Serving
%DI
Energy
125KJ
250kJ
Protein
0g
0g
Total Fat
0g
0g
Saturated Fat
0g
0g
Carbohydrate
7.2g
14.4g
Sugars
7.2g
14.4g
Sodium
6mg
12mg
* Percentage Daily Intakes are based on an average adult diet of 8700 kJ. Your daily intakes may be higher or lower depending on your energy needs.",,https://www.coles.com.au/product/golden-circle-cordial-fruit-cup-cordial-2l-219245,,,2024-06-16T10:24:43.421287-04:00
Ind54SColes_ADrinks_SACordials_ICottees Zero Sugar Lime Cordial Coola Flavour Bottle | 1L,Cottees Zero Sugar Lime Cordial Coola Flavour Bottle | 1L,Cottees,Drinks,Cordials,All cordials,,$5.90,Pick any 2 for $9.40,,$5.90 per 1L,4420041,"Looking for a delicious and refreshing drink? Look no further than Cottee's Zero Sugar Cordial Coola Lime Flavour! This 1L bottle has zero sugar, so you can enjoy this refreshment whenever you need it.

This zero sugar lime flavoured cordial is perfect for any occasion, from a backyard BBQ to a refreshing drink during a busy workday. And because it's a cordial, a little goes a long way, so you can stretch your budget while still enjoying the taste you love.

Cottee's is a trusted Australian Brand, with a commitment to creating good-quality products that you can feel good about consuming. This zero sugar cordial is no exception.

Not only does this product taste great, but it's also incredibly easy to prepare. Simply add a small amount of cordial to water, sparkling water, or soda water, and enjoy a delicious and refreshing drink that's perfect for any occasion.

With its 1L size, Cottee's Zero Sugar Cordial Coola Lime Flavour is the perfect addition to any pantry. Whether you're looking for a quick pick-me-up during the day or a refreshing drink at your next gathering, this cordial has got you covered.

So if you're looking for a delicious and refreshing drink option that won't break the bank, look no further than Cottee's Zero Sugar Cordial Coola Lime Flavour. Buy now and start enjoying the refreshing taste of this zero sugar cordial today!
Enjoy sugar-free refreshment with zero added sugar.

Cool and zesty lime flavour perfect for any occasion.

Trusted Australian brand

Easy to prepare, a little goes a long way.

1L size is perfect for any pantry and budget.",,,"Per 100g/ml
Per Serving
%DI
Energy
5kJ
13kJ
Protein
0g
0g
Total Fat
0g
0g
Saturated Fat
0g
0g
Carbohydrate
0g
0g
Sugars
0g
0g
Sodium
9mg
23mg
Dietary Fibre (total)
0g
0g
* Percentage Daily Intakes are based on an average adult diet of 8700 kJ. Your daily intakes may be higher or lower depending on your energy needs.","Water, Food Acids (Citric Acid, Malic Acid, Sodium Citrate), Flavour, Sweeteners (Sodium Cyclamate, Acesulphame Potassium, Sucralose), Preservatives (Sodium Benzoate, Sodium Metabisulphite (Sulphites)), Colours (Tratrazine, Brilliant Blue FCF). CONTAINS SULPHITES.",https://www.coles.com.au/product/cottees-zero-sugar-lime-cordial-coola-flavour-bottle-1l-4420041,,,2024-06-16T10:24:54.296603-04:00
Ind54SColes_ADrinks_SACordials_ICottees Fruit Cup Cordial with 40% Fruit Juice Bottle | 1L,Cottees Fruit Cup Cordial with 40% Fruit Juice Bottle | 1L,Cottees,Drinks,Cordials,All cordials,,$5.90,Pick any 2 for $9.40,,$5.90 per 1L,7766778,"At Cottee's, we take pride in using the good quality ingredients to create our fruit cup cordial. Our commitment to quality means that you can be sure that every sip of Cottee's 1L Fruit Cup is bursting with flavour and goodness.

One of the best things about Cottee's 1L Fruit Cup is its versatility. It's perfect for a refreshing drink on its own.

So why not try Cottee's 1L Fruit Cup today? It's the perfect way to quench your thirst and enjoy the taste of summer. And with our commitment to quality, you can be sure that every sip will be delicious and refreshing.
Premium quality drink made with the finest ingredients

Rich and fruity flavour that will tantalize your tase buds

Versatile for mocktails, cocktails, and refreshing drinks

A perfect alternative to sugary sodas

A staple in your pantry for any occasion",,,"Per 100g/ml
Per Serving
%DI
Energy
88kJ
219kJ
3%
Protein
0g
0g
0%
Total Fat
0g
0g
0%
Saturated Fat
0g
0g
0%
Carbohydrate
5.0g
12.5g
4%
Sugars
5.0g
12.5g
14%
Sodium
11mg
28mg
1%
Dietary Fibre (total)
<1g
<1g
1%
* Percentage Daily Intakes are based on an average adult diet of 8700 kJ. Your daily intakes may be higher or lower depending on your energy needs.",,https://www.coles.com.au/product/cottees-fruit-cup-cordial-with-40percent-fruit-juice-bottle-1l-7766778,,,2024-06-16T10:25:05.293673-04:00
Ind54SColes_ADrinks_SACordials_IViva Lime Cordial | 1L,Viva Lime Cordial | 1L,Viva,Drinks,Cordials,All cordials,,$2.40,,,$2.40 per 1L,3797634,"Boasting a range of family favourite brands, Refresco Australia have established an Australian tradition which is unsurpassed! And because Viva cordial is made using no artificial colours and flavours, you know you're buying products the whole family can enjoy. Now isn't that refreshing?",,,"Per 100g/ml
Per Serving
%DI
Energy
32kJ
80kJ
0.90%
Protein
0g
0g
0%
Total Fat
0g
0g
0%
Saturated Fat
0g
0g
0%
Carbohydrate
1.6g
4g
1%
Sugars
1.6g
4g
5%
Sodium
9mg
22mg
1%
* Percentage Daily Intakes are based on an average adult diet of 8700 kJ. Your daily intakes may be higher or lower depending on your energy needs.",,https://www.coles.com.au/product/viva-lime-cordial-1l-3797634,,,2024-06-16T10:25:16.162228-04:00
Ind54SColes_ADrinks_SACordials_IGolden Circle Cordial Strawberry Lemonade Cordial | 2L,Golden Circle Cordial Strawberry Lemonade Cordial | 2L,Golden Circle,Drinks,Cordials,All cordials,,$5.50,Pick any 2 for $8.80,,$2.75 per 1L,1499668,"Made with the great taste of fruit juice, Golden Circle Strawberry Lemonade Cordial brings the fun to every household. Combining two fruity flavours with other ingredients, simply mix with water or lemonade for a delicious drink. Get the party started with Golden Circle Strawberry Lemonade Cordial. With no artificial colours, flavours or sweeteners, this drink tastes great when mixed with water, or can also be used in fruit punch, mocktails and cocktails. Golden Circle, Share the Sunshine.
No artificial colours, flavours or sweeteners

With the great taste of fruit juice

Mix the perfect cup - 1 part cordial, 4 parts water

Makes 10 litres

100% recyclable bottle",,,"Per 100g/ml
Per Serving
%DI
Energy
125kJ
250kJ
Protein
0g
0g
Total Fat
0g
0g
Saturated Fat
0g
0g
Carbohydrate
6.9g
13.8g
Sugars
6.9g
13.8g
Sodium
15mg
30mg
* Percentage Daily Intakes are based on an average adult diet of 8700 kJ. Your daily intakes may be higher or lower depending on your energy needs.",,https://www.coles.com.au/product/golden-circle-cordial-strawberry-lemonade-cordial-2l-1499668,,,2024-06-16T10:25:27.087369-04:00
Ind54SColes_ADrinks_SACordials_IBickford's Ginger Beer Cordial | 750mL,Bickford's Ginger Beer Cordial | 750mL,Bickfords,Drinks,Cordials,All cordials,,$5.00,,,$6.67 per 1L,6875370,"The sharp yet subtle flavour of real ginger with a tangy freshness, light spiciness and refreshing sweetness gives Bickford's Cordial Ginger Beer a vibrant taste. Dilute with soda or water for a real thirst quenching taste.",,,"Per 100g/ml
Per Serving
%DI
Energy
205kJ
513kJ
Protein
<0g
<0g
Total Fat
0g
0g
Saturated Fat
0g
0g
Carbohydrate
11.9g
29.7g
Sugars
11.8g
29.6g
Sodium
1.6mg
4.1mg
Monounsaturated
0g
0g
Dietary Fibre (total)
0g
0g
Polyunsaturated
0g
0g
Trans
0g
0g
* Percentage Daily Intakes are based on an average adult diet of 8700 kJ. Your daily intakes may be higher or lower depending on your energy needs.",,https://www.coles.com.au/product/bickford's-ginger-beer-cordial-750ml-6875370,,,2024-06-16T11:05:51.807259-04:00
Ind54SColes_ADrinks_SAEnergy drinks_IMother Razzleberry Multipack Cans 4 X 500mL | 4 pack,Mother Razzleberry Multipack Cans 4 X 500mL | 4 pack,Mother,Drinks,Energy drinks,Multipack cans,,$8.40,,,$4.20 per 1L,4942320,"Under the stars of the Southern Cross we live life our way. Life is in perpetual motion and to slow down is to be left in the dust.

The infinite bounds of sunburnt land and barrelling blue swells are limited only by your imagination. Kick out the sand, pump up the tunes, and rip into some Mother. Crisp and cool with a kaleidoscope blend of flavours, it'll keep the fast times spinning morning, noon and night.

Mother is calling. Pursue your dreams. Search for adventure. Get out there and let the good times flow!",,,"Per 100g/ml
Per Serving
%DI
Energy
9kJ
45kJ
Protein
0g
0g
Total Fat
0g
0g
Saturated Fat
0g
0g
Carbohydrate
0.7g
3.5g
Sugars
0g
0g
Taurine
400mg
2000mg
Inositol
2.0mg
10mg
Vitamin B3
4.5mg
22.5mg
Vitamin B12
0.7ug
3.5ug
Sodium
52mg
260mg
Energy (Cal)
2Cal
11Cal
Dietary Fibre (total)
0g
0g
Vitamin B5
1.7mg
8.5mg
Vitamin B6
0.4mg
2.0mg
Caffeine
30mg
150mg
* Percentage Daily Intakes are based on an average adult diet of 8700 kJ. Your daily intakes may be higher or lower depending on your energy needs.",,https://www.coles.com.au/product/mother-razzleberry-multipack-cans-4-x-500ml-4-pack-4942320,,,2024-06-16T10:26:21.730965-04:00
Ind54SColes_ADrinks_SAEnergy drinks_IMother Frosty Berry Multipack Cans 4 X 500mL | 4 pack,Mother Frosty Berry Multipack Cans 4 X 500mL | 4 pack,Mother,Drinks,Energy drinks,Multipack cans,,$8.40,,,$4.20 per 1L,2026253,,,,,,https://www.coles.com.au/product/mother-frosty-berry-multipack-cans-4-x-500ml-4-pack-2026253,,,2024-06-16T10:26:30.611552-04:00
Ind54SColes_ADrinks_SAEnergy drinks_IV Energy Drink Original | 500mL,V Energy Drink Original | 500mL,V,Drinks,Energy drinks,Single cans,,$3.60,,$4.00,$7.20 per 1L,6963503,"More good energy than a 2km conga line with the fruity, taste of V Original. Known by its' friends as 'the green one'. 
Energising, smooth, fruity flavours of citrus and apple.

Guarana Energy.

Can You Feel It.

1 x 500ml Can",,,"Per 100g/ml
Per Serving
%DI
Energy
197kJ
984kJ
11%
Protein
0g
0g
0%
Total Fat
0g
0g
0%
Saturated Fat
0g
0g
0%
Carbohydrate
10.7g
53.3g
17%
Sugars
10.6g
52.8g
59%
Taurine
200mg
1000mg
Inositol
18.0mg
90.0mg
Glucuronolactone
25mg
125mg
Vitamin B12
0.57ug
2.9ug
Sodium
100mg
505mg
22%
Vitamin B6
0.46mg
2.3mg
Caffeine
31mg
155mg
* Percentage Daily Intakes are based on an average adult diet of 8700 kJ. Your daily intakes may be higher or lower depending on your energy needs.",,https://www.coles.com.au/product/v-energy-drink-original-500ml-6963503,,,2024-06-16T10:26:41.734995-04:00
Ind54SColes_ADrinks_SAEnergy drinks_IRed Bull Sugar Free Energy Drink Single Can | 250mL,Red Bull Sugar Free Energy Drink Single Can | 250mL,Red Bull,Drinks,Energy drinks,Single cans,,$3.10,Pick any 2 for $5.30,,$12.40 per 1L,9505006,"Red Bull Energy Drink, Sugar Free, 250mL

RED BULL GIVES YOU WINGS
Inspired by functional drinks from the Far East, Dietrich Mateschitz founded Red Bull in the mid-1980s. He developed a new product and a unique marketing concept and launched Red Bull Energy Drink on April 1, 1987 in Austria. A brand new product category - Energy Drinks - was born.
WHEN TO DRINK
Appreciated worldwide by top athletes, students, busy professionals and travellers on long journeys.
WHAT'S INSIDE THE CAN
Caffeine: Caffeine was already known by ancient civilizations. They consumed it from natural sources like tea, coffee, cacao beans and cola nuts and appreciated its stimulating effects on the human body.
B-group vitamins: Vitamins are essential micronutrients that are required for maintaining normal body functions. Taurine: Taurine is an amino acid, naturally occurring in the human body and present in the daily diet. It is involved in a wide range of biological processes.
Taurine: Taurine is an amino acid, naturally occurring in the human body and present in the daily diet. It is involved in a wide range of biological processes.
Aspartame & Acesulfame K: Aspartame and Acesulfame K are among the most-tested and most-used sugar substitutes worldwide.
Alpine Water: Naturally, water is a main ingredient of Red Bull.
Red Bull Sugarfree's special formula contains ingredients of high quality: Caffeine, Taurine, B-Group Vitamins, Aspartame & Acesulfame K, Alpine water

One 250ml can of Red Bull Energy Drink contains 80 mg of caffeine, about the same amount as in a cup of home-brewed coffee.

Red Bull cans are made of 100% recyclable aluminium.

Vitalizes Body and Mind.",,,"Per 100g/ml
Per Serving
%DI
Energy
13kJ
33kJ
0.4%
Protein
0g
0g
0%
Total Fat
0g
0g
0%
Saturated Fat
0g
0g
0%
Carbohydrate
0g
0g
0%
Sugars
0g
0g
0%
Taurine
400mg
1000mg
Sodium
42mg
104mg
5%
Dietary Fibre (total)
0g
0g
0%
Vitamin B12
2ug
5ug
Vitamin B6
2mg
5mg
Caffeine
32mg
80mg
* Percentage Daily Intakes are based on an average adult diet of 8700 kJ. Your daily intakes may be higher or lower depending on your energy needs.",,https://www.coles.com.au/product/red-bull-sugar-free-energy-drink-single-can-250ml-9505006,,,2024-06-16T10:26:52.610492-04:00
Ind54SColes_ADrinks_SAEnergy drinks_IV Sugar Free Energy Drink 4x250mL | 4 pack,V Sugar Free Energy Drink 4x250mL | 4 pack,V,Drinks,Energy drinks,Multipack cans,,$8.50,,$11.00,$8.50 per 1L,5020242,V Guarana Energy Drink Sugarfree is a formulated caffeinated beverage. Crack open a can of motivation. You got this!,,,"Per 100g/ml
Per Serving
%DI
Energy
17.3kJ
43.4kJ
0.5%
Protein
0g
0g
0%
Total Fat
0g
0g
0%
Saturated Fat
0g
0g
0%
Carbohydrate
0g
<1g
0.1%
Sugars
0g
0g
0%
Taurine
200mg
500mg
Inositol
18.0mg
45.0mg
Glucuronolactone
25mg
63mg
Vitamin B12
0.57ug
1.4ug
Sodium
100mg
255mg
11%
Dietary Fibre (total)
0g
<1g
0.1%
Vitamin B6
0.46mg
1.2mg
Caffeine
31mg
78mg
* Percentage Daily Intakes are based on an average adult diet of 8700 kJ. Your daily intakes may be higher or lower depending on your energy needs.","Carbonated Water, Acidity Regulators (Citric Acid, Sodium Citrate), Taurine, Guarana Extract (0.12%), Sweeteners (Acesulfame Potassium, Sucralose), Caffeine, Glucuronolactone, Colour (Caramel IV), Flavours, Inositol, Vitamins (Niacin (B3), B6, Pantothenic Acid (B5), Riboflavin (B2), B12), Thickener (Xanthan Gum).",https://www.coles.com.au/product/v-sugar-free-energy-drink-4x250ml-4-pack-5020242,,,2024-06-16T10:27:03.744082-04:00
Ind54SColes_ADrinks_SAEnergy drinks_IV Energy Drink Can | 250mL,V Energy Drink Can | 250mL,V,Drinks,Energy drinks,Single cans,,$2.60,,,$10.40 per 1L,8737185,"More good energy than a 2km conga line with the fruity, taste of V Original. Known by its' friends as 'the green one'. 
Energising, smooth, fruity flavours of citrus and apple.

Guarana Energy.

Can You Feel It.

1 x 250ml Can",,,"Per 100g/ml
Per Serving
%DI
Energy
197kJ
492kJ
6%
Protein
0g
0g
0%
Total Fat
0g
0g
0%
Saturated Fat
0g
0g
0%
Carbohydrate
10.7g
26.7g
9%
Sugars
10.6g
26.4g
29%
Taurine
200mg
500mg
Inositol
18.0mg
45.0mg
Glucuronolactone
25mg
63mg
Vitamin B12
0.57ug
1.4ug
Sodium
100mg
255mg
11%
Vitamin B6
0.46mg
1.2mg
Caffeine
31mg
78mg
* Percentage Daily Intakes are based on an average adult diet of 8700 kJ. Your daily intakes may be higher or lower depending on your energy needs.",,https://www.coles.com.au/product/v-energy-drink-can-250ml-8737185,,,2024-06-16T10:27:15.460817-04:00
Ind54SColes_ADrinks_SAEnergy drinks_IRed Bull Energy Drink 250mL | 12 pack,Red Bull Energy Drink 250mL | 12 pack,Red Bull,Drinks,Energy drinks,Multipack cans,,$24.00,,,$8.00 per 1L,4942488,"Red Bull Energy Drink, 250ml (12 pack)

RED BULL GIVES YOU WINGS

Inspired by functional drinks from the Far East, Dietrich Mateschitz founded Red Bull in the mid-1980s. He developed a new product and a unique marketing concept and launched Red Bull Energy Drink on April 1, 1987 in Austria. A brand new product category - Energy Drinks - was born.

WHEN TO DRINK

Appreciated worldwide by top athletes, students, busy professionals and travellers on long journeys.

WHAT'S INSIDE THE CAN

Caffeine: Caffeine was already known by ancient civilizations. They consumed it from natural sources like tea, coffee, cacao beans and cola nuts and appreciated its stimulating effects on the human body.

B-group vitamins: Vitamins are essential micronutrients that are required for maintaining normal body functions. Taurine: Taurine is an amino acid, naturally occurring in the human body and present in the daily diet. It is involved in a wide range of biological processes.

Taurine: Taurine is an amino acid, naturally occurring in the human body and present in the daily diet. It is involved in a wide range of biological processes.

Aspartame & Acesulfame K: Aspartame and Acesulfame K are among the most-tested and most-used sugar substitutes worldwide.

Alpine Water: Naturally, water is a main ingredient of Red Bull.
Red Bull's signature formula features high-quality ingredients, including caffeine, taurine, B-group vitamins, real sugar and water

Each 250ml can of Red Bull Energy Drink contains 80 mg of caffeine per serving, about the same amount of caffeine as home-brewed cup of coffee

One 250ml can of Red Bull Energy Drink contains 27 g of sugar, comparable to sugar levels found in apple juice

Red Bull Energy Drink is formulated to be wheat free, dairy free, lactose free, gluten free, vegetarian and non-alcoholic",,,"Per 100g/ml
Per Serving
%DI
Energy
194kJ
485kJ
6%
Protein
0
Total Fat
0
Saturated Fat
0
Carbohydrate
11g
27g
9%
Sugars
11g
27g
9%
Taurine
400mg
1000mg
Sodium
41mg
103mg
5%
Energy (Cal)
13kJ
Vitamin B12
2ug
5ug
Vitamin B6
2mg
5mg
Caffeine
32mg
80mg
* Percentage Daily Intakes are based on an average adult diet of 8700 kJ. Your daily intakes may be higher or lower depending on your energy needs.",,https://www.coles.com.au/product/red-bull-energy-drink-250ml-12-pack-4942488,,,2024-06-16T10:27:26.257160-04:00
Ind54SColes_ADrinks_SAEnergy drinks_ILucozade Original Energy Drink | 380mL,Lucozade Original Energy Drink | 380mL,Lucozade,Drinks,Energy drinks,Bottles,,$3.50,,,$9.21 per 1L,1503620,,,,,,https://www.coles.com.au/product/lucozade-original-energy-drink-380ml-1503620,,,2024-06-16T10:27:34.982624-04:00
Ind54SColes_ADrinks_SAEnergy drinks_IV Sugarfree Energy Drink | 250mL,V Sugarfree Energy Drink | 250mL,V,Drinks,Energy drinks,Single cans,,$2.60,,,$10.40 per 1L,9589458,"More good energy than penguins on pogo sticks with the fruity taste of V Zero Sugar Original. Known by its friends as 'the silver can'. 
Energising, smooth, fruity flavours of citrus and apple.

Guarana Energy.

Zero Sugar.

1 x 250ml Can.",,,,,https://www.coles.com.au/product/v-sugarfree-energy-drink-250ml-9589458,,,2024-06-16T10:27:44.233212-04:00
Ind54SColes_ADrinks_SAEnergy drinks_IRed Bull Energy Drink Can | 473mL,Red Bull Energy Drink Can | 473mL,Red Bull,Drinks,Energy drinks,Single cans,,$5.05,,,$10.68 per 1L,7255622,"Red Bull Energy Drink, 473ml

RED BULL GIVES YOU WINGS
Inspired by functional drinks from the Far East, Dietrich Mateschitz founded Red Bull in the mid-1980s. He developed a new product and a unique marketing concept and launched Red Bull Energy Drink on April 1, 1987 in Austria. A brand new product category - Energy Drinks - was born.
WHEN TO DRINK
Appreciated worldwide by top athletes, students, busy professionals and travellers on long journeys.
WHAT'S INSIDE THE CAN
Caffeine: Caffeine was already known by ancient civilisations. They consumed it from natural sources like tea, coffee, cacao beans and cola nuts and appreciated its stimulating effects on the human body.
Taurine: Taurine is an amino acid, naturally occurring in the human body and present in the daily diet. It is involved in a wide range of biological processes.
B-group vitamins: Vitamins are essential micronutrients that are required for maintaining normal body functions.
Sugars: Red Bull Energy Drink is made with sugar sourced from sugar beets. Alpine Water: Naturally, water is a main ingredient of Red Bull.
Red Bull Energy Drink's special formula contains ingredients of high quality: Caffeine, Taurine, B-Group Vitamins, Sugars, Alpine Water.

One 250ml can of Red Bull Energy Drink contains 80 mg of caffeine, about the same amount as in a cup of home-brewed coffee.

The amount of sugars in a can of Red Bull Energy Drink is comparable to the level of sugars in an equivalent amount of apple or orange juice - 11 g per 100 ml.

Red Bull cans are made of 100% recyclable aluminium.

Vitalizes Body and Mind.",,,"Per 100g/ml
Per Serving
%DI
Energy
194kJ
918kJ
Protein
0
Total Fat
0
Saturated Fat
0
Carbohydrate
11g
51g
Sugars
11g
51g
Sodium
41mg
195mg
* Percentage Daily Intakes are based on an average adult diet of 8700 kJ. Your daily intakes may be higher or lower depending on your energy needs.",,https://www.coles.com.au/product/red-bull-energy-drink-can-473ml-7255622,,,2024-06-16T10:27:55.016957-04:00
Ind54SColes_ADrinks_SAEnergy drinks_IV Original Energy Drink 4x250mL | 4 pack,V Original Energy Drink 4x250mL | 4 pack,V,Drinks,Energy drinks,Multipack cans,,$8.50,,$11.00,$8.50 per 1L,8737163,"More good energy than a 2km conga line with the fruity, taste of V Original. Known by its' friends as 'the green one'. 
Energising, smooth, fruity flavours of citrus and apple.

Guarana Energy.

Can You Feel It.

4 x 250ml Cans",,,"Per 100g/ml
Per Serving
%DI
Energy
197kJ
492kJ
6%
Protein
0g
0g
0%
Total Fat
0g
0g
0%
Saturated Fat
0g
0g
0%
Carbohydrate
10.7g
26.7g
9%
Sugars
10.6g
26.4g
29%
Taurine
200mg
500mg
Inositol
18.0mg
45.0mg
Glucuronolactone
25mg
63mg
Vitamin B12
0.57ug
1.4ug
Sodium
100mg
255mg
11%
Vitamin B6
0.46mg
1.2mg
Caffeine
31mg
78mg
* Percentage Daily Intakes are based on an average adult diet of 8700 kJ. Your daily intakes may be higher or lower depending on your energy needs.",,https://www.coles.com.au/product/v-original-energy-drink-4x250ml-4-pack-8737163,,,2024-06-16T10:28:05.882300-04:00
Ind54SColes_ADrinks_SAEnergy drinks_IV Energy Refresh Drink Pineapple Watermelon Can | 250mL,V Energy Refresh Drink Pineapple Watermelon Can | 250mL,V,Drinks,Energy drinks,Single cans,,$2.60,,,$10.40 per 1L,5486384,"Crisp. Light. Refreshing. V Refresh Pineapple & Watermelon, It's like a breath of fresh air... but liquid. Zero sugar. Low Calorie. 6 Cals per can.
Crisp, light and refreshing pineapple and watermelon.

Guarana Energy.

Zero Sugar. 6 Calories per can.

1 x 250ml Can",,,"Per 100g/ml
Per Serving
%DI
Energy
10kJ
26kJ
Protein
0g
0g
Total Fat
0g
0g
Saturated Fat
0g
0g
Carbohydrate
<1g
<1g
Sugars
0g
0g
Vitamin B2
0.50mg
1.2mg
Vitamin B3
2.9mg
7.2mg
Vitamin B12
0.57ug
1.4ug
Sodium
78mg
195mg
Energy (Cal)
3Cal
6Cal
Dietary Fibre (total)
0g
0g
Vitamin B6
0.46mg
1.2mg
Caffeine
31mg
78mg
* Percentage Daily Intakes are based on an average adult diet of 8700 kJ. Your daily intakes may be higher or lower depending on your energy needs.",,https://www.coles.com.au/product/v-energy-refresh-drink-pineapple-watermelon-can-250ml-5486384,,,2024-06-16T10:28:16.988431-04:00
Ind54SColes_ADrinks_SAEnergy drinks_IV Energy Drink Can Blue Sugar Free | 500mL,V Energy Drink Can Blue Sugar Free | 500mL,V,Drinks,Energy drinks,Single cans,,$3.60,,$4.00,$7.20 per 1L,3813876,"More good energy than a dolphin doing backflips, with the fruity taste of V Zero Sugar Blue. It's blue flavoured... it tastes like blue.
Energising and smooth flavours of tropical fruits.

Guarana Energy.

Zero Sugar.

1 x 500ml Can.",,,"Per 100g/ml
Per Serving
%DI
Energy
11.1kJ
55.7kJ
0.6%
Protein
0g
0g
0%
Total Fat
0g
0g
0%
Saturated Fat
0g
0g
0%
Carbohydrate
<1g
<1g
0.2%
Sugars
0g
0g
0%
Sodium
78mg
390mg
17%
Dietary Fibre (total)
0g
0g
0%
Vitamin B12
0.57ug
2.9ug
Vitamin B6
0.46
2.3mg
Caffeine
31mg
155mg
* Percentage Daily Intakes are based on an average adult diet of 8700 kJ. Your daily intakes may be higher or lower depending on your energy needs.",,https://www.coles.com.au/product/v-energy-drink-can-blue-sugar-free-500ml-3813876,,,2024-06-16T10:28:28.036520-04:00
Ind54SColes_ADrinks_SAEnergy drinks_IRed Bull Watermelon | 250mL,Red Bull Watermelon | 250mL,Red Bull,Drinks,Energy drinks,Single cans,,$3.10,Pick any 2 for $5.30,,$12.40 per 1L,3741141,"Red Bull Energy Drink, Red Edition, 250ml 

RED BULL GIVES YOU WINGS
Inspired by functional drinks from the Far East, Dietrich Mateschitz founded Red Bull in the mid-1980s. He developed a new product and a unique marketing concept and launched Red Bull Energy Drink on April 1, 1987 in Austria. A brand new product category - Energy Drinks - was born.
WHEN TO DRINK
Appreciated worldwide by top athletes, students, busy professionals and travellers on long journeys.
WHAT'S INSIDE THE CAN
Caffeine: Caffeine was already known by ancient civilisations. They consumed it from natural sources like tea, coffee, cacao beans and cola nuts and appreciated its stimulating effects on the human body.
B-group vitamins: Vitamins are essential micronutrients that are required for maintaining normal body functions.
Sugars: Red Bull Energy Drink is made with sugar sourced from sugar beets.
Taurine: Taurine is an amino acid, naturally occurring in the human body and present in the daily diet. It is involved in a wide range of biological processes.
Alpine Water: Naturally, water is a main ingredient of Red Bull.
Red Bull Red Edition's special formula contains ingredients of high quality: Caffeine, Taurine, B-Group Vitamins, Sugars, Alpine water.

One 250ml can of Red Bull Red Edition contains 80 mg of caffeine, about the same amount as in a cup of home-brewed coffee.

The amount of sugars in a can of Red Bull Red Edition is comparable to the level of sugars in an equivalent amount of apple or orange juice - 11 g per 100 ml.

Red Bull cans are made of 100% recyclable aluminium.

Vitalizes Body and Mind.",,,"Per 100g/ml
Per Serving
%DI
Energy
190kJ
475kJ
5%
Protein
0g
0g
0%
Total Fat
0g
0g
0%
Saturated Fat
0g
0g
0%
Carbohydrate
11g
27g
9%
Sugars
11g
27g
30%
Taurine
400mg
1000mg
Sodium
35mg
88mg
4%
Vitamin B12
2ug
5ug
Vitamin B6
2mg
5mg
Caffeine
32mg
80mg
* Percentage Daily Intakes are based on an average adult diet of 8700 kJ. Your daily intakes may be higher or lower depending on your energy needs.",,https://www.coles.com.au/product/red-bull-watermelon-250ml-3741141,,,2024-06-16T10:28:39.017271-04:00
Ind54SColes_ADrinks_SAEnergy drinks_IV Energy Drink Can Tropical | 500mL,V Energy Drink Can Tropical | 500mL,V,Drinks,Energy drinks,Single cans,,$3.60,,$4.00,$7.20 per 1L,6375425,"More good energy than a palm tree doing the salsa with V Tropical Tang. With flavours of guava, pineapple and berries, this drink will give you the energy boost of an island vacay. 
Tropical, energising flavours of guava, pineapple, and berries.

Guarana Energy.

Can You Feel It.

1 x 500ml Can.",,,"Per 100g/ml
Per Serving
%DI
Energy
199kJ
995kJ
11%
Protein
0g
0g
0%
Total Fat
0g
0g
0%
Saturated Fat
0g
0g
0%
Carbohydrate
11.1g
55.7g
18%
Sugars
11.1g
55.4g
62%
Taurine
200mg
1000mg
Vitamin B2
0.49mg
2.5mg
Vitamin B3
2.9mg
14.5mg
Glucuronolactone
25mg
125mg
Vitamin B12
0.57ug
2.9ug
Sodium
50mg
250mg
11%
Vitamin B5
0.70mg
3.5mg
Vitamin B6
0.46mg
2.3mg
Caffeine
31mg
156mg
* Percentage Daily Intakes are based on an average adult diet of 8700 kJ. Your daily intakes may be higher or lower depending on your energy needs.","INGREDIENTS: CARBONATED WATER, SUGAR, ACIDITY REGULATORS (CITRIC ACID, SODIUM CITRATE), TAURINE, FLAVOURS, GUARANA EXTRACT, PRESERVATIVES (SODIUM BENZOATE, POTASSIUM SORBATE), CAFFEINE, GLUCURONOLACTONE, COLOUR (CARAMEL IV), VITAMINS (NIACIN (B3), PANTOTHENIC ACID (B5), RIBOFLAVIN (B2), B6, B12), ANTIOXIDANT (ASCORBIC ACID).",https://www.coles.com.au/product/v-energy-drink-can-tropical-500ml-6375425,,,2024-06-16T10:28:49.983998-04:00
Ind54SColes_ADrinks_SAEnergy drinks_IV Energy Drink Green Apple 4x250ml | 4 pack,V Energy Drink Green Apple 4x250ml | 4 pack,V,Drinks,Energy drinks,Multipack cans,,$8.50,,$11.00,$8.50 per 1L,7085410,,,,,,https://www.coles.com.au/product/v-energy-drink-green-apple-4x250ml-4-pack-7085410,,,2024-06-16T10:28:58.748484-04:00
Ind54SColes_ADrinks_SAEnergy drinks_IMother Passionfruit 4X500mL | 4 pack,Mother Passionfruit 4X500mL | 4 pack,Mother,Drinks,Energy drinks,Multipack cans,,$8.40,,,$4.20 per 1L,3312000,"Under the stars of the Southern Cross we live life our way. Life is in perpetual motion and to slow down is to be left in the dust.

The infinite bounds of sunburnt land and barreling blue swells are limited only by your imagination. Kick out the sand, pump up the tunes, and rip into some Mother. Crisp and cool with a kaleidoscope blend of flavours, it'll keep the fast times spinning morning, noon and night.

Mother is calling. Pursue your dreams. Search for adventure. Get out there and let the good times flow!",,,"Per 100g/ml
Per Serving
%DI
Energy
245kJ
1225kJ
Protein
0g
0g
Total Fat
0g
0g
Saturated Fat
0g
0g
Carbohydrate
13.5g
67.5g
Sugars
13.5g
67.5g
Taurine
400mg
2000mg
Inositol
2.0mg
10mg
Vitamin B3
4.5mg
22.5mg
Vitamin B12
0.7ug
3.5ug
Sodium
49mg
245mg
Energy (Cal)
58Cal
290Cal
Vitamin B6
0.4mg
2.0mg
Caffeine
30.5mg
152mg
* Percentage Daily Intakes are based on an average adult diet of 8700 kJ. Your daily intakes may be higher or lower depending on your energy needs.",,https://www.coles.com.au/product/mother-passionfruit-4x500ml-4-pack-3312000,,,2024-06-16T10:29:09.677785-04:00
Ind54SColes_ADrinks_SAEnergy drinks_IMonster Energy Ultra 4 x 500mL | 500ml,Monster Energy Ultra 4 x 500mL | 500ml,Monster,Drinks,Energy drinks,Multipack cans,,$15.20,,,$7.60 per 1L,2785108,"Some people are impossible to please. As soon as they get what they thought they wanted they always want more. Our team riders and Monster Girls are no different... they've been dropping some hints lately.

They've been asking us for a new Monster drink. A little less sweet, lighter-tasting, low calories, but with a full load of our Monster energy blend. Sure, white is the new black. We went all out: Monster Energy Zero Ultra. Unleash the Ultra Beast!",,,"Per 100g/ml
Per Serving
%DI
Energy
12kJ
60kJ
Protein
0g
0g
Total Fat
0g
0g
Saturated Fat
0g
0g
Carbohydrate
1.4g
7.0g
Sugars
0g
0g
Taurine
400mg
2000mg
Inositol
2mg
10mg
Vitamin B3
8.0mg
40mg
Glucuronolactone
2mg
10mg
Vitamin B12
2.0ug
10ug
Sodium
76mg
380mg
Energy (Cal)
3Cal
14Cal
Dietary Fibre (total)
0g
0g
Vitamin B5
2.0mg
10mg
Vitamin B6
0.85mg
4.3mg
Caffeine
32mg
160mg
* Percentage Daily Intakes are based on an average adult diet of 8700 kJ. Your daily intakes may be higher or lower depending on your energy needs.",,https://www.coles.com.au/product/monster-energy-ultra-4-x-500ml-500ml-2785108,,,2024-06-16T10:29:20.483039-04:00
Ind54SColes_ADrinks_SAEnergy drinks_IMonster Ultra Rosa Can | 500mL,Monster Ultra Rosa Can | 500mL,Monster,Drinks,Energy drinks,Single cans,,$2.80,,$4.05,$5.60 per 1L,3990077,"Roses are red, grapefruit is pink, Ultra Rosa is not what you think. Forget about pink lemonade, blush wine, guavas and strawberries. Ultra Rosa is a whole new experience.

Crafted with a light and easy drinking flavour that's also crisp and complex with a floral finish. There's no better way to describe the taste than - it tastes like Ultra Rosa!

Zero sugar with a full load of our Monster Energy blend.

Unleashed the Ultra Beast!",,,"Per 100g/ml
Per Serving
%DI
Energy
11kJ
55kJ
Protein
0g
0g
Total Fat
0g
0g
Saturated Fat
0g
0g
Carbohydrate
1.3g
6.5g
Sugars
0g
0g
Taurine
400mg
2000mg
Inositol
2mg
10mg
Vitamin B3
8.0mg
40mg
Vitamin B12
2.0ug
10ug
Sodium
80mg
400mg
Energy (Cal)
3Cal
13Cal
Dietary Fibre (total)
0g
0g
Vitamin B5
2.0mg
10mg
Vitamin B6
0.85mg
4.3mg
Caffeine
28mg
140mg
* Percentage Daily Intakes are based on an average adult diet of 8700 kJ. Your daily intakes may be higher or lower depending on your energy needs.",,https://www.coles.com.au/product/monster-ultra-rosa-can-500ml-3990077,,,2024-06-16T10:29:31.335546-04:00
Ind54SColes_ADrinks_SAEnergy drinks_IMother Original Multipack Cans 4x500mL | 4 pack,Mother Original Multipack Cans 4x500mL | 4 pack,Mother,Drinks,Energy drinks,Multipack cans,,$8.40,,,$4.20 per 1L,6907295,"Under the stars of the Southern Cross we live life our way. Life is in perpetual motion and to slow down is to be left in the dust.

The infinite bounds of sunburnt land and barrelling blue swells are limited only by your imagination. Kick out the sand, pump up the tunes, and rip into some Mother. Crisp and cool with a kaleidoscope blend of flavours, it'll keep the fast times spinning morning, noon and night.

Mother is calling. Pursue your dreams. Search for adventure. Get out there and let the good times flow!",,,"Per 100g/ml
Per Serving
%DI
Energy
191kJ
955kJ
Protein
0g
0g
Total Fat
0g
0g
Saturated Fat
0g
0g
Carbohydrate
10.1g
51g
Sugars
10.1g
51g
Taurine
400mg
2000mg
Vitamin B3
1.8mg
9.0mg
Vitamin B12
0.1ug
0.5ug
Sodium
48mg
240mg
Energy (Cal)
46Cal
228Cal
Vitamin B5
0.66mg
3.3mg
Vitamin B6
0.2mg
1.0mg
Caffeine
31.9mg
160mg
* Percentage Daily Intakes are based on an average adult diet of 8700 kJ. Your daily intakes may be higher or lower depending on your energy needs.",,https://www.coles.com.au/product/mother-original-multipack-cans-4x500ml-4-pack-6907295,,,2024-06-16T10:29:42.360623-04:00
Ind54SColes_ADrinks_SAEnergy drinks_IRed Bull Sugar Free Energy Drink 8x250mL | 8 pack,Red Bull Sugar Free Energy Drink 8x250mL | 8 pack,Red Bull,Drinks,Energy drinks,Multipack cans,,$14.70,,$21.00,$7.35 per 1L,3324177,"Red Bull Energy Drink, Sugar Free, 250ml (8 pack)

RED BULL GIVES YOU WINGS
Inspired by functional drinks from the Far East, Dietrich Mateschitz founded Red Bull in the mid-1980s. He developed a new product and a unique marketing concept and launched Red Bull Energy Drink on April 1, 1987 in Austria. A brand new product category - Energy Drinks - was born.
WHEN TO DRINK
Appreciated worldwide by top athletes, students, busy professionals and travellers on long journeys.
WHAT'S INSIDE THE CAN
Caffeine: Caffeine was already known by ancient civilizations. They consumed it from natural sources like tea, coffee, cacao beans and cola nuts and appreciated its stimulating effects on the human body. B-group vitamins: Vitamins are essential micronutrients that are required for maintaining normal body functions. Taurine: Taurine is an amino acid, naturally occurring in the human body and present in the daily diet. It is involved in a wide range of biological processes.
Taurine: Taurine is an amino acid, naturally occurring in the human body and present in the daily diet. It is involved in a wide range of biological processes.
Acesulfame Potassium & Sucralose: are among the most-tested and most-used sugar substitutes worldwide.
Alpine Water: Naturally, water is a main ingredient of Red Bull.
Red Bull Sugarfree's special formula contains ingredients of high quality: Caffeine, Taurine, B-Group Vitamins, Aspartame & Acesulfame K, Alpine water

One 250ml can of Red Bull Energy Drink contains 80 mg of caffeine, about the same amount as in a cup of home-brewed coffee.

Red Bull cans are made of 100% recyclable aluminium.

Vitalizes Body and Mind.",,,"Per 100g/ml
Per Serving
%DI
Energy
13kJ
33kJ
0.40%
Protein
0g
0g
0%
Total Fat
0g
0g
0%
Saturated Fat
0g
0g
0%
Carbohydrate
0g
0g
0%
Sugars
0g
0g
0%
Taurine
400mg
1000mg
Sodium
42mg
104mg
5%
Dietary Fibre (total)
0g
0g
0%
Vitamin B12
2ug
5ug
Vitamin B6
2mg
5mg
Caffeine
32mg
80mg
* Percentage Daily Intakes are based on an average adult diet of 8700 kJ. Your daily intakes may be higher or lower depending on your energy needs.","Carbonated Water, Acidity Regulator (Citric Acid, Sodium Bicarbonate, Magnesium Carbonate), Taurine (0.4%), Flavours, Colours (Caramel I, Riboflavin), Caffeine (0.03%), Sweeteners (Sucralose, Acesulfame Potassium), Thickener (Xanthan Gum), Vitamins (Niacinamide, Pantothenic Acid, B6, B12).",https://www.coles.com.au/product/red-bull-sugar-free-energy-drink-8x250ml-8-pack-3324177,,,2024-06-16T10:29:53.207309-04:00
Ind54SColes_ADrinks_SAEnergy drinks_IMonster Energy Drink Zero Sugar Can | 500mL,Monster Energy Drink Zero Sugar Can | 500mL,Monster,Drinks,Energy drinks,Single cans,,$2.80,,$4.05,$5.60 per 1L,7717116,,,,,,https://www.coles.com.au/product/monster-energy-drink-zero-sugar-can-500ml-7717116,,,2024-06-16T10:30:02.198077-04:00
Ind54SColes_ADrinks_SAEnergy drinks_IMother Energy Drink Rainbow Sherbert | 500mL,Mother Energy Drink Rainbow Sherbert | 500mL,Mother,Drinks,Energy drinks,Single cans,,$3.15,,,$6.30 per 1L,6413160,"Under the stars of the Southern Cross we live life our way. Life is in perpetual motion and to slow down is to be left in the dust. 

The infinite bounds of sunburnt land and barrelling blue swells are limited only by your imagination. Kick out the sand, pump up the tunes, and rip into some Mother. Crisp and cool with a kaleidoscope blend of flavours, it'll keep the fast times spinning morning, noon and night. 

Mother is calling. Pursue your dreams. Search for adventure. Get out there and let the good times flow!",,,"Per 100g/ml
Per Serving
%DI
Energy
237kJ
1185kJ
Protein
0g
0g
Total Fat
0g
0g
Saturated Fat
0g
0g
Carbohydrate
14.1g
70.5g
Sugars
13.5g
67.5g
Taurine
400mg
2000mg
Inositol
2.0mg
10mg
Vitamin B3
4.5mg
22.5mg
Vitamin B12
0.7ug
3.5ug
Sodium
50mg
250mg
Energy (Cal)
57Cal
283Cal
Vitamin B5
1.7mg
8.5mg
Vitamin B6
0.4mg
2.0mg
Caffeine
30mg
150mg
* Percentage Daily Intakes are based on an average adult diet of 8700 kJ. Your daily intakes may be higher or lower depending on your energy needs.",,https://www.coles.com.au/product/mother-energy-drink-rainbow-sherbert-500ml-6413160,,,2024-06-16T10:30:12.961777-04:00
Ind54SColes_ADrinks_SAEnergy drinks_IMother Original Energy Drink Can | 500mL,Mother Original Energy Drink Can | 500mL,Mother,Drinks,Energy drinks,Single cans,,$3.15,,,$6.30 per 1L,6526906,"Under the stars of the Southern Cross we live life our way. Life is in perpetual motion and to slow down is to be left in the dust.

The infinite bounds of sunburnt land and barrelling blue swells are limited only by your imagination. Kick out the sand, pump up the tunes, and rip into some Mother. Crisp and cool with a kaleidoscope blend of flavours, it'll keep the fast times spinning morning, noon and night.

Mother is calling. Pursue your dreams. Search for adventure. Get out there and let the good times flow!",,,"Per 100g/ml
Per Serving
%DI
Energy
183kJ
915kJ
Protein
0g
0g
Total Fat
0g
0g
Saturated Fat
0g
0g
Carbohydrate
10.1g
51g
Sugars
10.1g
51g
Taurine
400mg
2000mg
Vitamin B3
1.8mg
9.0mg
Vitamin B12
0.1ug
0.5ug
Sodium
48mg
240mg
Energy (Cal)
44Cal
219Cal
Vitamin B5
0.66mg
3.3mg
Vitamin B6
0.2mg
1.0mg
Caffeine
31.9mg
160mg
* Percentage Daily Intakes are based on an average adult diet of 8700 kJ. Your daily intakes may be higher or lower depending on your energy needs.",,https://www.coles.com.au/product/mother-original-energy-drink-can-500ml-6526906,,,2024-06-16T10:30:23.794021-04:00
Ind54SColes_ADrinks_SAEnergy drinks_IV Energy Drink Can Raspberry | 500mL,V Energy Drink Can Raspberry | 500mL,V,Drinks,Energy drinks,Single cans,,$3.60,,$4.00,$7.20 per 1L,3734827,"More good energy than a lemon and raspberry in a twerk off with V Raspberry Lemonade. Delicious lemony raspberry flavours, boosted with energy.
Flavours of raspberry lemonade, but energised.

Guarana Energy.

Can You Feel It.

1 x 500ml Can",,,"Per 100g/ml
Per Serving
%DI
Energy
198kJ
990kJ
11%
Protein
0g
0g
0%
Total Fat
0g
0g
0%
Saturated Fat
0g
0g
0%
Carbohydrate
11.1g
55.5g
18%
Sugars
11.0g
54.8g
61%
Taurine
200mg
1000mg
Sodium
50mg
250mg
11%
Glucuronolactone
25mg
125mg
Vitamin B12
0.57ug
2.9ug
Vitamin B6
0.46mg
2.3mg
Caffeine
31mg
155mg
* Percentage Daily Intakes are based on an average adult diet of 8700 kJ. Your daily intakes may be higher or lower depending on your energy needs.",,https://www.coles.com.au/product/v-energy-drink-can-raspberry-500ml-3734827,,,2024-06-16T10:30:34.696330-04:00
Ind54SColes_ADrinks_SAEnergy drinks_IRed Bull Energy Drink Pear Cinnamon Winter Edition | 250mL,Red Bull Energy Drink Pear Cinnamon Winter Edition | 250mL,Red Bull,Drinks,Energy drinks,Single cans,,$3.10,Pick any 2 for $5.30,,$12.40 per 1L,7867888,"Red Bull Winter Edition Pear & Cinnamon 250mL Can
RED BULL GIVES YOU WINGS
Inspired by functional drinks from the Far East, Dietrich Mateschitz founded Red Bull in the mid-1980s. He developed a new product and a unique marketing concept and launched Red Bull Energy Drink on April 1, 1987 in Austria. A brand new product category - Energy Drinks - was born.
WHEN TO DRINK
Appreciated worldwide by top athletes, students, busy professionals and travellers on long journeys.
WHAT'S INSIDE THE CAN
Caffeine: Caffeine was already known by ancient civilizations. They consumed it from natural sources like tea, coffee, cacao beans and cola nuts and appreciated its stimulating effects on the human body.
B-group vitamins: Vitamins are essential micronutrients that are required for maintaining normal body functions. Taurine: Taurine is an amino acid, naturally occurring in the human body and present in the daily diet. It is involved in a wide range of biological processes.
Taurine: Taurine is an amino acid, naturally occurring in the human body and present in the daily diet. It is involved in a wide range of biological processes.
Red Bull Winter Edition special formula contains ingredients of high quality: Caffeine, Taurine, B-Group Vitamins, Sugars, Alpine water

One 250ml can of Red Bull Energy Drink contains 80 mg of caffeine, about the same amount as in a cup of home-brewed coffee.

The amount of sugars in a can of Red Bull is comparable to the level of sugars in an equivalent amount of apple or orang

Red Bull cans are made of 100% recyclable aluminum",,,"Per 100g/ml
Per Serving
%DI
Energy
190kJ
476kJ
5%
Protein
0g
0g
0%
Total Fat
0g
0g
0%
Saturated Fat
0g
0g
0%
Carbohydrate
11g
27g
9%
Sugars
11g
27g
30%
Taurine
400mg
1000mg
Sodium
35mg
89mg
4%
Vitamin B12
2
5
Phytic Acid
2 mg
5 mg
Vitamin B6
2mg
5 mg
Caffeine
32 mg
80 mg
* Percentage Daily Intakes are based on an average adult diet of 8700 kJ. Your daily intakes may be higher or lower depending on your energy needs.",,https://www.coles.com.au/product/red-bull-energy-drink-pear-cinnamon-winter-edition-250ml-7867888,,,2024-06-16T10:30:45.555037-04:00
Ind54SColes_ADrinks_SAEnergy drinks_IMonster Energy Mango Loco Can | 500mL,Monster Energy Mango Loco Can | 500mL,Monster,Drinks,Energy drinks,Single cans,,$2.80,,$4.05,$5.60 per 1L,3290778,"On the eve of October 31st each year, friends and family gather to celebrate Dia de Los Muertos. Marigolds, mysticism and memories combined with food and drink entice the souls of the departed to join the party.

Mango Loco is ia heavenly blend of exotic juices certain to attract even the most stubborn spirit.

Crazy good taste with just enough of the Monster Magic to keep the party going for days...",,,"Per 100g/ml
Per Serving
%DI
Energy
215kJ
1075kJ
Protein
0g
0g
Total Fat
0g
0g
Saturated Fat
0g
0g
Carbohydrate
13g
65g
Sugars
12g
60g
Taurine
400mg
2000mg
Inositol
2mg
10mg
Vitamin B2
0.72mg
3.6mg
Vitamin B3
8mg
40mg
Glucuronolactone
2mg
10mg
Vitamin B12
2.0ug
10.0ug
Sodium
23mg
115mg
Energy (Cal)
51Cal
257Cal
Dietary Fibre (total)
0g
0g
Vitamin B6
0.85mg
4.25mg
Caffeine
30mg
150mg
* Percentage Daily Intakes are based on an average adult diet of 8700 kJ. Your daily intakes may be higher or lower depending on your energy needs.",,https://www.coles.com.au/product/monster-energy-mango-loco-can-500ml-3290778,,,2024-06-16T10:30:56.230101-04:00
Ind54SColes_ADrinks_SAEnergy drinks_IRed Bull Sugar Free Energy Drink 4X250mL | 4 pack,Red Bull Sugar Free Energy Drink 4X250mL | 4 pack,Red Bull,Drinks,Energy drinks,Multipack cans,,$11.85,,,$11.85 per 1L,9615900,"Red Bull Energy Drink, Sugar Free, 250ml (4 Pack)

RED BULL GIVES YOU WINGS
Inspired by functional drinks from the Far East, Dietrich Mateschitz founded Red Bull in the mid-1980s. He developed a new product and a unique marketing concept and launched Red Bull Energy Drink on April 1, 1987 in Austria. A brand new product category - Energy Drinks - was born.
WHEN TO DRINK
Appreciated worldwide by top athletes, students, busy professionals and travellers on long journeys.
WHAT'S INSIDE THE CAN
Caffeine: Caffeine was already known by ancient civilizations. They consumed it from natural sources like tea, coffee, cacao beans and cola nuts and appreciated its stimulating effects on the human body.
B-group vitamins: Vitamins are essential micronutrients that are required for maintaining normal body functions. Taurine: Taurine is an amino acid, naturally occurring in the human body and present in the daily diet. It is involved in a wide range of biological processes.
Taurine: Taurine is an amino acid, naturally occurring in the human body and present in the daily diet. It is involved in a wide range of biological processes.
Aspartame & Acesulfame K: Aspartame and Acesulfame K are among the most-tested and most-used sugar substitutes worldwide.
Alpine Water: Naturally, water is a main ingredient of Red Bull.
Red Bull Sugarfree's special formula contains ingredients of high quality: Caffeine, Taurine, B-Group Vitamins, Acesulfame, Potassium & Sucralose, Alpine water

One 250ml can of Red Bull Energy Drink contains 80 mg of caffeine, about the same amount as in a cup of home-brewed coffee.

Red Bull cans are made of 100% recyclable aluminium.

One can of 250ml Red Bull Sugarfree.

Vitalizes Body and Mind.",,,"Per 100g/ml
Per Serving
%DI
Energy
13kJ
33kJ
0.4%
Protein
0g
0g
0%
Total Fat
0g
0g
0%
Saturated Fat
0g
0g
0%
Carbohydrate
0g
0g
0%
Sugars
0g
0g
0%
Taurine
400mg
1000mg
Sodium
42mg
104mg
5%
Dietary Fibre (total)
0g
0g
0%
Vitamin B12
2ug
5ug
Vitamin B6
2mg
5mg
Caffeine
32mg
80mg
* Percentage Daily Intakes are based on an average adult diet of 8700 kJ. Your daily intakes may be higher or lower depending on your energy needs.",,https://www.coles.com.au/product/red-bull-sugar-free-energy-drink-4x250ml-4-pack-9615900,,,2024-06-16T10:31:07.075798-04:00
Ind54SColes_ADrinks_SAEnergy drinks_IV Energy Drink Apple Lemonade | 250mL,V Energy Drink Apple Lemonade | 250mL,V,Drinks,Energy drinks,Single cans,,$2.60,,,$10.40 per 1L,7172423,"Crisp. Light. Refreshing. V Refresh Green Apple Lemonade, It's like a breath of fresh air... but liquid. Zero sugar. Low Calorie. 8 Cals per can.
Crisp, light and refreshing green apple lemonade.

Guarana Energy.

Zero Sugar. 8 Calories Per Can.

1 x 250ml.",,,,,https://www.coles.com.au/product/v-energy-drink-apple-lemonade-250ml-7172423,,,2024-06-16T10:31:15.830548-04:00
Ind54SColes_ADrinks_SAEnergy drinks_IMother Sugar Free Energy Drink Can | 500mL,Mother Sugar Free Energy Drink Can | 500mL,Mother,Drinks,Energy drinks,Single cans,,$3.15,,,$6.30 per 1L,9878386,"Under the stars of the Southern Cross we live life our way. Life is in perpetual motion and to slow down is to be left in the dust. 

The infinite bounds of sunburnt land and barreling blue swells are limited only by your imagination. Kick out the sand, pump up the tunes, and rip into some Mother. Crisp and cool with kaleidoscope blend of flavours, it'll keep the fast times spinning morning, noon and night.

Mother is calling. Pursue your dreams. Search for adventure. Get out there and let the good times flow!",,,"Per 100g/ml
Per Serving
%DI
Energy
12kJ
60kJ
Protein
0.05g
0.3g
Total Fat
0g
0g
Saturated Fat
0g
0g
Carbohydrate
0.1g
0.5g
Sugars
0g
0g
Taurine
400mg
2000mg
Vitamin B3
1.8mg
9.0mg
Sodium
48mg
240mg
Energy (Cal)
3Cal
14Cal
Dietary Fibre (total)
0g
0g
Vitamin B5
0.66mg
3.3mg
Vitamin B6
0.2mg
1.0mg
Caffeine
30.5mg
153mg
* Percentage Daily Intakes are based on an average adult diet of 8700 kJ. Your daily intakes may be higher or lower depending on your energy needs.","Carbonated Water, Acidity Regulators (Citric Acid, Sodium Citrate), Taurine, Flavour, Caffeine, Guarana Extract, Sweeteners (Acesulphame Potassium, Sucralose), Preservative (Potassium Sorbate), Colour (Caramel IV), Vitamins [Niacin (B3), Pantothenic Acid (B5), Vitamin B6].",https://www.coles.com.au/product/mother-sugar-free-energy-drink-can-500ml-9878386,,,2024-06-16T10:31:26.974966-04:00
Ind54SColes_ADrinks_SAEnergy drinks_IRed Bull Energy Drink 4X250mL | 4 pack,Red Bull Energy Drink 4X250mL | 4 pack,Red Bull,Drinks,Energy drinks,Multipack cans,,$11.85,,,$11.85 per 1L,9043363,"Red Bull Energy Drink, 250ml (4 Pack) 

RED BULL GIVES YOU WINGS
Inspired by functional drinks from the Far East, Dietrich Mateschitz founded Red Bull in the mid-1980s. He developed a new product and a unique marketing concept and launched Red Bull Energy Drink on April 1, 1987 in Austria. A brand new product category - Energy Drinks - was born.
WHEN TO DRINK
Appreciated worldwide by top athletes, students, busy professionals and travellers on long journeys.
WHAT'S INSIDE THE CAN
Caffeine: Caffeine was already known by ancient civilisations. They consumed it from natural sources like tea, coffee, cacao beans and cola nuts and appreciated its stimulating effects on the human body.
Taurine: Taurine is an amino acid, naturally occurring in the human body and present in the daily diet. It is involved in a wide range of biological processes.
B-group vitamins: Vitamins are essential micronutrients that are required for maintaining normal body functions.
Sugars: Red Bull Energy Drink is made with sugar sourced from sugar beets. Alpine Water: Naturally, water is a main ingredient of Red Bull.
Red Bull Energy Drink's special formula contains ingredients of high quality: Caffeine, Taurine, B-Group Vitamins, Sugars, Alpine Water.

One 250ml can of Red Bull Energy Drink contains 80 mg of caffeine, about the same amount as in a cup of home-brewed coffee.

The amount of sugars in a can of Red Bull Energy Drink is comparable to the level of sugars in an equivalent amount of apple or orange juice - 11 g per 100 ml.

Red Bull cans are made of 100% recyclable aluminium.",,,"Per 100g/ml
Per Serving
%DI
Energy
194kJ
485kJ
6%
Protein
0g
0g
0g
Total Fat
0g
0g
0g
Saturated Fat
0g
0g
0g
Carbohydrate
11g
27g
9%
Sugars
11g
27g
30%
Taurine
400mg
1000mg
Sodium
41mg
103mg
5%
Vitamin B12
2ug
5ug
Vitamin B6
2mg
5mg
Caffeine
32mg
80mg
* Percentage Daily Intakes are based on an average adult diet of 8700 kJ. Your daily intakes may be higher or lower depending on your energy needs.",,https://www.coles.com.au/product/red-bull-energy-drink-4x250ml-4-pack-9043363,,,2024-06-16T10:31:37.789614-04:00
Ind54SColes_ADrinks_SA_IMonster Energy Green Multipack Cans 4 x 500mL | 4 pack,Monster Energy Green Multipack Cans 4 x 500mL | 4 pack,Monster,Drinks,,,,$15.20,,,$7.60 per 1L,2785094,"Tear into a can of the meanest energy drink on the planet, Monster Energy.

It's the ideal combo of the right ingredients in the right proportion to deliver the big bad Monster buzz.

Monster packs a punch but has a smooth flavour you can really pound down.

Athletes, musicians, anarchists, students, road warriors, metal heads, geeks, hipsters, and bikers dig it - you will too.

Unleash the Beast!",,,"Per 100g/ml
Per Serving
%DI
Energy
209kJ
1045kJ
Protein
0g
0g
Total Fat
0g
0g
Saturated Fat
0g
0g
Carbohydrate
12.4g
62g
Sugars
11.4g
57g
Taurine
400mg
2000mg
Inositol
2mg
10mg
Vitamin B2
0.72mg
3.6mg
Vitamin B3
8.0mg
40mg
Glucuronolactone
2mg
10mg
Vitamin B12
2.0ug
10.0ug
Sodium
78mg
390mg
Energy (Cal)
50Cal
250Cal
Vitamin B6
0.85mg
4.3mg
Caffeine
30mg
150mg
* Percentage Daily Intakes are based on an average adult diet of 8700 kJ. Your daily intakes may be higher or lower depending on your energy needs.",,https://www.coles.com.au/product/monster-energy-green-multipack-cans-4-x-500ml-4-pack-2785094,,,2024-06-16T10:31:49.173068-04:00
Ind54SColes_ADrinks_SA_IRed Bull Energy Drink Multipack Cans 8x250mL | 8 pack,Red Bull Energy Drink Multipack Cans 8x250mL | 8 pack,Red Bull,Drinks,,,,$14.70,,$21.00,$7.35 per 1L,7306224,"Red Bull Energy Drink, 250ml (8 Pack)

 

RED BULL GIVES YOU WINGS

Inspired by functional drinks from the Far East, Dietrich Mateschitz founded Red Bull in the mid-1980s. He developed a new product and a unique marketing concept and launched Red Bull Energy Drink on April 1, 1987 in Austria. A brand new product category - Energy Drinks - was born.

WHEN TO DRINK

Appreciated worldwide by top athletes, students, busy professionals and travellers on long journeys.

WHAT'S INSIDE THE CAN

Caffeine: Caffeine was already known by ancient civilizations. They consumed it from natural sources like tea, coffee, cacao beans and cola nuts and appreciated its stimulating effects on the human body.

B-group vitamins: Vitamins are essential micronutrients that are required for maintaining normal body functions. Taurine: Taurine is an amino acid, naturally occurring in the human body and present in the daily diet. It is involved in a wide range of biological processes.

Taurine: Taurine is an amino acid, naturally occurring in the human body and present in the daily diet. It is involved in a wide range of biological processes.

Aspartame & Acesulfame K: Aspartame and Acesulfame K are among the most-tested and most-used sugar substitutes worldwide.

Alpine Water: Naturally, water is a main ingredient of Red Bull.",,,"Per 100g/ml
Per Serving
%DI
Energy
194kJ
485kJ
6%
Protein
0
Total Fat
0
Saturated Fat
0
Carbohydrate
11g
27g
9%
Sugars
11g
27g
9%
Taurine
400mg
1000mg
Sodium
41mg
103mg
5%
Vitamin B12
2ug
5ug
Vitamin B6
2mg
5mg
Caffeine
32mg
80mg
* Percentage Daily Intakes are based on an average adult diet of 8700 kJ. Your daily intakes may be higher or lower depending on your energy needs.",,https://www.coles.com.au/product/red-bull-energy-drink-multipack-cans-8x250ml-8-pack-7306224,,,2024-06-16T10:32:00.173524-04:00
Ind54SColes_ADrinks_SAEnergy drinks_IMonster Ultra Rosa Multipack Cans 4 x 500mL | 4 pack,Monster Ultra Rosa Multipack Cans 4 x 500mL | 4 pack,Monster,Drinks,Energy drinks,Multipack cans,,$15.20,,,$7.60 per 1L,3990033,"Roses are red, grapefruit is pink, Ultra Rosa is not what you think. Forget about pink lemonade, blush wine, guavas and strawberries. Ultra Rosa is a whole new experience.

Crafted with a light and easy drinking flavour that's also crisp and complex with a floral finish. There's no better way to describe the taste than - it tastes like Ultra Rosa!

Zero sugar with a full load of our Monster Energy blend.

Unleashed the Ultra Beast!",,,"Per 100g/ml
Per Serving
%DI
Energy
11kJ
55kJ
Protein
0g
0g
Total Fat
0g
0g
Saturated Fat
0g
0g
Carbohydrate
1.3g
6.5g
Sugars
0g
0g
Taurine
400mg
2000mg
Inositol
2mg
10mg
Vitamin B3
8.0mg
40mg
Vitamin B12
2.0ug
10ug
Sodium
80mg
400mg
Energy (Cal)
3Cal
13Cal
Dietary Fibre (total)
0g
0g
Vitamin B5
2.0mg
10mg
Vitamin B6
0.85mg
4.3mg
Caffeine
28mg
140mg
* Percentage Daily Intakes are based on an average adult diet of 8700 kJ. Your daily intakes may be higher or lower depending on your energy needs.",,https://www.coles.com.au/product/monster-ultra-rosa-multipack-cans-4-x-500ml-4-pack-3990033,,,2024-06-16T10:32:11.093883-04:00
Ind54SColes_ADrinks_SA_IRed Bull Energy Drink Original 4x473ml | 4 pack,Red Bull Energy Drink Original 4x473ml | 4 pack,Red Bull,Drinks,,,,$12.60,,$18.00,$6.66 per 1L,3192495,"Red Bull Energy Drink, 473ml (4 Pack)

RED BULL GIVES YOU WINGS
Inspired by functional drinks from the Far East, Dietrich Mateschitz founded Red Bull in the mid-1980s. He developed a new product and a unique marketing concept and launched Red Bull Energy Drink on April 1, 1987 in Austria. A brand new product category - Energy Drinks - was born.
WHEN TO DRINK
Appreciated worldwide by top athletes, students, busy professionals and travellers on long journeys.
WHAT'S INSIDE THE CAN
Caffeine: Caffeine was already known by ancient civilisations. They consumed it from natural sources like tea, coffee, cacao beans and cola nuts and appreciated its stimulating effects on the human body.
Taurine: Taurine is an amino acid, naturally occurring in the human body and present in the daily diet. It is involved in a wide range of biological processes.
B-group vitamins: Vitamins are essential micronutrients that are required for maintaining normal body functions.
Sugars: Red Bull Energy Drink is made with sugar sourced from sugar beets. Alpine Water: Naturally, water is a main ingredient of Red Bull.
Red Bull Energy Drink's special formula contains ingredients of high quality: Caffeine, Taurine, B-Group Vitamins, Sugars, Alpine Water.

One 250ml can of Red Bull Energy Drink contains 80 mg of caffeine, about the same amount as in a cup of home-brewed coffee.

The amount of sugars in a can of Red Bull Energy Drink is comparable to the level of sugars in an equivalent amount of apple or orange juice - 11 g per 100 ml.

Red Bull cans are made of 100% recyclable aluminium.

Vitalizes Body and Mind.",,,"Per 100g/ml
Per Serving
%DI
Energy
194kJ
918kJ
11%
Protein
0g
0g
0%
Total Fat
0g
0g
0%
Saturated Fat
0g
0g
0%
Carbohydrate
11g
51g
16%
Sugars
11g
51g
56%
Taurine
400mg
1892mg
Sodium
41mg
195mg
8%
Vitamin B12
2ug
9ug
Vitamin B6
2mg
9mg
Caffeine
32mg
151mg
* Percentage Daily Intakes are based on an average adult diet of 8700 kJ. Your daily intakes may be higher or lower depending on your energy needs.",,https://www.coles.com.au/product/red-bull-energy-drink-original-4x473ml-4-pack-3192495,,,2024-06-16T10:32:24.080740-04:00
Ind54SColes_ADrinks_SA_IV Energy Drink Blue | 500mL,V Energy Drink Blue | 500mL,V,Drinks,,,,$3.60,,$4.00,$7.20 per 1L,1256145,"More good energy than a singing solar panel with the fruity taste of V Blue. It's blue flavoured... it tastes like blue.
Energising, smooth, fruity, flavours of tropical fruits.

Guarana Energy.

Can You Feel It.

1 x 500ml Can",,,"Per 100g/ml
Per Serving
%DI
Energy
244kJ
1221kJ
14%
Protein
0g
0g
0%
Total Fat
0g
0g
0%
Saturated Fat
0g
0g
0%
Carbohydrate
13.9g
69.4g
22%
Sugars
13.8g
69.2g
77%
Taurine
200mg
1000mg
Sodium
50mg
250mg
11%
Glucuronolactone
25mg
125mg
Vitamin B12
0.57ug
2.9ug
Vitamin B6
0.46mg
2.3mg
Caffeine
31mg
156mg
* Percentage Daily Intakes are based on an average adult diet of 8700 kJ. Your daily intakes may be higher or lower depending on your energy needs.",,https://www.coles.com.au/product/v-energy-drink-blue-500ml-1256145,,,2024-06-16T10:32:35.064367-04:00
Ind54SColes_ADrinks_SA_IV Energy Refresh Drink Pineapple Watermelon 4x250mL | 4 pack,V Energy Refresh Drink Pineapple Watermelon 4x250mL | 4 pack,V,Drinks,,,,$8.50,,$11.00,$8.50 per 1L,5486362,"Crisp. Light. Refreshing. V Refresh Pineapple & Watermelon - It's like a breath of fresh air... but liquid. Zero sugar. Low Calorie. 6 Cals per can.
Crisp, light and refreshing pineapple and watermelon.

Guarana Energy.

Zero sugar. 6 calories per can.

4 x 250ml Cans",,,"Per 100g/ml
Per Serving
%DI
Energy
10kJ
26kJ
Protein
0g
0g
Total Fat
0g
0g
Saturated Fat
0g
0g
Carbohydrate
<1g
<1g
Sugars
0g
0g
Sodium
78mg
195mg
Energy (Cal)
3Cal
6Cal
Dietary Fibre (total)
0g
0g
Vitamin B12
0.57ug
1.4ug
Vitamin B6
0.46mg
1.2mg
Caffeine
31mg
78mg
* Percentage Daily Intakes are based on an average adult diet of 8700 kJ. Your daily intakes may be higher or lower depending on your energy needs.",,https://www.coles.com.au/product/v-energy-refresh-drink-pineapple-watermelon-4x250ml-4-pack-5486362,,,2024-06-16T10:32:46.303019-04:00
Ind54SColes_ADrinks_SAEnergy drinks_IMonster Energy Drink Super Dry | 500mL,Monster Energy Drink Super Dry | 500mL,Monster,Drinks,Energy drinks,Single cans,,$2.80,,$4.05,$5.60 per 1L,6823286,"One of the best kept secrets in the energy drink game, Monster Energy Super Dry will blow your mind!

Monster Energy Super Dry has a bold, slightly sour taste that's better experienced than explained.

With a full-load of Monster's classic energy blend, Monster Energy Super Dry's got the boost you need.

Unleash the Beast!",,,"Per 100g/ml
Per Serving
%DI
Energy
192kJ
960kJ
Protein
0g
0g
Total Fat
0g
0g
Saturated Fat
0g
0g
Carbohydrate
11.9g
59.5g
Sugars
10.6g
53.0g
Taurine
400mg
2000mg
Inositol
2mg
10mg
Vitamin B2
0.72mg
3.6mg
Vitamin B3
8.0mg
40mg
Glucuronolactone
2mg
10mg
Vitamin B12
2.0ug
10ug
Sodium
84mg
420mg
Energy (Cal)
46Cal
230Cal
Vitamin B6
0.85mg
4.3mg
Caffeine
30mg
150mg
* Percentage Daily Intakes are based on an average adult diet of 8700 kJ. Your daily intakes may be higher or lower depending on your energy needs.",,https://www.coles.com.au/product/monster-energy-drink-super-dry-500ml-6823286,,,2024-06-16T10:32:57.274496-04:00
Ind54SColes_ADrinks_SAEnergy drinks_IV Energy Drink Blue 4x500mL | 4 pack,V Energy Drink Blue 4x500mL | 4 pack,V,Drinks,Energy drinks,Multipack cans,,$9.60,,$16.00,$4.80 per 1L,6325336,"More good energy than a singing solar panel with the fruity taste of V Blue. It's blue flavoured... it tastes like blue.
Energising, smooth, fruity, flavours of tropical fruits.

Guarana Energy.

Can You Feel It.

4 x 500ml Cans.",,,"Per 100g/ml
Per Serving
%DI
Energy
244
122
14
Protein
0
Total Fat
0
Saturated Fat
0
Carbohydrate
13.9
69.4
22
Sugars
13.8
69.2
77
Sodium
120mg
Carnitine
31mg
156mg
* Percentage Daily Intakes are based on an average adult diet of 8700 kJ. Your daily intakes may be higher or lower depending on your energy needs.",,https://www.coles.com.au/product/v-energy-drink-blue-4x500ml-4-pack-6325336,,,2024-06-16T10:33:08.222989-04:00
Ind54SColes_ADrinks_SAEnergy drinks_IMonster Zero Sugar Energy Drink Multipack Cans 4x500mL | 4 pack,Monster Zero Sugar Energy Drink Multipack Cans 4x500mL | 4 pack,Monster,Drinks,Energy drinks,Multipack cans,,$15.20,,,$7.60 per 1L,7717105,,,,,,https://www.coles.com.au/product/monster-zero-sugar-energy-drink-multipack-cans-4x500ml-4-pack-7717105,,,2024-06-16T10:33:17.000470-04:00
Ind54SColes_ADrinks_SA_IRed Bull Energy Drink Sugar Free 12x250mL | 12 pack,Red Bull Energy Drink Sugar Free 12x250mL | 12 pack,Red Bull,Drinks,,,,$24.00,,,$8.00 per 1L,7172321,"Red Bull Energy Drink, Sugar Free, 250ml (12 pack)

RED BULL GIVES YOU WINGS
Inspired by functional drinks from the Far East, Dietrich Mateschitz founded Red Bull in the mid-1980s. He developed a new product and a unique marketing concept and launched Red Bull Energy Drink on April 1, 1987 in Austria. A brand new product category - Energy Drinks - was born.
WHEN TO DRINK
Appreciated worldwide by top athletes, students, busy professionals and travellers on long journeys.
WHAT'S INSIDE THE CAN
Caffeine: Caffeine was already known by ancient civilizations. They consumed it from natural sources like tea, coffee, cacao beans and cola nuts and appreciated its stimulating effects on the human body. B-group vitamins: Vitamins are essential micronutrients that are required for maintaining normal body functions. Taurine: Taurine is an amino acid, naturally occurring in the human body and present in the daily diet. It is involved in a wide range of biological processes.
Taurine: Taurine is an amino acid, naturally occurring in the human body and present in the daily diet. It is involved in a wide range of biological processes.
Acesulfame Potassium & Sucralose: are among the most-tested and most-used sugar substitutes worldwide.
Alpine Water: Naturally, water is a main ingredient of Red Bull.
Red Bull Sugarfree's special formula contains ingredients of high quality: Caffeine, Taurine, B-Group Vitamins, Aspartame & Acesulfame K, Alpine water

One 250ml can of Red Bull Energy Drink contains 80 mg of caffeine, about the same amount as in a cup of home-brewed coffee.

Red Bull cans are made of 100% recyclable aluminum.

Vitalizes Body and Mind.",,,"Per 100g/ml
Per Serving
%DI
Energy
13kJ
33kJ
0.4%
Protein
0g
0g
0%
Total Fat
0g
0g
0%
Saturated Fat
0g
0g
0%
Carbohydrate
0g
0g
0%
Sugars
0g
0g
0%
Taurine
400mg
1000mg
Sodium
42mg
104mg
5%
Dietary Fibre (total)
0g
0g
0%
Vitamin B12
2ug
5ug
Vitamin B6
2mg
5mg
Caffeine
32mg
80mg
* Percentage Daily Intakes are based on an average adult diet of 8700 kJ. Your daily intakes may be higher or lower depending on your energy needs.",,https://www.coles.com.au/product/red-bull-energy-drink-sugar-free-12x250ml-12-pack-7172321,,,2024-06-16T10:33:28.697548-04:00
Ind54SColes_ADrinks_SAEnergy drinks_IV Blue Energy Drink 4x250mL | 4 pack,V Blue Energy Drink 4x250mL | 4 pack,V,Drinks,Energy drinks,Multipack cans,,$8.50,,$11.00,$8.50 per 1L,9880526,"More good energy than a singing solar panel with the fruity taste of V Blue. It's blue flavoured... it tastes like blue.
Energising, smooth, fruity, flavours of tropical fruits.

Guarana Energy.

Can You Feel It.

4 x 250ml Cans",,,"Per 100g/ml
Per Serving
%DI
Energy
244kJ
610kJ
7%
Protein
0g
0g
0%
Total Fat
0g
0g
0%
Saturated Fat
0g
0g
0%
Carbohydrate
13.9g
34.7g
11%
Sugars
13.8g
34.6g
38%
Taurine
200mg
500mg
Sodium
50mg
125mg
5%
Vitamin B12
0.57ug
1.4ug
Vitamin B6
0.46mg
1.2mg
Caffeine
31mg
78mg
* Percentage Daily Intakes are based on an average adult diet of 8700 kJ. Your daily intakes may be higher or lower depending on your energy needs.",,https://www.coles.com.au/product/v-blue-energy-drink-4x250ml-4-pack-9880526,,,2024-06-16T10:33:40.829224-04:00
Ind54SColes_ADrinks_SAEnergy drinks_IRed Eye Platinum Attitude Energy Drink | 330mL,Red Eye Platinum Attitude Energy Drink | 330mL,Red Eye,Drinks,Energy drinks,Bottles,,$2.90,,,$8.79 per 1L,8523873,"Stimulating combination of ginger, gotu kola, ginseg, ginko biloba, guarana and grape seed, enhanced with green tea extract.",,,,,https://www.coles.com.au/product/red-eye-platinum-attitude-energy-drink-330ml-8523873,,,2024-06-16T10:33:51.012355-04:00
Ind54SColes_ADrinks_SAEnergy drinks_IMother Sugar Free Multipack Cans 4 X 500mL | 500mL,Mother Sugar Free Multipack Cans 4 X 500mL | 500mL,Mother,Drinks,Energy drinks,Multipack cans,,$8.40,,,$4.20 per 1L,3512825,"Under the stars of the Southern Cross we live life our way. Life is in perpetual motion and to slow down is to be left in the dust.

The infinite bounds of sunburnt land and barrelling blue swells are limited only by your imagination. Kick out the sand, pump up the tunes, and rip into some Mother. Crisp and cool with a kaleidoscope blend of flavours, it'll keep the fast times spinning morning, noon and night.

Mother is calling. Pursue your dreams. Search for adventure. Get out there and let the good times flow!",,,"Per 100g/ml
Per Serving
%DI
Energy
12kJ
60kJ
Protein
0.05g
0.3g
Total Fat
0g
0g
Saturated Fat
0g
0g
Carbohydrate
0.1g
0.5g
Sugars
0g
0g
Taurine
400mg
2000mg
Vitamin B3
1.8mg
9.0mg
Sodium
48mg
240mg
Energy (Cal)
3Cal
14Cal
Dietary Fibre (total)
0g
0g
Vitamin B6
0.2mg
1.0mg
Caffeine
30.5mg
153mg
* Percentage Daily Intakes are based on an average adult diet of 8700 kJ. Your daily intakes may be higher or lower depending on your energy needs.",,https://www.coles.com.au/product/mother-sugar-free-multipack-cans-4-x-500ml-500ml-3512825,,,2024-06-16T10:34:02.119523-04:00
Ind54SColes_ADrinks_SAEnergy drinks_IRockstar Energy Drink Guava Can | 500mL,Rockstar Energy Drink Guava Can | 500mL,Rockstar,Drinks,Energy drinks,Single cans,,$3.10,,,$6.20 per 1L,7388750,Rockstar Punched Tropical Guava Energy Drink is a formulated caffeinated beverage. All the power of Rockstar Energy Drinks with a tropical twist. Enjoy the delicious flavour of tropical guava fruit.,,,"Per 100g/ml
Per Serving
%DI
Energy
294kJ
1470kJ
17%
Protein
0g
0g
0%
Total Fat
0g
0g
0%
Saturated Fat
0g
0g
0%
Carbohydrate
16.8g
84.2g
27%
Sugars
16.7g
83.4g
93%
Taurine
400mg
2000mg
Inositol
10mg
50mg
Sodium
27mg
135mg
6%
Vitamin B12
2ug
10ug
Vitamin B6
2mg
10mg
Caffeine
32mg
160mg
* Percentage Daily Intakes are based on an average adult diet of 8700 kJ. Your daily intakes may be higher or lower depending on your energy needs.",,https://www.coles.com.au/product/rockstar-energy-drink-guava-can-500ml-7388750,,,2024-06-16T10:34:12.872378-04:00
Ind54SColes_ADrinks_SAEnergy drinks_IMonster Energy Drink Ultra Gold Multipack Cans 4x500mL | 4 pack,Monster Energy Drink Ultra Gold Multipack Cans 4x500mL | 4 pack,Monster,Drinks,Energy drinks,Multipack cans,,$15.20,,,$7.60 per 1L,6013038,"According to Ancient Greek legend the nectar of ambrosia gave immortality to all who drank it. Unfortunately this -fruit of the gods- is just a myth. But we were inspired to create Ultra Gold as close as we can get for mere mortals.

With zero sugar, easy-drinking Ultra Gold has the heavenly fresh flavour of biting into perfectly ripened golden pineapple.

While we can't promise immortality, our Monster Energy blend will help you stay focused and alert (Caffeine may contribute to increased focus and alertness as part of a healthy and varied diet) and ready for whatever life throws at you. Go for the Gold!

Unleash the Ultra Beast!",,,"Per 100g/ml
Per Serving
%DI
Energy
9kJ
45kJ
Protein
0g
0g
Total Fat
0g
0g
Saturated Fat
0g
0g
Carbohydrate
1.1g
5.5g
Sugars
0g
0g
Taurine
400mg
2000mg
Inositol
2mg
10mg
Vitamin B3
8.0mg
40mg
Vitamin B12
2ug
10ug
Sodium
43mg
215mg
Energy (Cal)
2Cal
11Cal
Dietary Fibre (total)
0g
0g
Vitamin B5
2.0mg
10mg
Vitamin B6
0.85mg
4.3mg
Caffeine
31mg
155mg
* Percentage Daily Intakes are based on an average adult diet of 8700 kJ. Your daily intakes may be higher or lower depending on your energy needs.",,https://www.coles.com.au/product/monster-energy-drink-ultra-gold-multipack-cans-4x500ml-4-pack-6013038,,,2024-06-16T10:34:23.917889-04:00
Ind54SColes_ADrinks_SAEnergy drinks_IMonster Pipeline Punch Can | 500mL,Monster Pipeline Punch Can | 500mL,Monster,Drinks,Energy drinks,Single cans,,$2.80,,$4.05,$5.60 per 1L,3511469,"Banzai Pipeline, the world's most famous wave, on Oahu's fabled North Shore comes alive for just a few brief months every winter. In honor of this epic force of nature, we created Juice Monster Pipeline Punch.

The perfect blend of the best flavours Hawaii has to offer + passion fruit, orange & guava, then Monsterized with a full load of our famous energy blend.

And, just like the wave is named for, it is destined to become a legend!",,,"Per 100g/ml
Per Serving
%DI
Energy
161kJ
805kJ
Protein
0g
0g
Total Fat
0g
0g
Saturated Fat
0g
0g
Carbohydrate
9.5g
47g
Sugars
9.0g
45g
Taurine
400mg
2000mg
Inositol
2mg
10mg
Vitamin B2
0.72mg
3.6mg
Vitamin B3
8.0mg
40mg
Vitamin B12
2ug
10ug
Sodium
16mg
80mg
Energy (Cal)
39Cal
193Cal
Vitamin B6
0.85mg
4.25mg
Caffeine
31mg
155mg
* Percentage Daily Intakes are based on an average adult diet of 8700 kJ. Your daily intakes may be higher or lower depending on your energy needs.",,https://www.coles.com.au/product/monster-pipeline-punch-can-500ml-3511469,,,2024-06-16T10:34:34.831430-04:00
Ind54SColes_ADrinks_SAEnergy drinks_IMonster Energy Ultra Peachy Keen Can | 500mL,Monster Energy Ultra Peachy Keen Can | 500mL,Monster,Drinks,Energy drinks,Single cans,,$2.80,,$4.05,$5.60 per 1L,6413422,"The summer of love was about hope, peace and connecting to something bigger than yourself. A time of carefree fun, limitless possibilities and believing anyone but the man.

So don't take our word for it, check it out for yourself ‘cause it's all good when you're sippin' Ultra Peachy Keen.

Zero sugar, juicy peach flavour and the Monster Energy blend from our secret stash. Everyone from boomers to zoomers is down with that.",,,"Per 100g/ml
Per Serving
%DI
Energy
9.86kJ
49.3kJ
Protein
0g
0g
Total Fat
0g
0g
Saturated Fat
0g
0g
Carbohydrate
0.7g
3.5g
Sugars
0g
0g
Taurine
400mg
2000mg
Inositol
2mg
10mg
Vitamin B3
8.0mg
40mg
Glucuronolactone
2mg
10mg
Vitamin B12
2.0ug
10ug
Sodium
56.8mg
284mg
Energy (Cal)
2.36Cal
11.8Cal
Dietary Fibre (total)
0g
0g
Vitamin B5
2.0mg
10mg
Vitamin B6
0.85mg
4.3mg
Caffeine
30.5mg
153mg
* Percentage Daily Intakes are based on an average adult diet of 8700 kJ. Your daily intakes may be higher or lower depending on your energy needs.",,https://www.coles.com.au/product/monster-energy-ultra-peachy-keen-can-500ml-6413422,,,2024-06-16T10:34:46.177567-04:00
Ind54SColes_ADrinks_SAEnergy drinks_IRed Bull Energy Drink Single Can | 250mL,Red Bull Energy Drink Single Can | 250mL,Red Bull,Drinks,Energy drinks,Single cans,,$3.10,Pick any 2 for $5.30,,$12.40 per 1L,8654973,"Red Bull Energy Drink, 250ml

RED BULL GIVES YOU WINGS
Inspired by functional drinks from the Far East, Dietrich Mateschitz founded Red Bull in the mid-1980s. He developed a new product and a unique marketing concept and launched Red Bull Energy Drink on April 1, 1987 in Austria. A brand new product category - Energy Drinks - was born.
WHEN TO DRINK
Appreciated worldwide by top athletes, students, busy professionals and travellers on long journeys.
WHAT'S INSIDE THE CAN
Caffeine: Caffeine was already known by ancient civilisations. They consumed it from natural sources like tea, coffee, cacao beans and cola nuts and appreciated its stimulating effects on the human body.
Taurine: Taurine is an amino acid, naturally occurring in the human body and present in the daily diet. It is involved in a wide range of biological processes.
B-group vitamins: Vitamins are essential micronutrients that are required for maintaining normal body functions.
Sugars: Red Bull Energy Drink is made with sugar sourced from sugar beets. Alpine Water: Naturally, water is a main ingredient of Red Bull.
Red Bull Energy Drink's special formula contains ingredients of high quality: Caffeine, Taurine, B-Group Vitamins, Sugars, Alpine Water.

One 250ml can of Red Bull Energy Drink contains 80 mg of caffeine, about the same amount as in a cup of home-brewed coffee.

The amount of sugars in a can of Red Bull Energy Drink is comparable to the level of sugars in an equivalent amount of apple or orange juice - 11 g per 100 ml.

Red Bull cans are made of 100% recyclable aluminium.

Vitalizes Body and Mind.",,,,,https://www.coles.com.au/product/red-bull-energy-drink-single-can-250ml-8654973,,,2024-06-16T10:34:55.718276-04:00
Ind54SColes_ADrinks_SAEnergy drinks_IMother Energy Drink Zero Sugar Razzleberry Can | 500mL,Mother Energy Drink Zero Sugar Razzleberry Can | 500mL,Mother,Drinks,Energy drinks,Single cans,,$3.15,,,$6.30 per 1L,5157214,"Under the stars of the Southern Cross we live life our way. Life is in perpetual motion and to slow down is to be left in the dust.

The infinite bounds of sunburnt land and barreling blue swells are limited only by your imagination. Kick out the sand, pump up the tunes, and rip into some Mother. Crisp and cool with a kaleidoscope blend of flavours, it'll keep the fast times spinning morning, noon and night.

Mother is calling. Pursue your dreams. Search for adventure. get out there and let the good times flow!",,,"Per 100g/ml
Per Serving
%DI
Energy
9kJ
45kJ
Protein
0g
0g
Total Fat
0g
0g
Saturated Fat
0g
0g
Carbohydrate
0.7g
3.5g
Sugars
0g
0g
Taurine
400mg
2000mg
Inositol
2.0mg
10mg
Vitamin B3
4.5mg
22.5mg
Vitamin B12
0.7ug
3.5ug
Sodium
52mg
260mg
Energy (Cal)
2Cal
11Cal
Dietary Fibre (total)
0g
0g
Vitamin B5
1.7mg
8.5mg
Vitamin B6
0.4mg
2.0mg
Caffeine
30mg
150mg
* Percentage Daily Intakes are based on an average adult diet of 8700 kJ. Your daily intakes may be higher or lower depending on your energy needs.",,https://www.coles.com.au/product/mother-energy-drink-zero-sugar-razzleberry-can-500ml-5157214,,,2024-06-16T10:35:08.243795-04:00
Ind54SColes_ADrinks_SAEnergy drinks_IMonster Energy Mango Loco Multipack Cans 4 x 500mL | 4 Pack,Monster Energy Mango Loco Multipack Cans 4 x 500mL | 4 Pack,Monster,Drinks,Energy drinks,Multipack cans,,$15.20,,,$7.60 per 1L,3290712,"On the eve of October 31st each year, friends and family gather to celebrate Dia de Los Muertos. Marigolds, mysticism and memories combined with food and drink entice the souls of the departed to join the party.

Mango Loco is ia heavenly blend of exotic juices certain to attract even the most stubborn spirit.

Crazy good taste with just enough of the Monster Magic to keep the party going for days...",,,"Per 100g/ml
Per Serving
%DI
Energy
215kJ
1075kJ
Protein
0g
0g
Total Fat
0g
0g
Saturated Fat
0g
0g
Carbohydrate
13g
65g
Sugars
12g
60g
Taurine
400mg
2000mg
Inositol
2mg
10mg
Vitamin B2
0.72mg
3.6mg
Vitamin B3
8.0mg
40mg
Glucuronolactone
2mg
10mg
Vitamin B12
2.0ug
10.0ug
Sodium
23mg
115mg
Energy (Cal)
51Cal
257Cal
Dietary Fibre (total)
0g
0g
Vitamin B6
0.85mg
4.25mg
Caffeine
30mg
150mg
* Percentage Daily Intakes are based on an average adult diet of 8700 kJ. Your daily intakes may be higher or lower depending on your energy needs.",,https://www.coles.com.au/product/monster-energy-mango-loco-multipack-cans-4-x-500ml-4-pack-3290712,,,2024-06-16T10:35:19.451055-04:00
Ind54SColes_ADrinks_SAEnergy drinks_IV Energy Refresh Drink Pineapple Watermelon 4x250mL | 4 pack,V Energy Refresh Drink Pineapple Watermelon 4x250mL | 4 pack,V,Drinks,Energy drinks,Multipack cans,,$8.50,,$11.00,$8.50 per 1L,5486362,"Crisp. Light. Refreshing. V Refresh Pineapple & Watermelon - It's like a breath of fresh air... but liquid. Zero sugar. Low Calorie. 6 Cals per can.
Crisp, light and refreshing pineapple and watermelon.

Guarana Energy.

Zero sugar. 6 calories per can.

4 x 250ml Cans",,,"Per 100g/ml
Per Serving
%DI
Energy
10kJ
26kJ
Protein
0g
0g
Total Fat
0g
0g
Saturated Fat
0g
0g
Carbohydrate
<1g
<1g
Sugars
0g
0g
Sodium
78mg
195mg
Energy (Cal)
3Cal
6Cal
Dietary Fibre (total)
0g
0g
Vitamin B12
0.57ug
1.4ug
Vitamin B6
0.46mg
1.2mg
Caffeine
31mg
78mg
* Percentage Daily Intakes are based on an average adult diet of 8700 kJ. Your daily intakes may be higher or lower depending on your energy needs.","Carbonated Water, Acidity Regulators (Citric Acid, Sodium Citrate), Sweetener (Erythritol), Flavours, Guarana Extract, Preservatives (Sodium Benzoate, Potassium Sorbate), Caffeine, Colour (Caramel IV), Sweetener (Sucralose), Vitamins (Niacin (B3), Pantothenic Acid (B5), B6, Riboflavin (B2), B12), Antioxidant (Ascorbic Acid).",https://www.coles.com.au/product/v-energy-refresh-drink-pineapple-watermelon-4x250ml-4-pack-5486362,,,2024-06-16T11:06:59.712163-04:00
Ind54SColes_ADrinks_SAFlavoured Milk_IJarrah Hot Dark Chocolate 8 pack | 112g,Jarrah Hot Dark Chocolate 8 pack | 112g,Jarrah,Drinks,Flavoured Milk,Drinks & Powders,,$6.00,,$7.00,$5.36 per 100g,3986659,,,,,,https://www.coles.com.au/product/jarrah-hot-dark-chocolate-8-pack-112g-3986659,,,2024-06-16T10:37:14.410973-04:00
Ind54SColes_ADrinks_SAFlavoured Milk_IBickfords Iced Coffee Vanilla Syrup | 500mL,Bickfords Iced Coffee Vanilla Syrup | 500mL,Bickfords,Drinks,Flavoured Milk,Drinks & Powders,,$7.00,,,$1.40 per 100mL,6141661,"Discover the joy of our signature iced coffee flavour blended with smooth, creamy vanilla for the ultimate indulgence. A new tradition made your way.",,,"Per 100g/ml
Per Serving
%DI
Energy
857kJ
171kJ
Protein
0.3g
0.1g
Total Fat
0g
0g
Saturated Fat
0g
0g
Carbohydrate
50.3g
10.1g
Sugars
45g
9g
Sodium
5mg
1mg
Monounsaturated
0g
0g
Dietary Fibre (total)
0g
0g
Polyunsaturated
0g
0g
Trans
0g
0g
Caffeine
78mg
16mg
* Percentage Daily Intakes are based on an average adult diet of 8700 kJ. Your daily intakes may be higher or lower depending on your energy needs.",,https://www.coles.com.au/product/bickfords-iced-coffee-vanilla-syrup-500ml-6141661,,,2024-06-16T10:37:26.354869-04:00
Ind54SColes_ADrinks_SAFlavoured Milk_IOvaltine Drink Light Break | 400g,Ovaltine Drink Light Break | 400g,Ovaltine,Drinks,Flavoured Milk,Drinks & Powders,,$6.50,,$8.50,$1.63 per 100g,4723826,,,,,,https://www.coles.com.au/product/ovaltine-drink-light-break-400g-4723826,,,2024-06-16T10:37:35.490225-04:00
Ind54SColes_ADrinks_SAFlavoured Milk_IUncle Tobys Goodness Shake Mixed Berry | 140g,Uncle Tobys Goodness Shake Mixed Berry | 140g,Uncle Tobys,Drinks,Flavoured Milk,Drinks & Powders,,$11.00,,,$7.86 per 100g,7757471,"Every UNCLE TOBYS Goodness Shake is made with a mouth-watering combination of milk, oats and fruit. UNCLE TOBYS Goodness Shakes is a great addition to a healthy and varied diet and an awesome way to start your day. When made with the goodness of Lite Milk, every UNCLE TOBYs Goodness Shake is high in protein to help you feel fuller, has fibre to support digestive health and is 40% of your daily calcium intake.Make your UNCLE TOBYS Goodness Shake in three easy steps:1. Take 4 heaped teaspoons (20gs) and place into a shaker.2. Add in 200ml of cold Lite Milk (Reduced Fat) and shake well.3. Enjoy your UNCLE TOBYS Goodness Shake.Make it your own way:Blend it up with your favourite fruits yogurt, dash of honey or vanilla to make your own perfect shaker.For family goodness blend healthy greens and vegetables into your UNCLE TOBYS Goodness Shake to please even the pickiest of eaters.",,,"Per 100g/ml
Per Serving
%DI
Energy
1330 kJ
270 kJ
Protein
25.6 g
5.1 g
Total Fat
1.4 g
Saturated Fat
1 g
1 g
Carbohydrate
60.8 g
12.2 g
Sugars
29.3 g
5.9 g
Calcium
750 mg
150 mg
Sodium
245 mg
49 mg
Dietary Fibre (total)
12.6 g
2.5 g
* Percentage Daily Intakes are based on an average adult diet of 8700 kJ. Your daily intakes may be higher or lower depending on your energy needs.",,https://www.coles.com.au/product/uncle-tobys-goodness-shake-mixed-berry-140g-7757471,,,2024-06-16T10:37:48.670943-04:00
Ind54SColes_ADrinks_SA_IAvalanche Drinking Chocolate | 200g,Avalanche Drinking Chocolate | 200g,Avalanche,Drinks,,,,$3.00,,$4.80,$1.50 per 100g,2445551,"Kick back and melt into our 99% Sugar-Free Drinking Chocolate.It all about balance Wickedly decadent Drinking Chocolate, but guilt-free because of its 99% Sugar-Free.",,,,"Erythritol , Cocoa (Soy Lecithin), Natural Flavour, Stevia Extract, Salt.",https://www.coles.com.au/product/avalanche-drinking-chocolate-200g-2445551,,,2024-06-16T10:37:58.595155-04:00
Ind54SColes_ADrinks_SAMilk_IBoss Iced Latte Coffee | 237mL,Boss Iced Latte Coffee | 237mL,Boss,Drinks,Milk,Milk flavoured,,$3.50,,$4.00,$14.77 per 1L,3762673,"We have finally brought Suntory BOSS Coffee to Australia and New Zealand, and with it, our uniquely Japanese brewing process, ""Flash Brew"". These products may be somewhat new to Australia and New Zealand, but originate from a storied 25-year-long-long legacy of masterful expertise.",,,"Per 100g/ml
Per Serving
%DI
Energy
92kJ
218kJ
3%
Protein
<1g
1.4g
3%
Total Fat
<1g
1.2g
2%
Saturated Fat
<1g
<1g
2%
Carbohydrate
3.8g
9.0g
3%
Sugars
2.7g
6.3g
7%
Sodium
49mg
115mg
5%
Energy (Cal)
22kcal
52kcal
* Percentage Daily Intakes are based on an average adult diet of 8700 kJ. Your daily intakes may be higher or lower depending on your energy needs.",,https://www.coles.com.au/product/boss-iced-latte-coffee-237ml-3762673,,,2024-06-16T10:38:10.799304-04:00
Ind54SColes_ADrinks_SAMilk_IBoss Caramel Coffee | 237mL,Boss Caramel Coffee | 237mL,Boss,Drinks,Milk,Milk flavoured,,$3.50,,$4.00,$14.77 per 1L,5648045,"Suntory Boss Coffee Iced Caramel Latte is a flash brew that can be brewed hot and chilled fast. No. 1 canned coffee in Japan (No. 1 canned coffee brand in Japan 2020, intage).",,,"Per 100g/ml
Per Serving
%DI
Energy
163kJ
387kJ
4%
Protein
1.2g
2.8g
6%
Total Fat
1.1g
2.6g
4%
Saturated Fat
Less than 1g
1.4g
6%
Carbohydrate
6.0g
14.2g
5%
Sugars
5.0g
11.8g
13%
Sodium
54mg
130mg
6%
Energy (Cal)
39.0Cal
92.4Cal
* Percentage Daily Intakes are based on an average adult diet of 8700 kJ. Your daily intakes may be higher or lower depending on your energy needs.","Brewed Coffee, Water, Milk, Sugar, Milk Solids, Coffee Extract, Cream (Milk), Acidity Regulator (500), Sodium Caseinate (Milk), Emulsifier (473), Flavours (Wheat, Soy).",https://www.coles.com.au/product/boss-caramel-coffee-237ml-5648045,,,2024-06-16T10:38:21.991420-04:00
Ind54SColes_ADrinks_SALong Life-Milk_IAustralias Own Chocolate Kids Milk 200mL | 6 pack,Australias Own Chocolate Kids Milk 200mL | 6 pack,Australias Own,Drinks,Long Life-Milk,Long-Life Flavoured Milk,,$4.90,,$6.20,$4.08 per 1L,4311363,"Proudly to be the Winner in the 2024 Healthy Food Guide Lunchbox Awards Australia.

This delicious Kid's Milk contains 7 nutrients found naturally in dairy milk. It's also a good source of calcium for strong healthy bones and contains protein for healthy growing muscles. More reason to love this tasty chocolate drink!
Source of Protein

Good Source of Calcium

No artificial colours, flavours or preservatives

Proudly Australian made & owned",,,"Per 100g/ml
Per Serving
%DI
Energy
246
492
6
Protein
3.3
6.6
13
Total Fat
1.0
2.0
3
Saturated Fat
0.7
1.4
6
Carbohydrate
8.9
17.8
6
Sugars
8.8
17.6
20
Vitamin B2
0.2mg
0.4mg
24%RDI
Vitamin B3
0.54mg
1.08mg
11%RDI
Calcium
120mg
240mg
30%RDI
Vitamin B12
0.57ug
1.14ug
57%RDI
Sodium
42mg
84mg
4
Energy (Cal)
118
Iodine
26mg
52mg
35%RDI
* Percentage Daily Intakes are based on an average adult diet of 8700 kJ. Your daily intakes may be higher or lower depending on your energy needs.",,https://www.coles.com.au/product/australias-own-chocolate-kids-milk-200ml-6-pack-4311363,,,2024-06-16T10:38:33.991970-04:00
Ind54SColes_ADrinks_SAFlavoured Milk_ISustagen Dutch Chocolate Powder | 550g,Sustagen Dutch Chocolate Powder | 550g,Sustagen,Drinks,Flavoured Milk,Drinks & Powders,,$8.40,,$10.50,$1.53 per 100g,3738920,"SUSTAGEN Everyday is a nutritious supplement that provides your body the key nutrients it needs to support an active lifestyle and low GI# for sustained energy to take on the day.

SUSTAGEN Everyday is a great way to start your morning or ideal for a mid-afternoon snack. Simply mix 3 teaspoons with reduced fat milk or whole milk (depending on taste) for a nutrient packed boost of protein plus 14 key vitamins and minerals, including more than a third of daily calcium* needs to support strong bones. Plus, it's low in fat#!

SUSTAGEN Everyday comes in two great flavours:
- Dutch Chocolate flavour
- Vanilla flavour.

# When made up with water. Glycemic Index = 33 (Chocolate flavour), 35 (Vanilla flavour)
* Percentage daily intakes are based on the average adult diet of 8700 kJ. Your daily intakes may be higher or lower depending on your energy needs.

SUSTAGEN Everyday is a Formulated Supplementary Foods which can be of assistance where dietary intakes of nutrients and energy may not be adequate. Consume as part of a varied and balanced diet and healthy lifestyle.
14 Vitamins & Minerals for a nutritional boost

Low GI - for sustained energy

Low in fat - when made up with reduced fat milk",,,"Per 100g/ml
Per Serving
%DI
Energy
1580 kJ
237 kJ
7%
Protein
20 g
3 g
19%
Total Fat
1.5 g
4%
Saturated Fat
0.8 g
0.12 g
7%
Carbohydrate
71 g
10.7 g
6%
Sugars
55 g
8.3 g
20%
Folic Acid
670 ug
100 ug
Vitamin B1
1.6 mg
23%
Vitamin B2
1.0 mg
30%
Vitamin B3
20 mg
40%
Calcium
600 mg
90 mg
38%
Iron
22 mg
3.3 mg
28%
Vitamin B12
6.6 ug
50%
Zinc
14.5 mg
2.2 mg
24%
Vitamin A
760 ug
19%
Sodium
200 mg
30 mg
4%
Vitamin E
18 mg
2.7 mg
28%
Vitamin C
60 mg
9 mg
23%
Energy (Cal)
378 Cal
Potassium
800 mg
* Percentage Daily Intakes are based on an average adult diet of 8700 kJ. Your daily intakes may be higher or lower depending on your energy needs.",,https://www.coles.com.au/product/sustagen-dutch-chocolate-powder-550g-3738920,,,2024-06-16T10:38:45.132944-04:00
Ind54SColes_ADrinks_SAFlavoured Milk_IUncle Tobys Goodness Shake Mango | 140g,Uncle Tobys Goodness Shake Mango | 140g,Uncle Tobys,Drinks,Flavoured Milk,Drinks & Powders,,$11.00,,,$7.86 per 100g,7757482,"Every UNCLE TOBYS Goodness Shake is made with a mouth-watering combination of milk, oats and fruit. UNCLE TOBYS Goodness Shakes is a great addition to a healthy and varied diet and an awesome way to start your day. When made with the goodness of Lite Milk, every UNCLE TOBYs Goodness Shake is high in protein to help you feel fuller, has fibre to support digestive health and is 40% of your daily calcium intake.Make your UNCLE TOBYS Goodness Shake in three easy steps:1. Take 4 heaped teaspoons (20gs) and place into a shaker.2. Add in 200ml of cold Lite Milk (Reduced Fat) and shake well.3. Enjoy your UNCLE TOBYS Goodness Shake.Make it your own way:Blend it up with your favourite fruits yogurt, dash of honey or vanilla to make your own perfect shaker.For family goodness blend healthy greens and vegetables into your UNCLE TOBYS Goodness Shake to please even the pickiest of eaters.",,,"Per 100g/ml
Per Serving
%DI
Energy
1340 kJ
270 kJ
Protein
25.6 g
5.1 g
Total Fat
1.6 g
Saturated Fat
1 g
1 g
Carbohydrate
62.4 g
12.5 g
Sugars
29.2 g
5.8 g
Calcium
750 mg
150 mg
Sodium
235 mg
47 mg
Dietary Fibre (total)
13.1 g
2.6 g
* Percentage Daily Intakes are based on an average adult diet of 8700 kJ. Your daily intakes may be higher or lower depending on your energy needs.",,https://www.coles.com.au/product/uncle-tobys-goodness-shake-mango-140g-7757482,,,2024-06-16T10:38:55.915103-04:00
Ind54SColes_ADrinks_SABeverages_IPana Organics Hot Chocolate | 200g,Pana Organics Hot Chocolate | 200g,Pana Organics,Drinks,Beverages,Milk & milk additives,,$7.50,,,"$3.75 per 100g
Was $9.00 on Apr 2024",5056024,"Treat yourself to a steaming mug of dark and decadent chocolate. Relish in sweet toffee notes of Columbian panela sugar and hints of malt, spice, and almonds. Tastes like a warm hug, only more intoxicating.",,,"Per 100g/ml
Per Serving
%DI
Energy
1730kJ
260kJ
Protein
12g
1.8g
Total Fat
10.5g
1.6g
Saturated Fat
6.4g
1g
Carbohydrate
68g
10.2g
Sugars
44.3g
6.6g
Sodium
44mg
7mg
* Percentage Daily Intakes are based on an average adult diet of 8700 kJ. Your daily intakes may be higher or lower depending on your energy needs.",,https://www.coles.com.au/product/pana-organics-hot-chocolate-200g-5056024,,,2024-06-16T10:39:06.804557-04:00
Ind54SColes_ADrinks_SAFlavoured Milk_ICadbury Instant Hot Chocolate 6 pack | 150g,Cadbury Instant Hot Chocolate 6 pack | 150g,Cadbury,Drinks,Flavoured Milk,Drinks & Powders,,$6.00,100 Bonus Points,,$4.00 per 100g,3531794,"Empty the contents of the sachet (25G) in a mug. Add 200ml of hot water, stir well. 
 Also delicious with PASCALL marshmallows or CADBURY FLAKE crumbled on top.",,,,,https://www.coles.com.au/product/cadbury-instant-hot-chocolate-6-pack-150g-3531794,,,2024-06-16T10:39:15.840244-04:00
Ind54SColes_ADrinks_SAFlavoured Milk_INestle Nesquik Chocolate Flavoured Milk Drink | 500g,Nestle Nesquik Chocolate Flavoured Milk Drink | 500g,Nestle,Drinks,Flavoured Milk,Drinks & Powders,,$5.35,,,$1.07 per 100g,116107,"NESQUIK Chocolate is a delicious flavoured milk drink that wakes up your milk without artificial colours or flavours. NESQUIK Chocolate flavoured powder is made with natural cocoa that has been sustainably farmed. Simply add 2-heaped teaspoons of NESQUIK to a glass of cold or hot reduced fat milk to create a tasty chocolate flavoured kids milk drink. Adding milk to NESQUIK provides a good source of calcium essential for building strong bones and teeth in growing children. Enjoy with breakfast, after school or as a hot chocolately drink after dinner. Contains 45 serves of chocolate flavoured milk fun.",,,"Per 100g/ml
Per Serving
%DI
Energy
1730kJ
190kJ
Protein
4.8g
0.5g
Total Fat
3.2g
0.4g
Saturated Fat
1.7g
0.2g
Carbohydrate
90.3g
9.9g
Sugars
80g
8.8g
Sodium
<1mg
<1mg
* Percentage Daily Intakes are based on an average adult diet of 8700 kJ. Your daily intakes may be higher or lower depending on your energy needs.",,https://www.coles.com.au/product/nestle-nesquik-chocolate-flavoured-milk-drink-500g-116107,,,2024-06-16T10:39:26.773934-04:00
Ind54SColes_ADrinks_SAFlavoured Milk_IStarbucks Signature Hot Chocolate 42% Cocoa | 330g,Starbucks Signature Hot Chocolate 42% Cocoa | 330g,Starbucks,Drinks,Flavoured Milk,Drinks & Powders,,$8.60,,,$2.61 per 100g,5038645,"Melt into a luscious cup of STARBUCKS Signature Chocolate 42% Cocoa Powder to round off your evening. Inspired by the STARBUCKS Hot Chocolate you love, we've crafted this velvety and smooth chocolate powder for you to prepare at home. Our selected cocoa powder delivers a velvety and smooth chocolate taste. Simply stir with warm milk for the ultimate hot chocolate experience. Enjoy your STARBUCKS favourites at home. Preparation:1. Add 200ml of warm semi skimmed milk per cup.2. Add 5 tsp of STARBUCKS Signature Chocolate 42% Cocoa Powder.3. Stir well, sit back and enjoy your homemade hot chocolate.- STARBUCKS Signature Chocolate 42% Cocoa Powder with velvety and smooth notes- Inspired by the STARBUCKS Hot Chocolate you enjoy in STARBUCKS coffee shops- Crafted with high quality 42% cocoa powder- 15 servings per tin- Enjoy your STARBUCKS favourites at home- Committed to 100% sustainably sourced cocoa, certified by the Rainforest AllianceSTARBUCKS and the Starbucks logo are used under license by NESTLE.",,,"Per 100g/ml
Per Serving
%DI
Energy
1640 kJ
360 kJ
Protein
8.6 g
1.9 g
Total Fat
8.9 g
2 g
Saturated Fat
4.6 g
1 g
Carbohydrate
62.3 g
13.7 g
Sugars
57.2 g
12.6 g
Sodium
66 mg
15 mg
Dietary Fibre (total)
12.4 g
2.7 g
* Percentage Daily Intakes are based on an average adult diet of 8700 kJ. Your daily intakes may be higher or lower depending on your energy needs.",,https://www.coles.com.au/product/starbucks-signature-hot-chocolate-42percent-cocoa-330g-5038645,,,2024-06-16T10:39:37.572984-04:00
Ind54SColes_ADrinks_SAFlavoured Milk_IColes Ultimate Hot Chocolate | 200g,Coles Ultimate Hot Chocolate | 200g,Coles,Drinks,Flavoured Milk,Drinks & Powders,,$5.50,,,$2.75 per 100g,6822670,"Decadent, generous ingredients and extreme deliciousness. Coles ULTIMATE is all about creating the best tasting experience with mouth-watering flavour, here to surprise and delight your taste buds.",,,"Per 100g/ml
Per Serving
%DI
Energy
408.40
816.80
Protein
3.38
6.76
Total Fat
4.1
8.2
12
Saturated Fat
2.7
5.5
23
Carbohydrate
11.43
22.86
Sugars
10.98
21.96
Saturated
2.74
5.47
Sodium
34.20
68.40
Energy (Cal)
97.70
195.41
Fat
4.11
8.22
Dietary Fibre (total)
5.70
1.14
Gluten
0.00
0.00
Trans
0.09
0.17
trans
LESS THAN 0.1g
LESS THAN 1g
* Percentage Daily Intakes are based on an average adult diet of 8700 kJ. Your daily intakes may be higher or lower depending on your energy needs.",,https://www.coles.com.au/product/coles-ultimate-hot-chocolate-200g-6822670,,,2024-06-16T10:39:48.376990-04:00
Ind54SColes_ADrinks_SAFlavoured Milk_IOvaltine Sleep Calming Chocolate | 400g,Ovaltine Sleep Calming Chocolate | 400g,Ovaltine,Drinks,Flavoured Milk,Drinks & Powders,,$7.50,,$13.50,$1.88 per 100g,6187276,,,,,,https://www.coles.com.au/product/ovaltine-sleep-calming-chocolate-400g-6187276,,,2024-06-16T10:39:57.146590-04:00
Ind54SColes_ADrinks_SAFlavoured Milk_IColes Chocolate Malt Energy Drink | 450g,Coles Chocolate Malt Energy Drink | 450g,Coles,Drinks,Flavoured Milk,Drinks & Powders,,$4.50,,,$1.00 per 100g,3160171,Coles Chocolate Malt Energy Drink 450 gram a great tasting drink add 3 to 4 teaspoons in a mug and add 200 ml of cold or hot milk,,,"Per 100g/ml
Per Serving
%DI
Energy
1866.40
373.28
Protein
6.60
1.32
Total Fat
11.70
2.34
Carbohydrate
75.70
15.14
Sugars
44.00
8.80
Calcium
320.00
64.00
Saturated
6.50
1.30
Phosphorus
258.00
51.60
Iron
7.10
1.42
Vitamin B12
1.90
0.38
Niacin (Vitamin B3)
11.90
2.38
Vitamin A
368.00
73.60
Vitamin D
19.30
3.86
Sodium
147.00
29.40
Vitamin E
10.20
2.04
Vitamin C
22.50
4.50
Energy (Cal)
446.51
89.30
Thiamin (Vitamin B1)
1.20
0.24
Dietary Fibre (total)
4.30
0.86
Riboflavin (Vitamin B2)
1.70
0.34
Vitamin B6
2.60
0.52
* Percentage Daily Intakes are based on an average adult diet of 8700 kJ. Your daily intakes may be higher or lower depending on your energy needs.","INGREDIENTS: Barley Malt Extract (35%), Sugar, Cocoa Powder (13%), Maltodextrin, Milk Solids (Full Cream Milk Powder), Palm Oil, Minerals (341, 504, Ferric Diphosphate), Vegetable Emulsifier (471), Vitamin Premix (300, Vitamin E Acetate, Niacinamide, Vitamin D, Vitamin A Acetate, Pyridoxine Hydrochloride, Riboflavin, Thiamin, Cholecalciferol, Cyanocobalamin), Raising Agent (500), Acidity Regulator (339).",https://www.coles.com.au/product/coles-chocolate-malt-energy-drink-450g-3160171,,,2024-06-16T10:40:08.080479-04:00
Ind54SColes_ADrinks_SALong Life-Milk_INippy's Coffee Flavoured Multipack Long Life Milk 375mL | 4 pack,Nippy's Coffee Flavoured Multipack Long Life Milk 375mL | 4 pack,Nippys,Drinks,Long Life-Milk,Long-Life Flavoured Milk,,$8.40,,,$5.60 per 1L,2412213,"This product is high in calcium. Diets high in calcium enhance bones and mineral density.
Made using reduced fat milk with 25% less fat than full cream milk.",,,"Per 100g/ml
Per Serving
%DI
Energy
266kJ
998kJ
Protein
3.2g
12g
Total Fat
1.9g
7.1g
Saturated Fat
1.3g
4.9g
Carbohydrate
8.4g
31.5g
Sugars
8g
30g
Calcium
108mg
405mg
Sodium
38mg
143mg
Potassium
149mg
559mg
* Percentage Daily Intakes are based on an average adult diet of 8700 kJ. Your daily intakes may be higher or lower depending on your energy needs.",,https://www.coles.com.au/product/nippy's-coffee-flavoured-multipack-long-life-milk-375ml-4-pack-2412213,,,2024-06-16T10:40:19.430575-04:00
Ind54SColes_ADrinks_SAFlavoured Milk_ILindt Hot Chocolate Flake Milk Tin | 210g,Lindt Hot Chocolate Flake Milk Tin | 210g,Lindt,Drinks,Flavoured Milk,Drinks & Powders,,$10.00,,,$4.76 per 100g,6934039,"Melt as you indulge in the signature taste of a rich creamy hot chocolate from Lindt - Experience your very own real hot chocolate in a matter of minutes with Lindt's hot chocolate flakes.
Created by Lindt's Master Chocolatiers from the world's finest chocolate - Lindt.

Ideal for making hot chocolate, ice chocolate or decorating a dessert.",,,"Per 100g/ml
Per Serving
%DI
Energy
2420kJ
726kJ
Protein
6.0g
1.8g
Total Fat
40.0g
12.0g
Saturated Fat
25.0g
7.5g
Carbohydrate
49.0g
14.7g
Sugars
43.0g
12.9g
Sodium
85mg
26mg
* Percentage Daily Intakes are based on an average adult diet of 8700 kJ. Your daily intakes may be higher or lower depending on your energy needs.",,https://www.coles.com.au/product/lindt-hot-chocolate-flake-milk-tin-210g-6934039,,,2024-06-16T10:40:30.388267-04:00
Ind54SColes_ADrinks_SAFlavoured Milk_IMilo Chocolate Malt Powder Softpack Refill Hot Or Cold Drink | 650g,Milo Chocolate Malt Powder Softpack Refill Hot Or Cold Drink | 650g,Milo,Drinks,Flavoured Milk,Drinks & Powders,,$9.50,,,$1.46 per 100g,6276591,"Nestle MILO is loved by Aussies! MILO is a low GI choc-malt powder drink, which gives kids who need a nutritional boost the nourishing energy they need to take on the day. Simply add 3 heaped teaspoons of MILO to a glass of warm or cold skim milk for a delicious choc malt flavoured milk drink. It's made from four main ingredients: milk powder, malt barley, sugar and cocoa with 9 essential vitamins and minerals. Perfect for all seasons!If you're looking for a plant based alternative, try our delicious MILO Plant Based 395g.",,,"Per 100g/ml
Per Serving
%DI
Energy
1610 kJ
320 kJ
Protein
12.3 g
2.5 g
Total Fat
9.7 g
1.9 g
Saturated Fat
6.3 g
1.3 g
Carbohydrate
59.5 g
11.9 g
Sugars
43.6 g
8.8 g
Vitamin D
13.5 ug
2.7 ug
Calcium
830 mg
170 mg
Sodium
140 mg
28 mg
Vitamin C
44 mg
9 mg
Dietary Fibre (total)
4.1 g
0.8 g
Iron
18 mg
3.6 mg
* Percentage Daily Intakes are based on an average adult diet of 8700 kJ. Your daily intakes may be higher or lower depending on your energy needs.",,https://www.coles.com.au/product/milo-chocolate-malt-powder-softpack-refill-hot-or-cold-drink-650g-6276591,,,2024-06-16T10:40:41.364438-04:00
Ind54SColes_ADrinks_SA_INippy's Chocolate Flavoured Multipack Long Life Milk 375mL | 4 pack,Nippy's Chocolate Flavoured Multipack Long Life Milk 375mL | 4 pack,Nippys,Drinks,,,,$8.40,,,$5.60 per 1L,2412202,"This product is high in calcium. Diets high in calcium enhance bones and mineral density.
Made using reduced fat milk with 25% less fat than full cream milk.",,,"Per 100g/ml
Per Serving
%DI
Energy
302kJ
1130kJ
Protein
3.5g
13.1g
Total Fat
2.2g
8.3g
Saturated Fat
1.5g
5.6g
Carbohydrate
9.5g
35.6g
Sugars
8.7g
32.6g
Calcium
120mg
450mg
Sodium
45mg
169mg
Potassium
183mg
686mg
* Percentage Daily Intakes are based on an average adult diet of 8700 kJ. Your daily intakes may be higher or lower depending on your energy needs.",,https://www.coles.com.au/product/nippy's-chocolate-flavoured-multipack-long-life-milk-375ml-4-pack-2412202,,,2024-06-16T10:40:54.146833-04:00
Ind54SColes_ADrinks_SAFlavoured Milk_IAvalanche 99% Sugar Free Salted Caramel Drinking Mix 10 pack | 200g,Avalanche 99% Sugar Free Salted Caramel Drinking Mix 10 pack | 200g,Avalanche,Drinks,Flavoured Milk,Drinks & Powders,,$5.50,,,$2.75 per 100g,5101640,AVALANCHE 99% SUGAR FREE SALTED CARAMEL DRINKING MIX 10PACK,,,,,https://www.coles.com.au/product/avalanche-99percent-sugar-free-salted-caramel-drinking-mix-10-pack-200g-5101640,,,2024-06-16T10:41:03.288674-04:00
Ind54SColes_ADrinks_SAFlavoured Milk_ISustagen Vanilla Powder | 550g,Sustagen Vanilla Powder | 550g,Sustagen,Drinks,Flavoured Milk,Drinks & Powders,,$8.40,,$10.50,$1.53 per 100g,3738930,"Add an everyday nutrition top-up into your diet for extra sustenance. A great tasting nutritional supplement that provides your body with 14 key vitamins and minerals to support healthy, active lifestyles with the added benefit of low GI for sustained energy. Nourishing and delicious to drink  make it your staple for an added nutritional boost to sustain you throughout the day.",,,"Per 100g/ml
Per Serving
%DI
Energy
1540kJ
232kJ
Protein
20g
3g
Total Fat
0.6g
0.1g
Saturated Fat
0.3g
0.05g
Carbohydrate
71g
10.7g
Sugars
55g
8.3g
Folic Acid
670ug
100ug
Vitamin B1
1.6ug
0.24ug
Vitamin B2
1ug
0.15ug
Vitamin B3
20ug
3ug
Calcium
600mg
90mg
Iron
22mg
3.3mg
Vitamin B12
6.6ug
1ug
Zinc
14.5mg
2.2mg
Vitamin A
760ug
114ug
Sodium
200mg
30mg
Vitamin E
18mg
2.7mg
Vitamin C
60mg
9mg
Potassium
800mg
120mg
* Percentage Daily Intakes are based on an average adult diet of 8700 kJ. Your daily intakes may be higher or lower depending on your energy needs.",,https://www.coles.com.au/product/sustagen-vanilla-powder-550g-3738930,,,2024-06-16T10:41:14.312440-04:00
Ind54SColes_ADrinks_SALong Life-Milk_IOak Uht Flavoured Miilk Chocolate 6x200mL | 6 pack,Oak Uht Flavoured Miilk Chocolate 6x200mL | 6 pack,Oak,Drinks,Long Life-Milk,Long-Life Flavoured Milk,,$6.50,,$7.50,$5.42 per 1L,7749815,"OAK really hits the spot when you're hungrythirsty. With over 50 years' experience and a choice of creamy and authentic flavours, OAK is always the answer.
Source of protein

High in calcium",,,"Per 100g/ml
Per Serving
%DI
Energy
360 kJ
720 kJ
Protein
3.6 g
7.2 g
Total Fat
2.0 g
4.0 g
Saturated Fat
1.3 g
2.6 g
Carbohydrate
13.1 g
26.2 g
Sugars
12.2 g
24.2 g
Calcium
115 mg
230 mg
29%
Sodium
51 mg
102 mg
* Percentage Daily Intakes are based on an average adult diet of 8700 kJ. Your daily intakes may be higher or lower depending on your energy needs.",,https://www.coles.com.au/product/oak-uht-flavoured-miilk-chocolate-6x200ml-6-pack-7749815,,,2024-06-16T10:41:25.417703-04:00
Ind54SColes_ADrinks_SAMilk_IRokeby Farms Protein Smoothie Vanilla Wafer | 425mL,Rokeby Farms Protein Smoothie Vanilla Wafer | 425mL,Rokeby Farms,Drinks,Milk,Milk flavoured,,$4.65,,,$10.94 per 1L,6248519,"A rich vanilla smoothie with a hint of crispy wafer and no added sugar.
Made with fresh cold-filtered milk and naturally contains 30 grams of farm-fresh protein.",,,"Per 100g/ml
Per Serving
%DI
Energy
238kJ
1012kJ
Protein
7.1g
30g
Total Fat
1.5g
6.4g
Saturated Fat
1.1g
4.7g
Carbohydrate
4.3g
18.3g
Sugars
3.9g
16.6g
Lactose
0.5g
2.1g
Calcium
196mg
833mg
Sodium
26mg
111mg
* Percentage Daily Intakes are based on an average adult diet of 8700 kJ. Your daily intakes may be higher or lower depending on your energy needs.",,https://www.coles.com.au/product/rokeby-farms-protein-smoothie-vanilla-wafer-425ml-6248519,,,2024-06-16T10:41:36.296216-04:00
Ind54SColes_ADrinks_SAFlavoured Milk_IJarrah Hot Chocolate Bulk | 322g,Jarrah Hot Chocolate Bulk | 322g,Jarrah,Drinks,Flavoured Milk,Drinks & Powders,,$8.50,,,$2.64 per 100g,7868213,,,,,,https://www.coles.com.au/product/jarrah-hot-chocolate-bulk-322g-7868213,,,2024-06-16T10:41:45.008828-04:00
Ind54SColes_ADrinks_SAFlavoured Milk_IBickfords Iced Caramel Coffee Syrup | 500mL,Bickfords Iced Caramel Coffee Syrup | 500mL,Bickfords,Drinks,Flavoured Milk,Drinks & Powders,,$7.00,,,$1.40 per 100mL,5050957,"Discover the joy of using our signature iced coffee flavour blended with deep, luscious caramel for the ultimate indulgence. A new tradition made your way.",,,"Per 100g/ml
Per Serving
%DI
Energy
857kJ
171kJ
Protein
0.3g
0.1g
Total Fat
0g
0.1g
Saturated Fat
0g
0g
Carbohydrate
50.3g
10.1g
Sugars
45g
9g
Sodium
5mg
1mg
Monounsaturated
0g
0g
Dietary Fibre (total)
0g
0g
Polyunsaturated
0g
0g
Trans
0g
0g
Caffeine
78mg
16mg
* Percentage Daily Intakes are based on an average adult diet of 8700 kJ. Your daily intakes may be higher or lower depending on your energy needs.",,https://www.coles.com.au/product/bickfords-iced-caramel-coffee-syrup-500ml-5050957,,,2024-06-16T10:41:55.728933-04:00
Ind54SColes_ADrinks_SALong Life-Milk_IOak Uht Flavoured Milk Strawberry 6x200mL | 6 pack,Oak Uht Flavoured Milk Strawberry 6x200mL | 6 pack,Oak,Drinks,Long Life-Milk,Long-Life Flavoured Milk,,$6.50,,$7.50,$5.42 per 1L,7749564,"OAK really hits the spot when you're hungrythirsty. With over 50 years' experience and a choice of creamy and authentic flavours, OAK is always the answer.
Source of protein

High in calcium",,,"Per 100g/ml
Per Serving
%DI
Energy
308 kJ
616 kJ
Protein
3.3 g
6.6 g
Total Fat
2.0 g
4.0 g
Saturated Fat
1.3 g
2.6 g
Carbohydrate
10.5 g
21.0 g
Sugars
10.5 g
21.0 g
Calcium
113 mg
226 mg
28%
Sodium
45 mg
90 mg
* Percentage Daily Intakes are based on an average adult diet of 8700 kJ. Your daily intakes may be higher or lower depending on your energy needs.",,https://www.coles.com.au/product/oak-uht-flavoured-milk-strawberry-6x200ml-6-pack-7749564,,,2024-06-16T10:42:07.711273-04:00
Ind54SColes_ADrinks_SAFlavoured Milk_IBickford's Iced Coffee Syrup | 500mL,Bickford's Iced Coffee Syrup | 500mL,Bickfords,Drinks,Flavoured Milk,Drinks & Powders,,$7.00,,,$1.40 per 100mL,3935829,"Originally made under the 'Our Jack' brand, our coffee syrup has been a piece of Bickford's history since 1919. The distinctive blend of arabica & robusta beans blended with our signature flourish of chicory, is a tradition passed down through generations, that's simply made to enjoy.",,,"Per 100g/ml
Per Serving
%DI
Energy
952kJ
190kJ
Protein
<1g
<1g
Total Fat
<1g
<1g
Saturated Fat
<1g
<1g
Carbohydrate
56g
11g
Sugars
50g
10g
Sodium
42mg
8mg
Monounsaturated
0g
0g
Dietary Fibre (total)
0g
0g
Polyunsaturated
0g
0g
Trans
0g
0g
Caffeine
78mg
16mg
* Percentage Daily Intakes are based on an average adult diet of 8700 kJ. Your daily intakes may be higher or lower depending on your energy needs.",,https://www.coles.com.au/product/bickford's-iced-coffee-syrup-500ml-3935829,,,2024-06-16T10:42:18.648763-04:00
Ind54SColes_ADrinks_SAFlavoured Milk_INestle Aero Hot Chocolate 10 Pack | 185g,Nestle Aero Hot Chocolate 10 Pack | 185g,Nestle,Drinks,Flavoured Milk,Drinks & Powders,,$7.00,,,$3.78 per 100g,3735400,"Indulge yourself in the flavour of a confectionery classic with Aero Hot Choc, a delicious bubbly, chocolatey hot choc inspired by Aero. Prepared with the goodness of milk, this drinking chocolate goes down a treat. Feel the bubbles, taste the chocolate!",,,"Per 100g/ml
Per Serving
%DI
Energy
1510 kJ
280 kJ
Protein
6.6 g
1.2 g
Total Fat
1.2 g
Less than 1 g
Saturated Fat
1 g
1 g
Carbohydrate
87.7 g
16.2 g
Sugars
68.9 g
12.7 g
Sodium
370 mg
68 mg
* Percentage Daily Intakes are based on an average adult diet of 8700 kJ. Your daily intakes may be higher or lower depending on your energy needs.","Sachet: Sugar, Milk Solids, Cocoa# (10%), Glucose Syrup, Flavours, Thickeners (466, 415), Vegetable Oil. #Rainforest Alliance Certified Contains Milk",https://www.coles.com.au/product/nestle-aero-hot-chocolate-10-pack-185g-3735400,,,2024-06-16T10:42:29.546752-04:00
Ind54SColes_ADrinks_SAMilk_IRokeby Farms Smoothie Dutch Chocolate | 425mL,Rokeby Farms Smoothie Dutch Chocolate | 425mL,Rokeby Farms,Drinks,Milk,Milk flavoured,,$4.65,,,$10.94 per 1L,1944192,"A 'whole protein' provides all nine essential amino acids which your body needs but can't produce on its own, so it must be supplied daily from food.
Protein is essential for the building and recovery of muscle tissue and organs. Research has also shown that eating a protein-rich breakfast can help stimulate and sustain a feeling of fullness and set the tone for your day.
Loaded with real cocoa for natural chocolate goodness.
High protein
High calcium
Fresh milk
Low fat
Low lactose
No powders or soy
For our full range of products & more, visit our website www.rokebyfarms.com.au and follow us @rokebyfarms",,,"Per 100g/ml
Per Serving
%DI
Energy
282kJ
1200kJ
Protein
7.1g
30g
Total Fat
1.5g
6.4g
Saturated Fat
1.1g
4.7g
Carbohydrate
6.4g
27.2g
Sugars
5.9g
25.1g
Lactose
0.5g
2.1g
Calcium
196mg
833mg
Sodium
25mg
106mg
Galactose
0.8g
3.4g
* Percentage Daily Intakes are based on an average adult diet of 8700 kJ. Your daily intakes may be higher or lower depending on your energy needs.",,https://www.coles.com.au/product/rokeby-farms-smoothie-dutch-chocolate-425ml-1944192,,,2024-06-16T10:42:40.302917-04:00
Ind54SColes_ADrinks_SAFlavoured Milk_IAvalanche Sugarfree Drinking Sachets Chocolate 10 Pack | 200g,Avalanche Sugarfree Drinking Sachets Chocolate 10 Pack | 200g,Avalanche,Drinks,Flavoured Milk,Drinks & Powders,,$5.50,,,$2.75 per 100g,3180521,"Avalanche 99% Sugar Free Drinking Chocolate 10 pk. Kick back and melt into our 99% Sugar-Free Drinking Chocolate. It all about balance Wickedly decadent Drinking Chocolate, but guilt-free because of its 99% Sugar-Free.",,,,"Natural Sweeteners (Erythritol, Stevia), Cocoa Powder (17%), Glucose Syrup, Milk Solids, Coconut Oil, Natural Flavour, Thickener (407), Salt, Stabiliser (340, 452), Emulsifier (471), Anticaking Agent (551), Colour (160A).",https://www.coles.com.au/product/avalanche-sugarfree-drinking-sachets-chocolate-10-pack-200g-3180521,,,2024-06-16T10:42:49.230689-04:00
Ind54SColes_ADrinks_SAFlavoured Milk_IOvaltine Lasting Energy | 480g,Ovaltine Lasting Energy | 480g,Ovaltine,Drinks,Flavoured Milk,Drinks & Powders,,$8.50,,,$1.77 per 100g,6187254,,,,,,https://www.coles.com.au/product/ovaltine-lasting-energy-480g-6187254,,,2024-06-16T10:43:01.537452-04:00
Ind54SColes_ADrinks_SAFlavoured Milk_IThree Blue Ducks Organic Hot Choc | 200g,Three Blue Ducks Organic Hot Choc | 200g,Three Blue Ducks,Drinks,Flavoured Milk,Drinks & Powders,,$7.20,,$9.00,$3.60 per 100g,6252582,"We blend our Ducks' top selling cafe blend of hot choc using 50% cacao.  It's the ultimate indulgent drink, decadent and rich with deliciousness in every sip! 

AUSSIE BORN & OWNED

PLANT BASED

SUSTAINABLE PACKAGING

GLUTEN FREE",,,,"Organic Raw Cacao, Organic Coconut Sugar",https://www.coles.com.au/product/three-blue-ducks-organic-hot-choc-200g-6252582,,,2024-06-16T10:43:10.580686-04:00
Ind54SColes_ADrinks_SAFlavoured Milk_ICadbury Neapolitan Drinking Chocolate | 250g,Cadbury Neapolitan Drinking Chocolate | 250g,Cadbury,Drinks,Flavoured Milk,Drinks & Powders,,$3.60,,$4.50,$1.44 per 100g,4204487,"Lose the ice-cream scoop! We've blended Chocolate, Strawberry and Vanilla flavours for a Neapolitan experience in a mug. 
Top your CADBURY Drinking Chocolate with fluffy PASCALL Marshmallows",,,"Per 100g/ml
Per Serving
%DI
Energy
1620kJ
244kJ
as prepared^ 7%
Protein
4.8g
<1.0g
as prepared^ 15%
Total Fat
2.3g
<1.0g
as prepared^ 5%
Saturated Fat
1.4g
<1.0g
as prepared^ 10%
Carbohydrate
82.2g
12.3g
as prepared^ 7%
Sugars
75.7g
11.4g
as prepared^ 24%
Sodium
8mg
1mg
as prepared^ 4%
* Percentage Daily Intakes are based on an average adult diet of 8700 kJ. Your daily intakes may be higher or lower depending on your energy needs.",,https://www.coles.com.au/product/cadbury-neapolitan-drinking-chocolate-250g-4204487,,,2024-06-16T10:43:21.611805-04:00
Ind54SColes_ADrinks_SALong Life-Milk_IAustralias Own Strawberry Kids Milk 200mL | 6 pack,Australias Own Strawberry Kids Milk 200mL | 6 pack,Australias Own,Drinks,Long Life-Milk,Long-Life Flavoured Milk,,$4.90,,$6.20,$4.08 per 1L,4311385,"Australia's Own Strawberry Flavoured Kids Milk contains 6
nutrients found naturally in dairy milk. It is also a good source of calcium, for strong healthy bones and contains protein for healthy growing muscles. More reasons to love this tasty strawberry milk!
Source of Protein

Good source of calcium

No artificial colours, flavours or preservatives

Proudly Australian made & owned",,,"Per 100g/ml
Per Serving
%DI
Energy
244
488
6
Protein
3.2
6.4
13
Total Fat
0.9
1.8
3
Saturated Fat
0.7
1.4
6
Carbohydrate
9.2
18.4
6
Sugars
8.9
17.8
20
Vitamin B2
0.2mg
0.4mg
24%RDI
Vitamin B3
0.54mg
1.08mg
11%RDI
Calcium
120mg
240mg
30%RDI
Vitamin B12
0.57ug
1.14ug
57%RDI
Sodium
41mg
82mg
4
Energy (Cal)
116
Iodine
26mg
52mg
35%RDI
* Percentage Daily Intakes are based on an average adult diet of 8700 kJ. Your daily intakes may be higher or lower depending on your energy needs.","Low Fat Milk (95%), Sugar, Vegetable Gums (460, 466, 407), Natural Flavour, Natural Colour (120).",https://www.coles.com.au/product/australias-own-strawberry-kids-milk-200ml-6-pack-4311385,,,2024-06-16T10:43:32.827371-04:00
Ind54SColes_ADrinks_SAMilk_IOak Plus No Added Sugar Chocolate Flavoured Milk + Protein | 500mL,Oak Plus No Added Sugar Chocolate Flavoured Milk + Protein | 500mL,Oak,Drinks,Milk,Milk flavoured,,$4.00,,,$8.00 per 1L,3900642,"You're sweating hungrythirsty from the eyeballs. Time for an OAK Plus. It's a full strength full on protein punch to the jugular of hungrythirsty that'll wake your spaghetti legs from their siesta. No sugar added? It's proof that even with one fist tied behind its back, OAK still kills hungrythirsty dead.
30g dairy protein

No sugar added

Muscle recovery",,,"Per 100g/ml
Per Serving
%DI
Energy
259kJ
1295kJ
Protein
6.0g
30.0g
Total Fat
1.4g
7.0g
Saturated Fat
0.9g
4.5g
Carbohydrate
5.6g
28.0g
Sugars
5.3g
26.5g
Calcium
185mg
925mg
116% RDI*
Sodium
78mg
390mg
Dietary Fibre (total)
0.9g
4.5g
* Percentage Daily Intakes are based on an average adult diet of 8700 kJ. Your daily intakes may be higher or lower depending on your energy needs.",,https://www.coles.com.au/product/oak-plus-no-added-sugar-chocolate-flavoured-milk-+-protein-500ml-3900642,,,2024-06-16T10:43:44.005700-04:00
Ind54SColes_ADrinks_SAMilk_IHunt & Brew Brazil Iced Coffee | 400mL,Hunt & Brew Brazil Iced Coffee | 400mL,Hunt&Brew,Drinks,Milk,Milk flavoured,,$3.95,,$4.95,$9.88 per 1L,2918303,"Like a Brazilian harpy eagle that picks and swoops its prey, that's how we feel about choosing the right coffee bean - single minded in the pursuit of the perfect brew. We've hunted the globe and found the finest single origin coffee beans. Our travels have taken us to the Cerrado region of Brazil where the soil, climate and altitude produce a clean bean that has nutty and bright citrus notes, with a caramel finish. Locally roasted and ground to profile, Hunt and Brew coffee is slowly brewed and triple filtered for maximum flavour extraction. Finally, we cut the brew with fresh Australian full cream milk, and nothing more.

Where are our beans from?
The characteristics of Cerrado coffee beans are informed by the region's special terroir.
With rich soils and high altitudes, Cerrado produces a clean bean that translates into a well-balanced coffee in body and acidity.
The region's moderate continental climate adds to a robust growing season, which is reflected in our Hunt and Brew Brazil blend.",,,"Per 100g/ml
Per Serving
%DI
Energy
180 kJ
720 kJ
9%
Protein
2.4g
9.6g
19%
Total Fat
2.2g
8.8g
13%
Saturated Fat
1.5g
6.0g
25%
Carbohydrate
3.5g
14g
5%
Sugars
1.6g
6.4g
7%
Sodium
27 mg
108 mg
5%
* Percentage Daily Intakes are based on an average adult diet of 8700 kJ. Your daily intakes may be higher or lower depending on your energy needs.",,https://www.coles.com.au/product/hunt-and-brew-brazil-iced-coffee-400ml-2918303,,,2024-06-16T10:43:55.632325-04:00
Ind54SColes_ADrinks_SAFlavoured Milk_IMilo Chocolate Malt Powder Hot Or Cold Drink | 200g,Milo Chocolate Malt Powder Hot Or Cold Drink | 200g,Milo,Drinks,Flavoured Milk,Drinks & Powders,,$5.00,,,$2.50 per 100g,6414618,"MILO is a nutrient rich, low GI choc malt powder drink providing kids the nourishing energy they need to take on the day. Simply add 3-heaped teaspoons of MILO to a glass of hot or cold skim milk for a delicious chocolate malt flavoured milk drink. MILO is great with breakfast, after school, before or after sport as a snack or as a hot chocolately malt drink after dinner. Made from four main ingredients: milk powder, malt barley, sugar and cocoa, MILO also contains 8 essential vitamins and minerals. Contains 10 serves of choc-malty goodness.
Do Good Together. Did you know, our MILO tins are made from 100% reyclable materials. And approximately 80% of the energy powering our MILO factory comes from BIOENERGY, a renewable energy source. To find out more visit the MILO website.
MILO and Banana Shake
Serves: 2
Prep Time: 5 min
Ingredients:
1 cup reduced fat milk
0.5 cup natural yoghurt
1/3 cup (40g) MILO
1 medium banana, chopped
Method:
1. Combine all ingredients in a blender; blend until smooth, thick and creamy.
2. Pour into tall glasses and serve immediately.
*When consumed as part of a healthy diet with a wide variety of foods.",,,"Per 100g/ml
Per Serving
%DI
Energy
1610kJ
320kJ
Protein
12.3g
2.5g
Total Fat
9.7g
1.9g
Saturated Fat
6.3g
1.3g
Carbohydrate
59.5g
11.9g
Sugars
43.6g
8.8g
Vitamin B2
1.59mg
0.32mg
Vitamin B3
12.5mg
2.5mg
Calcium
830mg
170mg
Iron
18mg
3.6mg
Vitamin B12
2ug
0.4ug
Lactose
12.3g
2.5g
Vitamin D
13.5ug
2.7ug
Sodium
140mg
28mg
Vitamin C
44mg
9mg
Dietary Fibre (total)
4.1g
0.8g
Vitamin B6
2mg
0.4mg
* Percentage Daily Intakes are based on an average adult diet of 8700 kJ. Your daily intakes may be higher or lower depending on your energy needs.",,https://www.coles.com.au/product/milo-chocolate-malt-powder-hot-or-cold-drink-200g-6414618,,,2024-06-16T10:44:07.164282-04:00
Ind54SColes_ADrinks_SAFlavoured Milk_IJarrah Drinking Chocolate | 115g,Jarrah Drinking Chocolate | 115g,Jarrah,Drinks,Flavoured Milk,Drinks & Powders,,$6.00,,$7.00,$5.22 per 100g,6772298,,,,,,https://www.coles.com.au/product/jarrah-drinking-chocolate-115g-6772298,,,2024-06-16T10:44:16.144038-04:00
Ind54SColes_ADrinks_SAMilk_IPauls Bluey Chocolate Flavoured Milk | 250mL,Pauls Bluey Chocolate Flavoured Milk | 250mL,Pauls,Drinks,Milk,Milk flavoured,,$2.40,,,$9.60 per 1L,4165498,"BLUEY TM and BLUEY character logos TM & © Ludo Studio Pty Ltd 2018.
30% Less Sugar
No Artificial Flavours or Sweeteners
Good source of Calcium
Chocolate flavoured milk
Australian Milk",,,"Per 100g/ml
Per Serving
%DI
Energy
235 kJ
587 kJ
Protein
3.8 g
9.5 g
Total Fat
1.3 g
3.2 g
Saturated Fat
0.8 g
2.0 g
Carbohydrate
7.1 g
17.7 g
Sugars
7.1 g
17.7 g
Calcium
131 mg
327 mg
40% RDI*
Sodium
48 mg
120 mg
Energy (Cal)
56 Cal
140 Cal
Dietary Fibre (total)
0.2 g
0.5 g
* Percentage Daily Intakes are based on an average adult diet of 8700 kJ. Your daily intakes may be higher or lower depending on your energy needs.",,https://www.coles.com.au/product/pauls-bluey-chocolate-flavoured-milk-250ml-4165498,,,2024-06-16T10:44:27.858166-04:00
Ind54SColes_ADrinks_SAFlavoured Milk_IColes Malted Milk Drink | 500g,Coles Malted Milk Drink | 500g,Coles,Drinks,Flavoured Milk,Drinks & Powders,,$7.00,,,$1.40 per 100g,3180441,FORMULATED SUPPLEMENTARY FOOD: Coles Malted Milk Powder is the ideal supplement to your normal diet as a hot drink or cold milkshake. Packed with 7 essential vitamins and minerals it can help supplement your regular diet where nutrient and energy intake is inadequate to meet your individual needs.,,,"Per 100g/ml
Per Serving
%DI
Energy
1611.40
322.28
Protein
15.60
3.12
Total Fat
0.90
0.18
Saturated Fat
0.60
0.12
Carbohydrate
76.90
15.38
Sugars
39.70
7.94
Calcium
641.00
128.20
Iron
15.10
3.02
Niacin (Vitamin B3)
17.00
3.40
Vitamin A
907.00
181.40
Vitamin D
15.00
3.00
Sodium
31.00
6.20
Energy (Cal)
385.50
77.10
Thiamin (Vitamin B1)
1.90
0.38
Dietary Fibre (total)
0.70
0.14
Riboflavin (Vitamin B2)
2.00
0.40
* Percentage Daily Intakes are based on an average adult diet of 8700 kJ. Your daily intakes may be higher or lower depending on your energy needs.",,https://www.coles.com.au/product/coles-malted-milk-drink-500g-3180441,,,2024-06-16T10:44:39.046347-04:00
Ind54SColes_ADrinks_SAFlavoured Milk_IColes Mini Marshmallows Pink & White | 100g,Coles Mini Marshmallows Pink & White | 100g,Coles,Drinks,Flavoured Milk,Drinks & Powders,,$2.00,,,$2.00 per 100g,3175260,"Delicious Mallows, perfect for adding to your favourite hot chocolate drink.",,,"Per 100g/ml
Per Serving
%DI
Energy
1307.30
130.73
Protein
3.10
0.31
Carbohydrate
73.80
7.38
Sugars
64.20
6.42
Sodium
46.00
4.60
Saturated
0.00
0.00
Energy (Cal)
312.75
31.28
Fat
0.00
0.00
Dietary Fibre (total)
0.00
0.00
* Percentage Daily Intakes are based on an average adult diet of 8700 kJ. Your daily intakes may be higher or lower depending on your energy needs.",,https://www.coles.com.au/product/coles-mini-marshmallows-pink-and-white-100g-3175260,,,2024-06-16T10:44:51.241620-04:00
Ind54SColes_ADrinks_SAFlavoured Milk_ICadbury Drinking Chocolate | 450g,Cadbury Drinking Chocolate | 450g,Cadbury,Drinks,Flavoured Milk,Drinks & Powders,,$6.00,,,$1.33 per 100g,3984857,"Top delicious CADBURY Drinking Chocolate with fluffy PASCALL Marshmallows
New 450g pack size",,,,"Sugar, Cocoa powder, Starch (Maize or Tapioca), Flavours.",https://www.coles.com.au/product/cadbury-drinking-chocolate-450g-3984857,,,2024-06-16T10:45:01.553030-04:00
Ind54SColes_ADrinks_SAFlavoured Milk_IMilo Chocolate Malt Powder Hot Or Cold Drink | 460g,Milo Chocolate Malt Powder Hot Or Cold Drink | 460g,Milo,Drinks,Flavoured Milk,Drinks & Powders,,$9.40,,,$2.04 per 100g,3516338,"MILO is a nutrient rich, low GI choc malt powder drink providing kids the nourishing energy they need to take on the day. Simply add 3-heaped teaspoons of MILO to a glass of hot or cold skim milk for a delicious chocolate malt flavoured milk drink. MILO is great with breakfast, after school, before or after sport as a snack or as a hot chocolately malt drink after dinner. Made from four main ingredients: milk powder, malt barley, sugar and cocoa, MILO also contains 8 essential vitamins and minerals. Contains 23 serves of choc-malty goodness.
Do Good Together. Did you know, our MILO tins are made from 100% reyclable materials. And approximately 80% of the energy powering our MILO factory comes from BIOENERGY, a renewable energy source. To find out more visit the MILO website.
MILO Oat and Banana Smoothie
Serves: 1
Prep Time: 5 min
Ingredients:
200ml skim or reduced fat milk
¼ cup UNCLE TOBYS Traditional Oats
3 heaped teaspoons (20g) MILO
1 medium banana, chopped
½ cup crushed ice
Method:
1. Combine all ingredients in a blender; blend until smooth, thick and creamy.
2. Pour into tall glasses and serve immediately.
TIP: Place the banana in the freezer overnight and it will chill down the smoothie without having to add ice.",,,"Per 100g/ml
Per Serving
%DI
Energy
1610kJ
320kJ
Protein
12.3g
2.5g
Total Fat
9.7g
1.9g
Saturated Fat
6.3g
1.3g
Carbohydrate
59.5g
11.9g
Sugars
43.6g
8.8g
Vitamin B2
1.59mg
0.32mg
Vitamin B3
12.5mg
2.5mg
Calcium
830mg
170mg
Iron
18mg
3.6mg
Vitamin B12
2ug
0.4ug
Lactose
12.3g
2.5g
Vitamin D
13.5ug
2.7ug
Sodium
140mg
28mg
Vitamin C
44mg
9mg
Dietary Fibre (total)
4.1g
0.8g
Vitamin B6
2mg
0.4mg
* Percentage Daily Intakes are based on an average adult diet of 8700 kJ. Your daily intakes may be higher or lower depending on your energy needs.","Ingredients: Extract of Malt Barley Or Malt Barley and Rice (Total Extract 38%), Milk Solids, Sugar, Cocoa, Choc Malt Blend, Minerals (Calcium, Iron), Maltodextrin (Corn), Vitamins (C, B3, B6, B2, D, B12), Emulsifier ( Soy Lecithin) Contains Gluten, Milk and Soy.",https://www.coles.com.au/product/milo-chocolate-malt-powder-hot-or-cold-drink-460g-3516338,,,2024-06-16T10:45:14.001323-04:00
Ind54SColes_ADrinks_SAFlavoured Milk_IMilo 30% Less Added Sugar Chocolate Malt Powder Hot Or Cold Drink | 395g,Milo 30% Less Added Sugar Chocolate Malt Powder Hot Or Cold Drink | 395g,Milo,Drinks,Flavoured Milk,Drinks & Powders,,$9.40,,,$2.38 per 100g,3520277,"MILO 30% Less Added Sugar has been created with no added cane sugar but still has the great choc malt taste and crunch you know and love. It is high in calcium to support bone development, is low GI for slow release, sustained energy and has a combination of 8 vitamins and minerals to support effective energy release in the body. MILO with reduced sugar has been sweetened with natural stevia, is great with breakfast, after school, before or after sport as a snack or as a hot chocolately malt drink after dinner. Simply add 3-heaped teaspoons of MILO to a glass of hot or cold skim milk for a delicious and nourishing choc malt flavoured milk drink with less added sugar. Contains 19 serves of choc malty goodness.Do Good Together. Did you know, our MILO tins are made from 100% recyclable materials. And approximately 80% of the energy powering our MILO factory comes from BIOENERGY, a renewable energy source. To find out more visit the MILO website.",,,"Per 100g/ml
Per Serving
%DI
Energy
1530 kJ
290 kJ
Protein
11.9 g
2.4 g
Total Fat
9.6 g
Saturated Fat
6.3 g
1.3 g
Carbohydrate
45.9 g
9.2 g
Sugars
31.6 g
6.3 g
Vitamin B2
1.59 mg
0.32 mg
Vitamin B3
12.5 mg
2.5 mg
Calcium
850 mg
170 mg
Iron
18 mg
3.6 mg
Vitamin B12
2.0ug
Lactose
12.7g
Vitamin D
13.5 ug
2.7 ug
Sodium
135 mg
27 mg
Vitamin C
44 mg
9 mg
Energy (Cal)
350Cal
Dietary Fibre (total)
15.5 g
3.1 g
Vitamin B6
2 mg
0.4 mg
* Percentage Daily Intakes are based on an average adult diet of 8700 kJ. Your daily intakes may be higher or lower depending on your energy needs.",,https://www.coles.com.au/product/milo-30percent-less-added-sugar-chocolate-malt-powder-hot-or-cold-drink-395g-3520277,,,2024-06-16T10:45:25.022213-04:00
Ind54SColes_ADrinks_SAMilk_IBoss Double Espresso Coffee | 237mL,Boss Double Espresso Coffee | 237mL,Boss,Drinks,Milk,Milk flavoured,,$3.50,,$4.00,$14.77 per 1L,4476727,"Suntory BOSS Coffee Iced Double Espresso with a dash of milk. A Brazilian blend coffee. Brewed hot or chilled fast. No. 1 canned coffee in Japan (intage, 2020).",,,"Per 100g/ml
Per Serving
%DI
Energy
155kJ
367kJ
4%
Protein
<1g
1.9g
4%
Total Fat
<1g
1.4g
2%
Saturated Fat
<1g
<1g
3%
Carbohydrate
7.1g
16.8g
5%
Sugars
6.2g
14.6g
16%
Sodium
50mg
120mg
5%
Energy (Cal)
37.0kcal
87.7kcal
* Percentage Daily Intakes are based on an average adult diet of 8700 kJ. Your daily intakes may be higher or lower depending on your energy needs.",,https://www.coles.com.au/product/boss-double-espresso-coffee-237ml-4476727,,,2024-06-16T10:45:36.142173-04:00
Ind54SColes_ADrinks_SAMilk_IFirst Press Cold Drip 10 Shot Coffee | 500mL,First Press Cold Drip 10 Shot Coffee | 500mL,First Press,Drinks,Milk,Milk flavoured,,$12.95,,,$25.90 per 1L,3506265,"Say hello to the big boy. Made with 100% organic, single origin coffee beans from Honduras our original cold drip will dazzle you. With chocolate and red fruit notes its rich and strong with a light and smooth finish. ",,,,,https://www.coles.com.au/product/first-press-cold-drip-10-shot-coffee-500ml-3506265,,,2024-06-16T10:45:45.261475-04:00
Ind54SColes_ADrinks_SAFlavoured Milk_IColes Drinking Chocolate | 400g,Coles Drinking Chocolate | 400g,Coles,Drinks,Flavoured Milk,Drinks & Powders,,$3.00,,,$0.75 per 100g,3160150,Indulge in the taste of our rich velvety hot chocolate.Looking for an extra indulgent treat? Why not top your next mug with Mini Mallows for a cafe style experience at home.,,,"Per 100g/ml
Per Serving
%DI
Energy
1614.8
242.22
3
Protein
5.2
0.78
2
Total Fat
2.4
0.36
1
Saturated Fat
1.6
0.24
1
Carbohydrate
80.8
12.12
4
gluten
0
0
Sodium
203
30.45
1
Energy (Cal)
386.32
57.95
Dietary Fibre
8
1.2
* Percentage Daily Intakes are based on an average adult diet of 8700 kJ. Your daily intakes may be higher or lower depending on your energy needs.",,https://www.coles.com.au/product/coles-drinking-chocolate-400g-3160150,,,2024-06-16T10:45:57.274480-04:00
Ind54SColes_ADrinks_SAFlavoured Milk_IVittoria Original Chocochino | 375g,Vittoria Original Chocochino | 375g,Vittoria,Drinks,Flavoured Milk,Drinks & Powders,,$4.15,,$5.20,$1.11 per 100g,6999781,,,,,,https://www.coles.com.au/product/vittoria-original-chocochino-375g-6999781,,,2024-06-16T10:46:06.176894-04:00
Ind54SColes_ADrinks_SAFlavoured Milk_IMilo Pro Chocolate Malt Powder Protein Hot Or Cold Drink | 700g,Milo Pro Chocolate Malt Powder Protein Hot Or Cold Drink | 700g,Milo,Drinks,Flavoured Milk,Drinks & Powders,,$12.00,,$15.50,$1.71 per 100g,6276616,"Introducing MILO PRO, a delicious choc malt powder with the taste of MILO you love, with added protein.Replenish your energy after exercise with MILO PRO. Contains B Vitamins to unlock energy.Help repair your muscles after exercise with 15g of protein delivered through MILO PRO and milk.^Contains magnesium to support muscle function by rebalancing your electrolytes after exercise.^Contains 9 essential vitamins and minerals, including protein, magnesium, calcium, iron and vitamin D. Enjoy MILO PRO cold or warm. Get creative and use MILO PRO and skim milk as a base for your post-workout smoothie or make up in an on the go shaker! Simply combine 4 heaped teaspoons of MILO PRO with 250mL cold or warm skim milk. ^Enjoy MILO PRO as a part of a healthy and varied diet.",,,"Per 100g/ml
Per Serving
%DI
Energy
1560 kJ
510 kJ
Protein
19 g
6.3 g
Total Fat
7.7 g
Saturated Fat
3.5 g
1.2 g
Carbohydrate
50.1 g
16.5 g
Sugars
35.7 g
11.8 g
Vitamin D
10 ug
3.3 ug
Calcium
310 mg
100 mg
Sodium
140 mg
45 mg
Vitamin C
42 mg
13.9 mg
Dietary Fibre (total)
4.1 g
1.2 g
Iron
18.2 mg
6 mg
* Percentage Daily Intakes are based on an average adult diet of 8700 kJ. Your daily intakes may be higher or lower depending on your energy needs.",,https://www.coles.com.au/product/milo-pro-chocolate-malt-powder-protein-hot-or-cold-drink-700g-6276616,,,2024-06-16T10:46:17.794892-04:00
Ind54SColes_ADrinks_SAMilk_IPauls Bluey Strawberry Flavoured Milk | 250mL,Pauls Bluey Strawberry Flavoured Milk | 250mL,Pauls,Drinks,Milk,Milk flavoured,,$2.40,,,$9.60 per 1L,4165501,"BLUEY TM and BLUEY character logos TM & © Ludo Studio Pty Ltd 2018.
30% Less Sugar

No Artificial Flavours or Sweeteners

Bluey

Strawberry Flavoured Milk

Australian Milk",,,"Per 100g/ml
Per Serving
%DI
Energy
235 kJ
587 kJ
Protein
3.7 g
9.2 g
Total Fat
1.3 g
3.2 g
Saturated Fat
0.8 g
2.0 g
Carbohydrate
7.4 g
18.5 g
Sugars
7.1 g
17.7 g
Calcium
131 mg
327 mg
40% RDI*
Sodium
49 mg
122 mg
Energy (Cal)
56 Cal
140 Cal
Dietary Fibre (total)
0.0 g
0.0 g
* Percentage Daily Intakes are based on an average adult diet of 8700 kJ. Your daily intakes may be higher or lower depending on your energy needs.",,https://www.coles.com.au/product/pauls-bluey-strawberry-flavoured-milk-250ml-4165501,,,2024-06-16T10:46:29.206593-04:00
Ind54SColes_ADrinks_SAFlavoured Milk_IQueen Hot Chocolate Paste With Real Cocoa | 200g,Queen Hot Chocolate Paste With Real Cocoa | 200g,Queen,Drinks,Flavoured Milk,Drinks & Powders,,$6.00,,,$3.00 per 100g,7866488,"A smooth and indulgent hot choc experience - it's comfort in a cup!
- Made with real cocoa
- Velvety, indulgent taste
- Dissolves easily in both warm milk and cold milk
- Made in Australia
- 10 serves per pack
- Rainforest certified cocoa
Queen Hot Choc Paste is super easy to use, just squeeze a generous amount into warm milk for the ultimate hot choc experience.",,,"Per 100g/ml
Per Serving
%DI
Energy
860kJ
172kJ
Protein
3.8g
<1g
Total Fat
2.2g
<1g
Saturated Fat
1.4g
<1g
Carbohydrate
37.9g
7.6g
Sugars
35g
7g
Sodium
233mg
47mg
Dietary Fibre (total)
8.7g
1.7g
* Percentage Daily Intakes are based on an average adult diet of 8700 kJ. Your daily intakes may be higher or lower depending on your energy needs.",,https://www.coles.com.au/product/queen-hot-chocolate-paste-with-real-cocoa-200g-7866488,,,2024-06-16T10:46:41.303588-04:00
Ind54SColes_ADrinks_SAFlavoured Milk_IUncle Tobys Goodness Shake Banana | 140g,Uncle Tobys Goodness Shake Banana | 140g,Uncle Tobys,Drinks,Flavoured Milk,Drinks & Powders,,$11.00,,,$7.86 per 100g,7757493,"Every UNCLE TOBYS Goodness Shake is made with a mouth-watering combination of milk, oats and fruit. UNCLE TOBYS Goodness Shakes is a great addition to a healthy and varied diet and an awesome way to start your day. When made with the goodness of Lite Milk, every UNCLE TOBYs Goodness Shake is high in protein to help you feel fuller, has fibre to support digestive health and is 40% of your daily calcium intake.Make your UNCLE TOBYS Goodness Shake in three easy steps:1. Take 4 heaped teaspoons (20gs) and place into a shaker.2. Add in 200ml of cold Lite Milk (Reduced Fat) and shake well.3. Enjoy your UNCLE TOBYS Goodness Shake.Make it your own way:Blend it up with your favourite fruits yogurt, dash of honey or vanilla to make your own perfect shaker.For family goodness blend healthy greens and vegetables into your UNCLE TOBYS Goodness Shake to please even the pickiest of eaters.",,,"Per 100g/ml
Per Serving
%DI
Energy
1370 kJ
270 kJ
Protein
25.5 g
5.1 g
Total Fat
1.4 g
Saturated Fat
1 g
1 g
Carbohydrate
62.8 g
12.6 g
Sugars
28.4 g
5.7 g
Calcium
750 mg
150 mg
Sodium
235 mg
47 mg
Dietary Fibre (total)
12.3 g
2.5 g
* Percentage Daily Intakes are based on an average adult diet of 8700 kJ. Your daily intakes may be higher or lower depending on your energy needs.",,https://www.coles.com.au/product/uncle-tobys-goodness-shake-banana-140g-7757493,,,2024-06-16T10:46:52.364670-04:00
Ind54SColes_ADrinks_SAFlavoured Milk_IAvalanche 99% Sugar Free Toffee Drinking Mix 10 pack | 200g,Avalanche 99% Sugar Free Toffee Drinking Mix 10 pack | 200g,Avalanche,Drinks,Flavoured Milk,Drinks & Powders,,$5.50,,,$2.75 per 100g,5101639,AVALANCHE 99% SUGAR FREE TOFFEE DRINKING MIX 10 PACK,,,,,https://www.coles.com.au/product/avalanche-99percent-sugar-free-toffee-drinking-mix-10-pack-200g-5101639,,,2024-06-16T10:47:01.521121-04:00
Ind54SColes_ADrinks_SAFlavoured Milk_IMilo Chocolate Malt Powder Hot Or Cold Drink | 1kg,Milo Chocolate Malt Powder Hot Or Cold Drink | 1kg,Milo,Drinks,Flavoured Milk,Drinks & Powders,,$12.00,,$15.50,$1.20 per 100g,3854396,"MILO is a nutrient rich, low GI choc malt powder drink providing kids the nourishing energy they need to take on the day. Simply add 3-heaped teaspoons of MILO to a glass of hot or cold skim milk for a delicious chocolate malt flavoured milk drink. MILO is great with breakfast, after school, before or after sport as a snack or as a hot chocolately malt drink after dinner. Made from four main ingredients: milk powder, malt barley, sugar and cocoa, MILO also contains 8 essential vitamins and minerals. Contains 50 serves of choc-malty goodness.",,,"Per 100g/ml
Per Serving
%DI
Energy
1610kJ
320kJ
Protein
12.3g
2.5g
Total Fat
9.7g
1.9g
Saturated Fat
6.3g
1.3g
Carbohydrate
59.5g
11.9g
Sugars
43.6g
8.8g
Vitamin B2
1.59mg
0.32mg
Vitamin B3
12.5mg
2.5mg
Calcium
830mg
170mg
Iron
18mg
3.6mg
Vitamin B12
2ug
0.4ug
Lactose
12.3g
2.5g
Vitamin D
13.5ug
2.7ug
Sodium
140mg
28mg
Vitamin C
44mg
9mg
Dietary Fibre (total)
4.1g
0.8g
Vitamin B6
2mg
0.4mg
* Percentage Daily Intakes are based on an average adult diet of 8700 kJ. Your daily intakes may be higher or lower depending on your energy needs.",,https://www.coles.com.au/product/milo-chocolate-malt-powder-hot-or-cold-drink-1kg-3854396,,,2024-06-16T10:47:12.685532-04:00
Ind54SColes_ADrinks_SALong Life-Milk_IDevondale Moo Chocolate Flavoured Multipack Milk 200mL | 6 pack,Devondale Moo Chocolate Flavoured Multipack Milk 200mL | 6 pack,Devondale,Drinks,Long Life-Milk,Long-Life Flavoured Milk,,$6.50,,$7.45,$5.42 per 1L,1262240,"Delicious Devondale Moo Chocolate Flavoured Milk is made with the natural goodness of full cream milk. Packed in a convenient lunch box friendly stay-fresh UHT pack, kids will love the creamy taste of Devondale Moo when they are on-the-go.- High in calcium- A source of protein - No added artificial colours or flavours- Convenient lunchbox multipack- Long life UHT Milk",,,"Per 100g/ml
Per Serving
%DI
Energy
333kJ
666kJ
Protein
3g
6g
Total Fat
3.4g
6.8g
Saturated Fat
2.3g
4.6g
Carbohydrate
9.2g
18.4g
Sugars
9.1g
18.2g
Calcium
104mg
208mg
26%
Sodium
50mg
100mg
* Percentage Daily Intakes are based on an average adult diet of 8700 kJ. Your daily intakes may be higher or lower depending on your energy needs.",,https://www.coles.com.au/product/devondale-moo-chocolate-flavoured-multipack-milk-200ml-6-pack-1262240,,,2024-06-16T10:47:24.014663-04:00
Ind54SColes_ADrinks_SAFlavoured Milk_IMilo Plant Based Vegan Chocolate Malt Powder Hot Or Cold Drink | 395g,Milo Plant Based Vegan Chocolate Malt Powder Hot Or Cold Drink | 395g,Milo,Drinks,Flavoured Milk,Drinks & Powders,,$9.40,,,$2.38 per 100g,3736469,"MILO Plant Based is a dairy alternative to traditional MILO and is vegan friendly. We've taken out the milk powder and added plant based ingredients so you can enjoy the delicious and iconic choc malt taste. MILO Plant Based helps you power your day the right way with added fibre to support healthy digestion, low GI for slow release, sustained energy and a combination of 8 vitamins and minerals to support effective energy release in the body. Simply add 3-heaped teaspoons of MILO to a glass of cold or hot soy milk for a delicious and nourishing chocolately malt flavoured dairy free drink, containing nutrients which may be missing from plant based diets (Zinc, Iron and Vitamin B12). It is suitable for those who are lactose free, dairy free, vegan and vegetarian. Contains 19 serves of vegan friendly choc malty goodness.
Do Good Together. Did you know, our MILO tins are made from 100% recyclable materials. And approximately 80% of the energy powering our MILO factory comes from BIOENERGY, a renewable energy source. To find out more visit the MILO website.",,,"Per 100g/ml
Per Serving
%DI
Energy
1540kJ
310kJ
Protein
13.3g
2.7g
Total Fat
9.5g
1.9g
Saturated Fat
1.9g
0.4g
Carbohydrate
45.3g
9.1g
Sugars
27g
5.4g
Vitamin B2
1.2ug
0.2ug
Vitamin B3
12ug
2.4ug
Calcium
900mg
180mg
Iron
22mg
4.4mg
Vitamin B12
1.2ug
0.2ug
Zinc
13.4mg
2.7mg
Vitamin D
13.5ug
2.7ug
Sodium
120mg
24mg
Vitamin C
32mg
6.4mg
Dietary Fibre (total)
11g
2.2g
Vitamin B6
1.8ug
0.4ug
* Percentage Daily Intakes are based on an average adult diet of 8700 kJ. Your daily intakes may be higher or lower depending on your energy needs.",,https://www.coles.com.au/product/milo-plant-based-vegan-chocolate-malt-powder-hot-or-cold-drink-395g-3736469,,,2024-06-16T10:47:35.837173-04:00
Ind54SColes_ADrinks_SALong Life-Milk_IDevondale Moo Vanilla 6X200Ml | 6 pack,Devondale Moo Vanilla 6X200Ml | 6 pack,Devondale,Drinks,Long Life-Milk,Long-Life Flavoured Milk,,$7.45,,,$6.21 per 1L,6538585,"Delicious Devondale Moo Vanilla Flavoured Milk is made with the natural goodness of full cream milk. Packed in a convenient lunch box friendly stay-fresh UHT pack, kids will love the creamy taste of Devondale Moo when they are on-the-go.- High in calcium- A source of protein - No added artificial colours or flavours- Convenient lunchbox multipack- Long life UHT Milk",,,"Per 100g/ml
Per Serving
%DI
Energy
340kJ
680kJ
Protein
3.2g
6.4g
Total Fat
3.4g
6.8g
Saturated Fat
2.3g
4.6g
Carbohydrate
9.4g
18.8g
Sugars
9.3g
18.6g
Calcium
110mg
220mg
28%
Sodium
37mg
74mg
* Percentage Daily Intakes are based on an average adult diet of 8700 kJ. Your daily intakes may be higher or lower depending on your energy needs.",,https://www.coles.com.au/product/devondale-moo-vanilla-6x200ml-6-pack-6538585,,,2024-06-16T10:47:47.623754-04:00
Ind54SColes_ADrinks_SAFlavoured Milk_IJarrah Hot Choc Mint 10 pack | 140g,Jarrah Hot Choc Mint 10 pack | 140g,Jarrah,Drinks,Flavoured Milk,Drinks & Powders,,$6.00,,$7.00,$4.29 per 100g,3180474,,,,,,https://www.coles.com.au/product/jarrah-hot-choc-mint-10-pack-140g-3180474,,,2024-06-16T10:47:56.779599-04:00
Ind54SColes_ADrinks_SALong Life-Milk_IDevondale Moo Flavoured Milk Strawberry 6x200mL | 6 pack,Devondale Moo Flavoured Milk Strawberry 6x200mL | 6 pack,Devondale,Drinks,Long Life-Milk,Long-Life Flavoured Milk,,$6.50,,$7.45,$5.42 per 1L,1948466,"Delicious Devondale Moo Strawberry Flavoured Milk is made with the natural goodness of full cream milk. Packed in a convenient lunch box friendly stay-fresh UHT pack, kids will love the creamy taste of Devondale Moo when they are on-the-go.- High in calcium- A source of protein - No added artificial colours or flavours- Convenient lunchbox multipack- Long life UHT Milk",,,"Per 100g/ml
Per Serving
%DI
Energy
340kJ
680kJ
Protein
3.2g
6.4g
Total Fat
3.4g
6.8g
Saturated Fat
2.3g
4.6g
Carbohydrate
9.4g
18.8g
Sugars
9.3g
18.8g
Calcium
110mg
220mg
28%
Sodium
37mg
74mg
* Percentage Daily Intakes are based on an average adult diet of 8700 kJ. Your daily intakes may be higher or lower depending on your energy needs.","Whole milk, sugar, natural flavour, emulsifer (471), Stabilisers (407, 412), Natural colours (120)",https://www.coles.com.au/product/devondale-moo-flavoured-milk-strawberry-6x200ml-6-pack-1948466,,,2024-06-16T10:48:08.037409-04:00
Ind54SColes_ADrinks_SAFlavoured Milk_ILindt Hot Chocolate Flake Milk Tin | 210g,Lindt Hot Chocolate Flake Milk Tin | 210g,Lindt,Drinks,Flavoured Milk,Drinks & Powders,,$10.00,,,$4.76 per 100g,6934039,"Melt as you indulge in the signature taste of a rich creamy hot chocolate from Lindt - Experience your very own real hot chocolate in a matter of minutes with Lindt's hot chocolate flakes.
Created by Lindt's Master Chocolatiers from the world's finest chocolate - Lindt.

Ideal for making hot chocolate, ice chocolate or decorating a dessert.",,,"Per 100g/ml
Per Serving
%DI
Energy
2420kJ
726kJ
Protein
6.0g
1.8g
Total Fat
40.0g
12.0g
Saturated Fat
25.0g
7.5g
Carbohydrate
49.0g
14.7g
Sugars
43.0g
12.9g
Sodium
85mg
26mg
* Percentage Daily Intakes are based on an average adult diet of 8700 kJ. Your daily intakes may be higher or lower depending on your energy needs.",,https://www.coles.com.au/product/lindt-hot-chocolate-flake-milk-tin-210g-6934039,,,2024-06-16T11:09:10.637126-04:00
Ind54SColes_ADrinks_SAIced tea_ILipton Ice Tea No Sugar Peach Tea Iced Tea Bottle | 500mL,Lipton Ice Tea No Sugar Peach Tea Iced Tea Bottle | 500mL,Lipton,Drinks,Iced tea,Single & multi serve,,$3.00,,,$6.00 per 1L,5171317,"Our favourite ice tea just got better with Lipton No Sugar Peach Ice Tea, the same great Lipton Ice Tea taste now with no sugar.

Get ready for a delicious Peach Lipton Ice Tea flavour hit that has absolutely no sugar with Lipton No Sugar Peach Ice Tea.

Lipton No Sugar Peach Ice Tea is made with quality black Lipton Tea for a taste that will delight your taste buds and leave you feeling cool and refreshed. A refreshing and delicious drink, full of flavour that you can drink all day with no worries about sugar.

No Sugar Peach flavoured Lipton Ice Tea contains no artificial colours, no preservatives and absolutely no sugar. The convenient 500mL bottle size is also perfect for on the go occasions and or when you're looking for a single serve moment.

Lipton No Sugar Peach Ice Tea is perfect enjoyed on its own and any time of the day, but is also a great addition to all kinds of meals. We recommend matching it with spicy food, Asian food, salads and sandwiches - you can't go wrong.

Lipton have been providing tea to over 150 counties since 1880 and never compromise on quality. Only the best tea leaves go into Lipton Ice Tea. All tea leaves are sourced from around the world and are expertly blended so you can enjoy a premium quality experience. So, reward yourself with the fresh, delicious taste that makes iced tea a great choice. No Sugar, 100% taste!
100% Taste, No Sugar

Made from real quality Lipton tea leaves

No artificial colours and no preservatives

Perfect for Sharing

Deliciously refreshing, enjoy chilled over ice",,,"Per 100g/ml
Per Serving
%DI
Energy
5kJ
25kJ
<1%
Protein
<0.1g
0.1g
<1%
Total Fat
<0.1g
<0.1g
<1%
Saturated Fat
<0.1g
<0.1g
<1%
Carbohydrate
0.1g
0.5g
<1%
Sugars
0g
0g
0%
Sodium
13mg
65mg
3%
Energy (Cal)
1Cal
6Cal
Dietary Fibre (total)
<0.1g
<0.1g
<1%
* Percentage Daily Intakes are based on an average adult diet of 8700 kJ. Your daily intakes may be higher or lower depending on your energy needs.",,https://www.coles.com.au/product/lipton-ice-tea-no-sugar-peach-tea-iced-tea-bottle-500ml-5171317,,,2024-06-16T10:50:04.087121-04:00
Ind54SColes_ADrinks_SAIced tea_ILipton Ice Tea Raspberry Tea Iced Tea Bottle | 1.5L,Lipton Ice Tea Raspberry Tea Iced Tea Bottle | 1.5L,Lipton,Drinks,Iced tea,Single & multi serve,,$3.50,,$6.00,$2.33 per 1L,7386664,"Get ready for a delicious raspberry flavour hit with Lipton Raspberry Ice Tea, a brilliant choice for a brighter day! Lipton Raspberry Ice Tea is made with quality black Lipton Tea for a taste that will delight your taste buds and leave you feeling cool and refreshed.
Raspberry Lipton Ice Tea contains no artificial colours, no preservatives, and no artificial sweeteners.
The 1.5L multi serve bottle is also the perfect size for sharing with friends and family.
Lipton Raspberry Ice Tea is perfect enjoyed on its own and any time of the day, but is also a great addition to all kinds of meals. We recommend matching our Raspberry Ice Tea with spicy food, Asian food, salads and sandwiches - you can't go wrong.
Lipton have been providing tea to over 150 counties since 1880 and never compromise on quality. Only the best tea leaves go into Lipton Ice Tea. All tea leaves are sourced from around the world and are expertly blended so you can enjoy a premium quality experience. So, reward yourself with the fresh, delicious taste that makes iced tea a great choice.
Grab a bottle of Lipton Raspberry Ice Tea today and taste the brightside and keep completely refreshed with every sip! At Lipton Ice Tea we're about making the everyday more inspiring for everyone, adding real refreshment to real moments and real life.
Visit our website to see our full range of flavours such as Lemon, Peach, Raspberry, Mango, Green and many more.
No preservatives

No artificial colours

No artificial sweeteners

Deliciously refreshing

Made from quality Lipton tea",,,"Per 100g/ml
Per Serving
%DI
Energy
65kJ
162kJ
2%
Protein
<0.1g
<0.1g
<1%
Total Fat
<0.1g
<0.1g
<1%
Saturated Fat
<0.1g
<0.1g
<1%
Carbohydrate
3.6g
9.0g
3%
Sugars
3.5g
8.8g
10%
Sodium
12mg
30mg
1%
Energy (Cal)
16Cal
39Cal
Dietary Fibre (total)
<0.1g
<0.1g
<1%
* Percentage Daily Intakes are based on an average adult diet of 8700 kJ. Your daily intakes may be higher or lower depending on your energy needs.","Water, Black Tea Extract (4%), Sugar, Food Acid (330), Raspberry Juice From Concentrate (0.1%), Flavour, Acidity Regulator (331), Antioxidant (300), Natural Sweetener (960).",https://www.coles.com.au/product/lipton-ice-tea-raspberry-tea-iced-tea-bottle-1.5l-7386664,,,2024-06-16T10:50:15.305815-04:00
Ind54SColes_ADrinks_SAIced tea_IColes Peach Flavoured Ice Tea | 1.25L,Coles Peach Flavoured Ice Tea | 1.25L,Coles,Drinks,Iced tea,Single & multi serve,,$2.00,,,$1.60 per 1L,3446800,"Coles Peach Flavoured Iced Tea, 1.25L. Made from Real Tea with no artificial sweeteners. Perfectly refreshing.",,,"Per 100g/ml
Per Serving
%DI
Energy
68
170
Protein
0
0
Carbohydrate
4
10
Sugars
4
10
Sodium
8
20
Saturated
0
0
Energy (Cal)
16.27
40.67
Fat
0
0
Dietary Fibre (total)
0
0
* Percentage Daily Intakes are based on an average adult diet of 8700 kJ. Your daily intakes may be higher or lower depending on your energy needs.",,https://www.coles.com.au/product/coles-peach-flavoured-ice-tea-1.25l-3446800,,,2024-06-16T10:50:26.426455-04:00
Ind54SColes_ADrinks_SAIced tea_ILipton Ice Tea No Sugar Peach Tea Iced Tea Bottle | 1.5L,Lipton Ice Tea No Sugar Peach Tea Iced Tea Bottle | 1.5L,Lipton,Drinks,Iced tea,Single & multi serve,,$3.50,,$6.00,$2.33 per 1L,5171601,"Our favourite ice tea just got better with Lipton No Sugar Peach Ice Tea, the same great Lipton Ice Tea taste now with no sugar.

Get ready for a delicious Peach Lipton Ice Tea flavour hit that has absolutely no sugar with Lipton No Sugar Peach Ice Tea.

Lipton No Sugar Peach Ice Tea is made with quality black Lipton Tea for a taste that will delight your taste buds and leave you feeling cool and refreshed. A refreshing and delicious drink, full of flavour that you can drink all day with no worries about sugar.

No Sugar Peach flavoured Lipton Ice Tea contains no artificial colours, no preservatives and absolutely no sugar. The 1.5L multi serve bottle is also the perfect size for sharing with friends and family.

Lipton No Sugar Peach Ice Tea is perfect enjoyed on its own and any time of the day, but is also a great addition to all kinds of meals. We recommend matching it with spicy food, Asian food, salads and sandwiches - you can't go wrong.

Lipton have been providing tea to over 150 counties since 1880 and never compromise on quality. Only the best tea leaves go into Lipton Ice Tea. All tea leaves are sourced from around the world and are expertly blended so you can enjoy a premium quality experience. So, reward yourself with the fresh, delicious taste that makes iced tea a great choice. No Sugar, 100% taste!
100% Taste, No Sugar

Made from real quality Lipton tea leaves

No artificial colours and no preservatives

Perfect for Sharing

Deliciously refreshing, enjoy chilled over ice",,,"Per 100g/ml
Per Serving
%DI
Energy
5kJ
13kJ
<1%
Protein
<0.1g
<0.1g
<1%
Total Fat
<0.1g
<0.1g
<1%
Saturated Fat
<0.1g
<0.1g
<1%
Carbohydrate
0.1g
0.3g
<1%
Sugars
0g
0g
0%
Sodium
13mg
33mg
1%
Energy (Cal)
1Cal
3Cal
Dietary Fibre (total)
<0.1g
<0.1g
<1%
* Percentage Daily Intakes are based on an average adult diet of 8700 kJ. Your daily intakes may be higher or lower depending on your energy needs.",,https://www.coles.com.au/product/lipton-ice-tea-no-sugar-peach-tea-iced-tea-bottle-1.5l-5171601,,,2024-06-16T10:50:37.237109-04:00
Ind54SColes_ADrinks_SAIced tea_IArizona Green Iced Tea | 1.5L,Arizona Green Iced Tea | 1.5L,Arizona,Drinks,Iced tea,Single & multi serve,,$4.70,,,$3.13 per 1L,3806350,"America's best-selling green tea. Enjoy our 100% natural AriZona Green Tea iced or served up hot, with just the right amount of ginseng, honey and real sugar. Reflect on all that goodness, delicious as ever.
Made with Real Sugar
Real Brewed
100% Natural
Vitamin C Fortified
Gluten Free
No Preservatives
Kosher",,,"Per 100g/ml
Per Serving
%DI
Energy
114kJ
290kJ
Protein
0g
0g
Total Fat
0g
0g
Saturated Fat
0g
0g
Carbohydrate
6.7g
17g
Sugars
6.8g
17g
Sodium
0mg
0mg
* Percentage Daily Intakes are based on an average adult diet of 8700 kJ. Your daily intakes may be higher or lower depending on your energy needs.",,https://www.coles.com.au/product/arizona-green-iced-tea-1.5l-3806350,,,2024-06-16T10:50:48.386126-04:00
Ind54SColes_ADrinks_SA_ILipton Ice Tea Lemon Tea Iced Tea Bottle | 1.5L,Lipton Ice Tea Lemon Tea Iced Tea Bottle | 1.5L,Lipton,Drinks,,,,$3.50,,$6.00,$2.33 per 1L,6344294,"Quench your thirst and experience original refreshment with Lipton Lemon Ice Tea, an ice tea classic that you're sure to love. Lipton Lemon Ice Tea is made with quality black Lipton Tea for a taste that will delight your taste buds and leave you feeling cool and refreshed.
Lipton Lemon Ice Tea contains no artificial colours, no preservatives, and no artificial sweeteners.
The 1.5L multi serve bottle is also the perfect size for sharing with friends and family.
Lipton Lemon Ice Tea is perfect enjoyed on its own and any time of the day, but is also a great addition to all kinds of meals. We recommend matching it with spicy food, Asian food, salads and sandwiches - you can't go wrong.
Lipton have been providing tea to over 150 counties since 1880 and never compromise on quality. Only the best tea leaves go into Lipton Ice Tea. All tea leaves are sourced from around the world and expertly blended so you can enjoy a premium quality experience. So, reward yourself with the fresh, delicious taste that makes iced tea a great choice.
Grab a bottle of Lipton Lemon Ice Tea blend today and taste the brightside and keep completely refreshed with every sip! At Lipton Ice Tea we're about making the everyday more inspiring for everyone, adding real refreshment to real moments and real life. Also try the convenient 500ml pack size.
No preservatives

No artificial colours

No artificial sweeteners

Deliciously refreshing drink

Made from quality Lipton tea

Multi-serve pack size.",,,"Per 100g/ml
Per Serving
%DI
Energy
75kJ
188kJ
2%
Protein
<0.1g
<0.1g
<1%
Total Fat
<0.1g
<0.1g
<1%
Saturated Fat
0g
0g
<1%
Carbohydrate
4.3g
10.8g
3%
Sugars
4.2g
10.5g
12%
Sodium
7mg
18mg
<1%
Energy (Cal)
18Cal
45Cal
Dietary Fibre (total)
<0.1g
<0.1g
<1%
* Percentage Daily Intakes are based on an average adult diet of 8700 kJ. Your daily intakes may be higher or lower depending on your energy needs.",,https://www.coles.com.au/product/lipton-ice-tea-lemon-tea-iced-tea-bottle-1.5l-6344294,,,2024-06-16T10:51:00.059404-04:00
Ind54SColes_ADrinks_SAIced tea_ILipton Ice Tea Peach Tea Iced Tea Bottle | 500mL,Lipton Ice Tea Peach Tea Iced Tea Bottle | 500mL,Lipton,Drinks,Iced tea,Single & multi serve,,$3.00,,,$6.00 per 1L,9446315,"Get ready for a delicious peach flavour hit with Lipton Peach Ice Tea, a Lipton Ice Tea favourite! Lipton Peach Tea is made with quality black Lipton Tea for a taste that will delight your taste buds and leave you feeling cool and refreshed.
Peach Lipton Ice Tea contains no artificial colours, no preservatives, and no artificial sweeteners.
The convenient 500mL bottle size is also perfect for on the go occasions and or when you're looking for a single serve snack.
Lipton Peach flavoured Ice Tea is perfect enjoyed on its own and any time of the day, but is also a great addition to all kinds of meals. We recommend matching it with spicy food, Asian food, salads and sandwiches - you can't go wrong.
Lipton have been providing tea to over 150 counties since 1880 and never compromise on quality. Only the best tea leaves go into Lipton Ice Tea. All tea leaves are sourced from around the world and are expertly blended so you can enjoy a premium quality experience. So, reward yourself with the fresh, delicious taste that makes iced tea a great choice.
Grab a bottle of Lipton Peach Ice Tea today and experience real, uplifting refreshment!
No preservatives

No artificial colours

No artificial sweeteners

Deliciously refreshing

Made from quality Lipton tea

Convenient single-serve pack size.",,,"Per 100g/ml
Per Serving
%DI
Energy
77kJ
385kJ
4%
Protein
<0.1g
0.1g
<1%
Total Fat
<0.1g
<0.1g
<1%
Saturated Fat
<0.1g
<0.1g
<1%
Carbohydrate
4.3g
21.5g
7%
Sugars
4.2g
21.0g
23%
Sodium
6mg
30mg
1%
Energy (Cal)
18Cal
92Cal
Dietary Fibre (total)
<0.1g
<0.1g
<1%
* Percentage Daily Intakes are based on an average adult diet of 8700 kJ. Your daily intakes may be higher or lower depending on your energy needs.",,https://www.coles.com.au/product/lipton-ice-tea-peach-tea-iced-tea-bottle-500ml-9446315,,,2024-06-16T10:51:11.257118-04:00
Ind54SColes_ADrinks_SA_IT2 Iced Tea Peach Amore Raspberry Low Sugar Ice Tea Cans 240mL x 4 Pack | 4 pack,T2 Iced Tea Peach Amore Raspberry Low Sugar Ice Tea Cans 240mL x 4 Pack | 4 pack,T2,Drinks,,,,$10.00,,,$10.42 per 1L,6336933,"Sip into T2 Iced Peach Amore. It is low in sugar, has no artificial sweeteners, no artificial flavours or colours, and no preservatives. T2 Iced is made with Rainforest Alliance Certified tea and is now ready to drink in a 4x240mL can multi-pack.

Born in Melbourne, at T2 we're about reinventing and reimagining the humble tea leaf and sharing our teas with anyone who'll listen. We're inspired by the people we meet, and the far-flung places we visit. We get a kick out of taking ancient tea rituals and reimagining them, bringing them to a modern tea table. Every sip is a chance to make tea more enjoyable, more accessible and more experimental; it's our opportunity to connect, understand and share our love for tea, everyday.
Refreshing black iced tea with luscious peach & raspberry flavours

Low in sugar

No preservatives

No artificial sweeteners, flavours or colours

Ready to drink in a 4x240mL can multi-pack",,,"Per 100g/ml
Per Serving
%DI
Energy
40kJ
96kJ
1%
Protein
<0.1g
<0.1g
<1%
Total Fat
<0.1g
<0.1g
<1%
Saturated Fat
<0.1g
<0.1g
<1%
Carbohydrate
2.2g
5.3g
2%
Sugars
2.0g
4.8g
5%
Sodium
7mg
17mg
<1%
Dietary Fibre (total)
<0.1g
<0.1g
<1%
* Percentage Daily Intakes are based on an average adult diet of 8700 kJ. Your daily intakes may be higher or lower depending on your energy needs.",,https://www.coles.com.au/product/t2-iced-tea-peach-amore-raspberry-low-sugar-ice-tea-cans-240ml-x-4-pack-4-pack-6336933,,,2024-06-16T10:51:22.544867-04:00
Ind54SColes_ADrinks_SAIced tea_ILipton Ice Tea Peach Tea Iced Tea Bottle | 1.5L,Lipton Ice Tea Peach Tea Iced Tea Bottle | 1.5L,Lipton,Drinks,Iced tea,Single & multi serve,,$3.50,,$6.00,$2.33 per 1L,6344308,"Get ready for a delicious Peach Lipton Ice Tea flavour hit with Lipton Peach Ice Tea, a Lipton Ice Tea favourite! Lipton Peach Tea is made with quality black Lipton Tea for a taste that will delight your taste buds and leave you feeling cool and refreshed.
Peach flavoured Lipton Ice Tea contains no artificial colours, no preservatives, and no artificial sweeteners.
The 1.5L multi serve bottle is also the perfect size for sharing with friends and family.
Lipton Peach Ice Tea is perfect enjoyed on its own and any time of the day, but is also a great addition to all kinds of meals. We recommend matching it with spicy food, Asian food, salads and sandwiches - you can't go wrong.
Lipton have been providing tea to over 150 counties since 1880 and never compromise on quality. Only the best tea leaves go into Lipton Ice Tea. All tea leaves are sourced from around the world and are expertly blended so you can enjoy a premium quality experience. So, reward yourself with the fresh, delicious taste that makes iced tea a great choice.
Grab a bottle of Lipton Peach Ice Tea today and taste the brightside and keep completely refreshed with every sip! At Lipton Ice Tea we're about making the everyday more inspiring for everyone, adding real refreshment to real moments and real life.
No preservatives

No artificial colours

No artificial sweeteners

Deliciously refreshing

Made from quality Lipton tea",,,"Per 100g/ml
Per Serving
%DI
Energy
77kJ
192kJ
2%
Protein
<0.1g
<0.1g
<1%
Total Fat
<0.1g
<0.1g
<1%
Saturated Fat
<0.1g
<0.1g
<1%
Carbohydrate
4.3g
10.8g
3%
Sugars
4.2g
10.5g
12%
Sodium
6mg
15mg
<1%
Energy (Cal)
18Cal
46Cal
Dietary Fibre (total)
<0.1g
<0.1g
<1%
* Percentage Daily Intakes are based on an average adult diet of 8700 kJ. Your daily intakes may be higher or lower depending on your energy needs.",,https://www.coles.com.au/product/lipton-ice-tea-peach-tea-iced-tea-bottle-1.5l-6344308,,,2024-06-16T10:51:33.460613-04:00
Ind54SColes_ADrinks_SAIced tea_ILipton Ice Tea Lemon Tea Iced Tea Bottle | 500mL,Lipton Ice Tea Lemon Tea Iced Tea Bottle | 500mL,Lipton,Drinks,Iced tea,Single & multi serve,,$3.00,,,$6.00 per 1L,9446337,"Quench your thirst and experience original refreshment with Lipton Lemon Ice Tea, an ice tea classic that you're sure to love. Lipton Lemon Ice Tea is made with quality black Lipton Tea for a taste that will delight your taste buds and leave you feeling cool and refreshed.
Lipton Lemon Ice Tea contains no artificial colours, no preservatives, and no artificial sweeteners.
The convenient 500ml bottle size is also perfect for on the go occasions and or when you're looking for a single serve snack.
Lipton Lemon Ice Tea blend is perfect enjoyed on its own and any time of the day, but is also a great addition to all kinds of meals. We recommend matching it with spicy food, Asian food, salads and sandwiches - you can't go wrong.
Lipton have been providing tea to over 150 counties since 1880 and never compromise on quality. Only the best tea leaves go into Lipton Ice Tea. All tea leaves are sourced from around the world and expertly blended so you can enjoy a premium quality experience. So, reward yourself with the fresh, delicious taste that makes iced tea a great choice.
Grab a bottle of Lipton Lemon Ice Tea today and experience real refreshment!
No preservatives

No artificial colours

No artificial sweeteners

Deliciously refreshing drink

Made from quality Lipton tea",,,"Per 100g/ml
Per Serving
%DI
Energy
75kJ
375kJ
4%
Protein
<0.1g
0.1g
<1%
Total Fat
<0.1g
<0.1g
<1%
Saturated Fat
0g
0g
0%
Carbohydrate
4.3g
21.5g
7%
Sugars
4.2g
21.0g
23%
Sodium
7mg
35mg
2%
Energy (Cal)
18Cal
90Cal
Dietary Fibre (total)
<0.1g
<0.1g
<1%
* Percentage Daily Intakes are based on an average adult diet of 8700 kJ. Your daily intakes may be higher or lower depending on your energy needs.",,https://www.coles.com.au/product/lipton-ice-tea-lemon-tea-iced-tea-bottle-500ml-9446337,,,2024-06-16T10:51:46.107745-04:00
Ind54SColes_ADrinks_SAIced tea_ILipton Ice Tea Sugar Free Ice Tea Lemon Iced Tea Bottle | 1.5L,Lipton Ice Tea Sugar Free Ice Tea Lemon Iced Tea Bottle | 1.5L,Lipton,Drinks,Iced tea,Single & multi serve,,$3.50,,$6.00,$2.33 per 1L,5171521,"Our favourite ice tea just got better with Lipton No Sugar Lemon Ice Tea, the same great Lipton Ice Tea taste now with no sugar.

Quench your thirst and experience refreshment with a citrusy Lemon Lipton Ice Tea flavour hit that has absolutely no sugar with Lipton No Sugar Lemon Ice Tea. Lipton No Sugar Lemon Ice Tea is made with quality black Lipton Tea for a taste that will delight your taste buds and leave you feeling cool and refreshed. A refreshing and delicious drink, full of flavour that you can drink all day with no worries about sugar.

No Sugar Lemon flavoured Lipton Ice Tea contains no artificial colours, no preservatives and absolutely no sugar.

The 1.5L multi serve bottle is also the perfect size for sharing with friends and family.

Lipton No Sugar Lemon Ice Tea is perfect enjoyed on its own and any time of the day, but is also a great addition to all kinds of meals. We recommend matching it with spicy food, Asian food, salads and sandwiches - you can't go wrong.

Lipton have been providing tea to over 150 counties since 1880 and never compromise on quality. Only the best tea leaves go into Lipton Ice Tea. All tea leaves are sourced from around the world and are expertly blended so you can enjoy a premium quality experience. So, reward yourself with the fresh, delicious taste that makes iced tea a great choice. No Sugar, 100% taste!
100% Taste, No Sugar

Made from real quality Lipton tea leaves

No artificial colours and no preservatives

Perfect for Sharing

Deliciously refreshing, enjoy chilled over ice",,,"Per 100g/ml
Per Serving
%DI
Energy
4kJ
10kJ
<1%
Protein
<0.1g
<0.1g
<1%
Total Fat
<0.1g
<0.1g
<1%
Saturated Fat
0g
0g
0%
Carbohydrate
0.1g
0.2g
<1%
Sugars
0g
0g
0%
Sodium
7mg
18mg
<1%
Energy (Cal)
1Cal
2Cal
Dietary Fibre (total)
<0.1g
<0.1g
<1%
* Percentage Daily Intakes are based on an average adult diet of 8700 kJ. Your daily intakes may be higher or lower depending on your energy needs.",,https://www.coles.com.au/product/lipton-ice-tea-sugar-free-ice-tea-lemon-iced-tea-bottle-1.5l-5171521,,,2024-06-16T10:51:57.349406-04:00
Ind54SColes_ADrinks_SAIced tea_ILipton Ice Tea Peach Tea Iced Tea Bottle | 1.5L,Lipton Ice Tea Peach Tea Iced Tea Bottle | 1.5L,Lipton,Drinks,Iced tea,Single & multi serve,,$3.50,,$6.00,$2.33 per 1L,6344308,"Get ready for a delicious Peach Lipton Ice Tea flavour hit with Lipton Peach Ice Tea, a Lipton Ice Tea favourite! Lipton Peach Tea is made with quality black Lipton Tea for a taste that will delight your taste buds and leave you feeling cool and refreshed.
Peach flavoured Lipton Ice Tea contains no artificial colours, no preservatives, and no artificial sweeteners.
The 1.5L multi serve bottle is also the perfect size for sharing with friends and family.
Lipton Peach Ice Tea is perfect enjoyed on its own and any time of the day, but is also a great addition to all kinds of meals. We recommend matching it with spicy food, Asian food, salads and sandwiches - you can't go wrong.
Lipton have been providing tea to over 150 counties since 1880 and never compromise on quality. Only the best tea leaves go into Lipton Ice Tea. All tea leaves are sourced from around the world and are expertly blended so you can enjoy a premium quality experience. So, reward yourself with the fresh, delicious taste that makes iced tea a great choice.
Grab a bottle of Lipton Peach Ice Tea today and taste the brightside and keep completely refreshed with every sip! At Lipton Ice Tea we're about making the everyday more inspiring for everyone, adding real refreshment to real moments and real life.
No preservatives

No artificial colours

No artificial sweeteners

Deliciously refreshing

Made from quality Lipton tea",,,"Per 100g/ml
Per Serving
%DI
Energy
77kJ
192kJ
2%
Protein
<0.1g
<0.1g
<1%
Total Fat
<0.1g
<0.1g
<1%
Saturated Fat
<0.1g
<0.1g
<1%
Carbohydrate
4.3g
10.8g
3%
Sugars
4.2g
10.5g
12%
Sodium
6mg
15mg
<1%
Energy (Cal)
18Cal
46Cal
Dietary Fibre (total)
<0.1g
<0.1g
<1%
* Percentage Daily Intakes are based on an average adult diet of 8700 kJ. Your daily intakes may be higher or lower depending on your energy needs.",,https://www.coles.com.au/product/lipton-ice-tea-peach-tea-iced-tea-bottle-1.5l-6344308,,,2024-06-16T11:11:00.571506-04:00
Ind54SColes_ADrinks_SAJuice_IBoost Mango Sunshine Juice Chilled | 1L,Boost Mango Sunshine Juice Chilled | 1L,Boost,Drinks,Juice,Chilled juice,,$6.20,,,$6.20 per 1L,3412376,"Boost Mango Sunshine Juice is a tasty blend of pear, apple, mango, banana, and passionfruit, perfect as a refreshing drink to go with your meals or for during an afternoon break. It has the tastiest infusions, deliciously thirst-quenching for everyone to enjoy.
Made in Australia",,,"Per 100g/ml
Per Serving
%DI
Energy
164kJ
328kJ
Protein
0.1g
0.2g
Total Fat
<0.1g
<0.1g
Saturated Fat
<0.1g
<0.1g
Carbohydrate
9.6g
19.2g
Sugars
7.5g
15g
Sodium
3mg
6mg
Vitamin C
20mg
40mg
100%
* Percentage Daily Intakes are based on an average adult diet of 8700 kJ. Your daily intakes may be higher or lower depending on your energy needs.",,https://www.coles.com.au/product/boost-mango-sunshine-juice-chilled-1l-3412376,,,2024-06-16T10:53:11.720830-04:00
Ind54SColes_ADrinks_SAJuice_IMildura Orange And Mango Fruit Drink | 500mL,Mildura Orange And Mango Fruit Drink | 500mL,Mildura,Drinks,Juice,Chilled juice,,$2.50,,$2.80,$5.00 per 1L,3187473,"Midura Refreshing Fruit Drink is aussie owned and loved. 

Available in a convenient 500ml bottle, a glass of delicious and vibrant fruit drink is a refreshing addition to your day!

Proudly packed in NSW and QLD by and for the Bega Group using local and imported ingredients. The local ingredients are sourced Australia wide.
With fruit juice

Perfect to drink on the go

Easy to pour, resealable pack

Delicious and full flavoured

Refreshing drink

Manufactured in Australia.",,,"Per 100g/ml
Per Serving
%DI
Energy
159kJ
795kJ
9.0%
Protein
0.1g
0.5g
1.0%
Total Fat
0g
0g
0.0%
Saturated Fat
0g
0g
0.0%
Carbohydrate
9.2g
46.0g
15.0%
Sugars
8.8g
44.0g
49.0%
Sodium
2.5mg
12.5mg
1.0%
* Percentage Daily Intakes are based on an average adult diet of 8700 kJ. Your daily intakes may be higher or lower depending on your energy needs.",,https://www.coles.com.au/product/mildura-orange-and-mango-fruit-drink-500ml-3187473,,,2024-06-16T10:53:22.604979-04:00
Ind54SColes_ADrinks_SAJuice_IColes Apple & Blackcurrant Fruit Drink Multipack 250mL | 6 Pack,Coles Apple & Blackcurrant Fruit Drink Multipack 250mL | 6 Pack,Coles,Drinks,Juice,Multi pack juice,,$3.50,,,$2.33 per 1L,2535563,No Artificial Sweeteners35% Fruit Juice,,,"Per 100g/ml
Per Serving
%DI
Energy
152.4
381
Protein
0.1
0.25
Carbohydrate
8.6
21.5
Sugars
8.1
20.25
Sodium
3
7.5
Saturated
0.1
0.25
Energy (Cal)
36.46
91.15
Fat
0.1
0.25
Dietary Fibre (total)
0.1
0.25
* Percentage Daily Intakes are based on an average adult diet of 8700 kJ. Your daily intakes may be higher or lower depending on your energy needs.",,https://www.coles.com.au/product/coles-apple-and-blackcurrant-fruit-drink-multipack-250ml-6-pack-2535563,,,2024-06-16T10:53:34.617767-04:00
Ind54SColes_ADrinks_SAJuice_INudie Probiotic Strawberry & Raspberry Smoothie | 400mL,Nudie Probiotic Strawberry & Raspberry Smoothie | 400mL,Nudie,Drinks,Juice,Chilled juice,,$4.50,,,$11.25 per 1L,4477763,"Gimme that yummy, tummy feelin'
With more than three serves of 100% real fruit and a massive 80 million probiotic cultures per helping, what's not to love? Think of this smoothie as two parts giant hug and one-part fluffy cloud. Sweet strawberry and raspberry tickle the tastebuds while orange, pear and banana bring the right balance of zest and smooth softness to the mix.
80 million cultures per serve* *Contains at least 80 million cultures until the use by date when product is stored at 0-4 C.

No concentrates

No added sugar

No artifical flavours or colours

No preservatives

Made with 100% real fruit.

Contains 3.2 serves of fruit.",,,"Per 100g/ml
Per Serving
%DI
Energy
199kJ
498kJ
Protein
Less than 1g
1.0g
Total Fat
Less than 1g
Less than 1g
Saturated Fat
Less than 1g
Less than 1g
Carbohydrate
11.3g
28.3g
Sugars
8.4g
21.0g
Sodium
Less than 5mg
Less than 5mg
Dietary Fibre (total)
Less than 1g
Less than 1g
* Percentage Daily Intakes are based on an average adult diet of 8700 kJ. Your daily intakes may be higher or lower depending on your energy needs.",,https://www.coles.com.au/product/nudie-probiotic-strawberry-and-raspberry-smoothie-400ml-4477763,,,2024-06-16T10:53:45.450481-04:00
Ind54SColes_ADrinks_SAJuice_IPrima Apple Raspberry Fruit Drink Multipack 200mL | 6 pack,Prima Apple Raspberry Fruit Drink Multipack 200mL | 6 pack,Prima,Drinks,Juice,Multi pack juice,,$4.10,,,"$3.42 per 1L
Was $4.60 on Apr 2024",6631831,"Enjoy Prima Apple Raspberry 200mL on the go or at home. As an accompaniment to lunch or an afternoon pick me up! With no preservatives or artificial colours or flavours. Available in a 6 pack of 200mL juice boxes.
20% fruit juice

No preservatives

No artificial colour

No artifical flavours

Convenient pack size

6 x 200mL Packs.",,,"Per 100g/ml
Per Serving
%DI
Energy
161kJ
322kJ
Protein
0.0g
0.0g
Total Fat
0.0g
0.0g
Saturated Fat
0.0g
0.0g
Carbohydrate
9.4g
18.8g
Sugars
8.9g
17.8g
Sodium
8mg
16mg
* Percentage Daily Intakes are based on an average adult diet of 8700 kJ. Your daily intakes may be higher or lower depending on your energy needs.",,https://www.coles.com.au/product/prima-apple-raspberry-fruit-drink-multipack-200ml-6-pack-6631831,,,2024-06-16T10:53:56.207906-04:00
Ind54SColes_ADrinks_SABeverages_IThe Juice Lab Wellness Shot Kids Mixed Berry Immune | 60mL,The Juice Lab Wellness Shot Kids Mixed Berry Immune | 60mL,The Juice Lab,Drinks,Beverages,Water & juices,,$2.25,,,"$37.51 per 1L
Was $3.50 on Jun 2024",7018376,,,,,,https://www.coles.com.au/product/the-juice-lab-wellness-shot-kids-mixed-berry-immune-60ml-7018376,,,2024-06-16T10:54:05.342003-04:00
Ind54SColes_ADrinks_SAJuice_IRibena Ready To Drink Drink Blackcurrant | 2.4L,Ribena Ready To Drink Drink Blackcurrant | 2.4L,Ribena,Drinks,Juice,Plastic juice bottles,,$6.00,,,$2.50 per 1L,9592850,"Ribena Fruit Drink Blackcurrant has a rich source of Vitamin C and contains no artificial colour, artificial flavour or artificial sweetener.",,,"Per 100g/ml
Per Serving
%DI
Energy
176kJ
352kJ
4%
Protein
<1g
<1g
0%
Total Fat
0g
<1g
0%
Saturated Fat
0g
0g
0%
Carbohydrate
10.1g
20.3g
7%
Sugars
10.1g
20.3g
23%
Sodium
0.4mg
0.8mg
0%
Vitamin C
10mg
20mg
50% RDI**
* Percentage Daily Intakes are based on an average adult diet of 8700 kJ. Your daily intakes may be higher or lower depending on your energy needs.",,https://www.coles.com.au/product/ribena-ready-to-drink-drink-blackcurrant-2.4l-9592850,,,2024-06-16T10:54:17.714776-04:00
Ind54SColes_ADrinks_SAJuice_IGrove Juice Orange Pulp Free | 1.5L,Grove Juice Orange Pulp Free | 1.5L,Grove Juice,Drinks,Juice,Chilled juice,,$6.95,,,$4.63 per 1L,7016100,100% Australian Owned and Grown.,,,"Per 100g/ml
Per Serving
%DI
Energy
174kJ
348kJ
Protein
0.5g
1g
Total Fat
0.1g
0.2g
Saturated Fat
<0.1g
<0.1g
Carbohydrate
9.4g
18.8g
Sugars
9.1g
18.2g
Sodium
<5mg
<5mg
* Percentage Daily Intakes are based on an average adult diet of 8700 kJ. Your daily intakes may be higher or lower depending on your energy needs.",,https://www.coles.com.au/product/grove-juice-orange-pulp-free-1.5l-7016100,,,2024-06-16T10:54:29.605148-04:00
Ind54SColes_ADrinks_SA_IColes Apple Juice 250mL | 6 pack,Coles Apple Juice 250mL | 6 pack,Coles,Drinks,,,,$4.00,,,$2.67 per 1L,2535654,Coles Apple Juice 250ml Apple 6 Pack No added sugar good source of vitamin C,,,"Per 100g/ml
Per Serving
%DI
Energy
181.09
452.73
Protein
0.09
0.23
Carbohydrate
10.30
25.75
Sugars
9.40
23.50
Sodium
8.00
20.00
Saturated
0.09
0.23
Vitamin C
10.00
25.00
Energy (Cal)
43.32
108.31
Fat
0.06
0.15
Dietary Fibre (total)
0.28
0.70
* Percentage Daily Intakes are based on an average adult diet of 8700 kJ. Your daily intakes may be higher or lower depending on your energy needs.",,https://www.coles.com.au/product/coles-apple-juice-250ml-6-pack-2535654,,,2024-06-16T10:54:42.131059-04:00
Ind54SColes_ADrinks_SAJuice_IThe Juice Brothers Morning Start Juice | 1L,The Juice Brothers Morning Start Juice | 1L,The Juice Brothers,Drinks,Juice,Chilled juice,,$5.00,,,$5.00 per 1L,7829222,"Extraordinary tasting juice that cares? You're holding it!

Our orange juice is squeezed rather than crushed to preserve the fruit peels. Our orange, apple and pear fruit peels (including the seeds and cores) are reused as local animal feed.

We're also owned, grown and squeezed right here in Australia because we love what we do and want to keep it local.

No added sugar, just natural sweetness of fruit.",,,"Per 100g/ml
Per Serving
%DI
Energy
175kJ
350kJ
4%
Protein
0.3g
0.6g
1%
Total Fat
<1.0g
<1.0g
<1%
Saturated Fat
0.0g
0.0g
0.0g
Carbohydrate
9.7g
19.4g
6%
Sugars
9.2g
18.4g
20%
Sodium
1mg
2mg
<1%
Monounsaturated
0
0
0
Vitamin C
20mg
40mg
Energy (Cal)
42Cal
84Cal
0
Dietary Fibre (total)
0.7g
1.4g
5%
Polyunsaturated
0
0
0
Potassium
110mg
220mg
0
Trans
0
0
0
* Percentage Daily Intakes are based on an average adult diet of 8700 kJ. Your daily intakes may be higher or lower depending on your energy needs.","Fruit Juices [Pear (43.6%), Orange (40%), Apple (11.5%), Pineapple (3.1%), Passionfruit (0.5%)], Mango Puree (1.3%).",https://www.coles.com.au/product/the-juice-brothers-morning-start-juice-1l-7829222,,,2024-06-16T10:54:53.148861-04:00
Ind54SColes_ADrinks_SAJuice_IOcean Spray Ruby Red Grapefruit Juice | 1.5L,Ocean Spray Ruby Red Grapefruit Juice | 1.5L,Ocean Spray,Drinks,Juice,Plastic juice bottles,,$6.40,,,$4.27 per 1L,4950759,"Made with ruby red grapefruits, which have a unique deep red colour and vibrant taste, plus 100% daily requirement of Antioxidant Vitamin C.",,,"Per 100g/ml
Per Serving
%DI
Energy
201kJ
503kJ
Protein
0g
0g
Total Fat
0g
0g
Saturated Fat
0g
0g
Carbohydrate
11g
27.6g
Sugars
10.8g
27g
Sodium
4mg
9mg
Vitamin C
16mg
40mg
100%
Potassium
39mg
96mg
* Percentage Daily Intakes are based on an average adult diet of 8700 kJ. Your daily intakes may be higher or lower depending on your energy needs.",,https://www.coles.com.au/product/ocean-spray-ruby-red-grapefruit-juice-1.5l-4950759,,,2024-06-16T10:55:04.044881-04:00
Ind54SColes_ADrinks_SAJuice_IGolden Circle Orange Fruit Drink LunchBox Multipack Poppers 6x250mL | 6 pack,Golden Circle Orange Fruit Drink LunchBox Multipack Poppers 6x250mL | 6 pack,Golden Circle,Drinks,Juice,Multi pack juice,,$5.10,Pick any 2 for $8,,$3.40 per 1L,384365,"Excellent for camping and beach days, Golden Circle Orange Burst Fruit Drink is made with no artificial colours, flavours or preservatives. This fruit drink is a tasty treat for when you're out and about. Easy to freeze into ice blocks or delicious straight from the carton, Golden Circle Orange Burst Fruit Drink is sure to be a family favourite. It's great to take on the go too - whether you're heading to work, spending the day at the beach or going to a picnic in the park. Golden Circle, Share the Sunshine.
No artificial colours

No artificial flavours

No preservatives

Good source of vitamin C

Convenient for bringing to picnics and beach trips",,,"Per 100g/ml
Per Serving
%DI
Energy
175 kJ
440 kJ
Protein
0.1 g
0.3 g
Total Fat
0 g
0 g
Saturated Fat
0 g
0 g
Carbohydrate
9.7 g
24.3 g
Sugars
9.2 g
23.0 g
Sodium
9 mg
23 mg
Vitamin C
15 mg
37 mg (92% RDI*)
15 mg
* Percentage Daily Intakes are based on an average adult diet of 8700 kJ. Your daily intakes may be higher or lower depending on your energy needs.",,https://www.coles.com.au/product/golden-circle-orange-fruit-drink-lunchbox-multipack-poppers-6x250ml-6-pack-384365,,,2024-06-16T11:11:58.912807-04:00
Ind54SColes_ADrinks_SAJuice_ICampbells V8 Power Blend Prebiotics Juice Berry | 1.25L,Campbells V8 Power Blend Prebiotics Juice Berry | 1.25L,Campbells,Drinks,Juice,Plastic juice bottles,,$4.80,,$6.00,$3.84 per 1L,7220242,"Refreshingly delicious, V8 Prebiotic Berry gives you the benefits of blended fruit and veggies, as well as added fibre to support gut health in one drink. Enjoy for breakfast or bring to work for a nutritious drink. This healthy juice is a source of  Vitamin C, contains no added sugar and provides 2 serves of vegetables per 250mL serve. 

V8 Prebiotic Berry is a delicious, refreshing blend of juicy apple, strawberry and raspberry with sweet potato, carrot  and beetroot. It also contains added fibre to support gut health. Increase your fruit and veg intake with every sip whilst also supporting a healthy gut


Source of fibre to support gut health
No added sugar
Source of Vitamin C
Plant Based
2  serves of veg per 250ml serve
No added preservatives, no artificial flavours, no artificial colours",,,"Per 100g/ml
Per Serving
%DI
Energy
203kJ
507kJ
0
Protein
0.5g
1.2g
0
Total Fat
0.1g
0.2g
0
Saturated Fat
<0.1g
0.1g
0
Carbohydrate
10.7g
26.8g
0
Sugars
8.9g
22.2g
0
Sodium
35mg
86mg
0
Monounsaturated
0
0
0
Vitamin C
7mg
17mg
Energy (Cal)
48Cal
121Cal
0
Dietary Fibre (total)
1.1g
2.8g
0
Polyunsaturated
0
0
0
Trans
0
0
0
* Percentage Daily Intakes are based on an average adult diet of 8700 kJ. Your daily intakes may be higher or lower depending on your energy needs.",,https://www.coles.com.au/product/campbells-v8-power-blend-prebiotics-juice-berry-1.25l-7220242,,,2024-06-16T11:12:09.764406-04:00
Ind54SColes_ADrinks_SAJuice_IGolden Circle  Tropical Punch Tetra Fruit Drink | 1L,Golden Circle  Tropical Punch Tetra Fruit Drink | 1L,Golden Circle,Drinks,Juice,Packs & Pouches,,$2.70,,,$2.70 per 1L,325730,"Pour yourself a glass of delicious Golden Circle Tropical Punch Fruit Drink. Packed with all your favourite tropical flavours, this fruit drink is sure to be a hit at birthday parties and events. As soon as the sun comes out, it's time to bring out Golden Circle Tropical Punch Fruit Drink. A fruit drink that is a good source of vitamin C, Golden Circle Tropical Punch Fruit Drink is made with no artificial colours, flavours or preservatives. Enjoy it served over ice, use it to sweeten up a smoothie or make homemade ice blocks. Golden Circle, Share the Sunshine.
No artificial colours, flavours or preservatives

A good source of vitamin C

Refreshing blend of apple or pear, pineapple, orange, peach & passionfruit

Can be mixed into your favourite cocktails or mocktails

Best served chilled",,,"Per 100g/ml
Per Serving
%DI
Energy
175 kJ
350 kJ
Protein
0 g
0 g
Total Fat
0 g
0 g
Saturated Fat
0 g
0 g
Carbohydrate
9.6 g
19.2 g
Sugars
9.4 g
18.8 g
Sodium
9 mg
18 mg
Vitamin C
15 mg
30 mg (75% RDI)*
15 mg
* Percentage Daily Intakes are based on an average adult diet of 8700 kJ. Your daily intakes may be higher or lower depending on your energy needs.",,https://www.coles.com.au/product/golden-circle-tropical-punch-tetra-fruit-drink-1l-325730,,,2024-06-16T11:12:21.137062-04:00
Ind54SColes_ADrinks_SAJuice_ICampbell's V8 Hot & Spicy Juice | 1.25L,Campbell's V8 Hot & Spicy Juice | 1.25L,Campbells,Drinks,Juice,Plastic juice bottles,,$5.50,,,$4.40 per 1L,1165436,"V8 Vegetable Hot & Spicy juice is a healthy antioxidant boost. This hot and spicy tomato, carrot, celery and chilli juice contains vitamins. Share this vegetable juice with a friend for a healthy morning pick-me-up. Or if you're short on time, it's the perfect ambient juice for an on-the-go afternoon top up. Grab yourself a V8 fuel up!",,,"Per 100g/ml
Per Serving
%DI
Energy
80kJ
200kJ
0
Protein
0.7g
1.7g
0
Total Fat
0.1g
0.1g
0
Saturated Fat
0.1g
0.1g
0
Carbohydrate
3.4g
8.4g
0
Sugars
2.8g
7.1g
0
Vitamin A
75ug
188ug
Sodium
286mg
716mg
0
Monounsaturated
0
0
0
Vitamin C
16mg
40mg
Energy (Cal)
19Cal
48Cal
0
Dietary Fibre (total)
1.1g
2.7g
0
Polyunsaturated
0
0
0
Trans
0
0
0
* Percentage Daily Intakes are based on an average adult diet of 8700 kJ. Your daily intakes may be higher or lower depending on your energy needs.",,https://www.coles.com.au/product/campbell's-v8-hot-and-spicy-juice-1.25l-1165436,,,2024-06-16T11:12:33.059550-04:00
Ind54SColes_ADrinks_SAJuice_IGolden Circle Refreshers Wild Waterfall | 1L,Golden Circle Refreshers Wild Waterfall | 1L,Golden Circle,Drinks,Juice,Packs & Pouches,,$3.50,Pick any 2 for $4.90,,$3.50 per 1L,6804645,"Freshen up with the delicious flavours of kiwi and watermelon in the Golden Circle Refreshers Wild Waterfall. It's perfect to have on hand for entertaining or to take on the go to enjoy at work or outdoors. Low sugar, Golden Circle Refreshers Wild Waterfall is a fun and refreshing drink option that's sure to be a hit with the whole family. It's a tasty mix of still water and fruit juice with refreshing kiwi and watermelon flavours. No artificial colours, flavours or preservatives.
Kiwi and watermelon flavours

Low sugar

No artificial colours or flavours

No preservatives

Serve chilled for a refreshing taste",,,"Per 100g/ml
Per Serving
%DI
Energy
50kJ
100kJ
Protein
0g
0g
Total Fat
0g
0g
Saturated Fat
0g
0g
Carbohydrate
2.4g
4.8g
Sugars
2.3g
4.6g
Sodium
10mg
20mg
Dietary Fibre (total)
0g
0g
* Percentage Daily Intakes are based on an average adult diet of 8700 kJ. Your daily intakes may be higher or lower depending on your energy needs.",,https://www.coles.com.au/product/golden-circle-refreshers-wild-waterfall-1l-6804645,,,2024-06-16T11:12:43.826882-04:00
Ind54SColes_ADrinks_SAJuice_IGolden Circle Refreshers Island Punch 6x250mL | 6 pack,Golden Circle Refreshers Island Punch 6x250mL | 6 pack,Golden Circle,Drinks,Juice,Multi pack juice,,$5.80,Pick any 2 for $8,,$5.80 per 1L,6823606,"Low sugar, Golden Circle Refreshers Island Punch is an excellent ready-to-drink option for cooling off on hot days. Enjoy chilled or in a glass over ice cubes. Golden Circle Refreshers Island Punch is a refreshing mix of still water, fruit juice and delicious mango, peach & lychee flavours. It contains no artificial colours or flavours and no preservatives. Keep it in your fridge for entertaining or take it on the go to enjoy at work or outdoors.
Convenient on-the-go size

Mango, Peach & Lychee Flavours

Low sugar

No artificial colours, flavours or preservatives

Serve chilled for a refreshing taste",,,"Per 100g/ml
Per Serving
%DI
Energy
45KJ
115kJ
Protein
0.1g
0.3g
Total Fat
0g
0g
Saturated Fat
0g
0g
Carbohydrate
2.4g
6.0g
Sugars
2.3g
5.8g
Sodium
9mg
23mg
Dietary Fibre (total)
0.1g
0.3g
* Percentage Daily Intakes are based on an average adult diet of 8700 kJ. Your daily intakes may be higher or lower depending on your energy needs.","Water (79%), Reconstituted Fruit Juice [Apple (15%), Mango (3.0%), Peach (2.0%)], Natural Flavours, Food Acids (Ascorbic Acid, Malic Acid), Stabiliser (440), Black Carrot Concentrate.",https://www.coles.com.au/product/golden-circle-refreshers-island-punch-6x250ml-6-pack-6823606,,,2024-06-16T11:12:54.803752-04:00
Ind54SColes_ADrinks_SABeverages_IThe Juice Lab Wellness Shot Kids Strawberry Immune | 60mL,The Juice Lab Wellness Shot Kids Strawberry Immune | 60mL,The Juice Lab,Drinks,Beverages,Water & juices,,$2.25,,,"$37.51 per 1L
Was $3.50 on Jun 2024",7027264,,,,,,https://www.coles.com.au/product/the-juice-lab-wellness-shot-kids-strawberry-immune-60ml-7027264,,,2024-06-16T11:13:04.505787-04:00
Ind54SColes_ADrinks_SAJuice_IColes Simply Orange Fruit Drink 20% | 2L,Coles Simply Orange Fruit Drink 20% | 2L,Coles,Drinks,Juice,Chilled juice,,$2.30,,,$1.15 per 1L,7430290,,,,"Per 100g/ml
Per Serving
%DI
Energy
161.98
404.95
Protein
0.09
0.23
Carbohydrate
9.20
23.00
Sugars
9.10
22.75
Sodium
5.00
12.50
Saturated
0.09
0.23
Energy (Cal)
38.75
96.88
Fat
0.09
0.23
Dietary Fibre (total)
0.09
0.23
* Percentage Daily Intakes are based on an average adult diet of 8700 kJ. Your daily intakes may be higher or lower depending on your energy needs.",,https://www.coles.com.au/product/coles-simply-orange-fruit-drink-20percent-2l-7430290,,,2024-06-16T11:13:15.289426-04:00
Ind54SColes_ADrinks_SAJuice_INudie Nothing But Kids Orange Juice | 200mL,Nudie Nothing But Kids Orange Juice | 200mL,Nudie,Drinks,Juice,Chilled juice,,$2.20,,,$11.00 per 1L,7016520,,,,,,https://www.coles.com.au/product/nudie-nothing-but-kids-orange-juice-200ml-7016520,,,2024-06-16T11:13:23.938158-04:00
Ind54SColes_ADrinks_SAJuice_IGolden Circle Apple & Mango Juice No Added Sugar Fruit Juices | 2L,Golden Circle Apple & Mango Juice No Added Sugar Fruit Juices | 2L,Golden Circle,Drinks,Juice,Plastic juice bottles,,$3.50,,$4.80,$1.75 per 1L,5487547,"A mix of two summer flavours in one, Golden Circle Apple Mango Juice is the perfect drink for backyard barbecues and birthday parties. Made with no added sugar, this juice is sure to be a summertime staple in any household. Golden Circle Apple Mango Juice contains no artificial colours, flavours or preservatives. A great mix of two fruit flavours, apple and mango, this juice is perfect to enjoy on hot days. Golden Circle, Share the Sunshine.
No added sugar

No artificial colours, flavours or preservatives

Delicious on its own, in smoothies, and in desserts

Served chilled

Good source of Vitamin C",,,"Per 100g/ml
Per Serving
%DI
Energy
215 kJ
430 kJ
Protein
0.2 g
0.4 g
Total Fat
0.1 g
0.2 g
Saturated Fat
0 g
0 g
Carbohydrate
11.9 g
23.8 g
Sugars
11.8 g
23.6 g
Sodium
8 mg
16 mg
Vitamin C
40 mg
80 mg (200% RDI*)
Dietary Fibre (total)
0.3 g
0.6 g
* Percentage Daily Intakes are based on an average adult diet of 8700 kJ. Your daily intakes may be higher or lower depending on your energy needs.",,https://www.coles.com.au/product/golden-circle-apple-and-mango-juice-no-added-sugar-fruit-juices-2l-5487547,,,2024-06-16T11:13:35.268763-04:00
Ind54SColes_ADrinks_SAJuice_IDaily Juice Green Blend Folate | 1L,Daily Juice Green Blend Folate | 1L,Daily Juice,Drinks,Juice,Chilled juice,,$3.80,,$4.80,$3.80 per 1L,4465345,"Daily Juice has been working since 1989 to create great tasting juice, great for the whole family to enjoy! With fruit ripened in the sun and no added sugar, Daily Juice is packed with good stuff to help kick start your day. 

A glass of delicious green juice blend is a great pick me up when you've got a long busy day ahead. With a blend of folate and vitamin C, Daily Juice Green Blend and Folate juice helps to reduce tiredness and fatigue when consumed as part of a balanced diet. 

Proudly Australian owned, made and loved. 

Contains fresh, reconstituted and from time to time, cold-stored juice. 
With folate and Vit C to keep you energised^",,,"Per 100g/ml
Per Serving
%DI
Energy
183
366
4
Protein
0.5
1
2
Total Fat
<1
<1
<1
Saturated Fat
0
0
0
Carbohydrate
9.9
19.8
6
Sugars
9.3
18.6
21
Sodium
2
4
<1
Dietary Fibre (total)
0.3
0.6
2
* Percentage Daily Intakes are based on an average adult diet of 8700 kJ. Your daily intakes may be higher or lower depending on your energy needs.",,https://www.coles.com.au/product/daily-juice-green-blend-folate-1l-4465345,,,2024-06-16T11:13:46.239134-04:00
Ind54SColes_ADrinks_SAJuice_IYoufoodz Youjuice Go-Go Greens | 1L,Youfoodz Youjuice Go-Go Greens | 1L,Youfoodz,Drinks,Juice,Chilled juice,,$5.20,,$5.80,$5.20 per 1L,7019200,"Get up 'n GO-GO with a hit of green goodness thanks to apple, pineapple, cucumber, kale, spinach, broccoli, spirulina and a minty fresh finish. Plus, added Vitamin C to boost your wellbeing*. Now available in 1 litre to be shared around, and enjoyed sip after sip!Squeezed full of real Aussie fruit & veg. No added sugar, artificial colours, flavours, concentrates, or preservatives.*Vitamin C contributes to normal immune system function in the context of a healthy diet involving the consumption of a variety of foods.",,,"Per 100g/ml
Per Serving
%DI
Energy
196 kJ
491 kJ
Protein
Less than 1 g
Less than 1 g
Total Fat
Less than 1 g
Less than 1 g
Saturated Fat
Less than 1 g
Less than 1 g
Carbohydrate
11.1 g
27.8 g
Sugars
10.6 g
26.2 g
Sodium
Less than 5 mg
5 mg
Vitamin C
15.0 mg
37.4 mg
Energy (Cal)
47 Cal
117 Cal
* Percentage Daily Intakes are based on an average adult diet of 8700 kJ. Your daily intakes may be higher or lower depending on your energy needs.",,https://www.coles.com.au/product/youfoodz-youjuice-go-go-greens-1l-7019200,,,2024-06-16T11:13:56.969917-04:00
Ind54SColes_ADrinks_SA_INuris Organic Wild Pomegranate Juice Bottle | 1L,Nuris Organic Wild Pomegranate Juice Bottle | 1L,Nuris,Drinks,,,,$7.85,,,$7.85 per 1L,5972291,"Nuris Organic wild pomegranate juice is NFC - Not From Concentrate. Squeezed from fresh, certified organic wild pomegranates. No additives of any kind whatsoever, no colouring, flavour enhancing agents or preservatives. Premium, pure 100% juice Offered in high quality glass bottles",,,"Per 100g/ml
Per Serving
%DI
Energy
246.9kJ
617.3kJ
Protein
<1g
<1g
Total Fat
<1g
<1g
Saturated Fat
<1g
<1g
Carbohydrate
14.5g
36.2g
Sugars
13.5g
33.7g
Sodium
6mg
15mg
* Percentage Daily Intakes are based on an average adult diet of 8700 kJ. Your daily intakes may be higher or lower depending on your energy needs.",,https://www.coles.com.au/product/nuris-organic-wild-pomegranate-juice-bottle-1l-5972291,,,2024-06-16T11:14:08.713932-04:00
Ind54SColes_ADrinks_SAJuice_IColes Carrot Apple Ginger OJ | 500mL,Coles Carrot Apple Ginger OJ | 500mL,Coles,Drinks,Juice,Chilled juice,,$2.40,,,$4.80 per 1L,5642210,,,,"Per 100g/ml
Per Serving
%DI
Energy
168.03
420.08
Protein
0.20
0.50
Total Fat
LESS THAN 1g
LESS THAN 1g
0
Saturated Fat
LESS THAN 1g
LESS THAN 1g
1
Carbohydrate
9.30
23.25
Sugars
8.40
21.00
Sodium
43.00
107.50
Saturated
0.09
0.23
Vitamin C
20.00
50.00
Energy (Cal)
40.20
100.50
Fat
0.09
0.23
Dietary Fibre (total)
0.40
1.00
* Percentage Daily Intakes are based on an average adult diet of 8700 kJ. Your daily intakes may be higher or lower depending on your energy needs.",,https://www.coles.com.au/product/coles-carrot-apple-ginger-oj-500ml-5642210,,,2024-06-16T11:14:19.636507-04:00
Ind54SColes_ADrinks_SAJuice_INudie Tropical Breakfast Juice | 1L,Nudie Tropical Breakfast Juice | 1L,Nudie,Drinks,Juice,Chilled juice,,$6.00,,,$6.00 per 1L,7016541,,,,,,https://www.coles.com.au/product/nudie-tropical-breakfast-juice-1l-7016541,,,2024-06-16T11:14:28.219336-04:00
Ind54SColes_ADrinks_SAStationery & media_ISharpie Permanent Markers Fine Tip | 2 pack,Sharpie Permanent Markers Fine Tip | 2 pack,Sharpie,Drinks,Stationery & media,Stationery,,$3.36,,$5.60,$1.68 per 1ea,3251142,"Bold to the max and permanent to the core, Sharpie Permanent Markers inspire you to transform ordinary surfaces into passionately creative statements. Made to write practically everywhere, vivid Sharpie markers eliminate dull and boring. The original permanent marker, Sharpie has iconic ink that dries quickly and resists both water and fading. While pale imitations wither away, Sharpie markers make creations that endure. Featuring a bold fine point built for jaw-dropping marks, Sharpie Permanent Markers ignite courageous self-expression.
Proudly permanent ink marks on paper, plastic, metal, and most other surfaces

Intensely brilliant colours create eye-popping, vibrant impressions

Remarkably resilient ink dries quickly and resists fading and water; AP certified

Endlessly versatile fine tip makes impressively bold, detailed marks

Colourful options: Includes 2 Black Sharpie permanent markers",,,,,https://www.coles.com.au/product/sharpie-permanent-markers-fine-tip-2-pack-3251142,,,2024-06-16T11:14:36.853085-04:00
Ind54SColes_ADrinks_SAJuice_IDaily Juice Limited Edition | 1L,Daily Juice Limited Edition | 1L,Daily Juice,Drinks,Juice,Chilled juice,,$3.80,,$4.80,$3.80 per 1L,4465378,"Daily Juice has been working since 1989 to create great tasting juice, great for the whole family to enjoy! With fruit ripened in the sun and no added sugar, Daily Juice is packed with good stuff to help kick start your day. 

Daily Juice Co Mango Blend with Vitamin A & C has been created to support your immunity (Vitamin A&C support healthy immune functions when consumed as part of a balanced diet), to help you continue to lead a healthy, happy and balanced lifestyle. 

Proudly Australian owned, made and loved. 

Contains fresh, reconstituted and from time to time, cold-stored juice.  
Your daily dose of happiness!

with vitamin A & C to support immunity

No added sugar

Packed with the good stuff to kick start your day!",,,"Per 100g/ml
Per Serving
%DI
Energy
181kJ
362kJ
4%
Protein
0.4g
0.8g
2%
Total Fat
<1.0g
<1.0g
<1%
Saturated Fat
0.0g
0.0g
0%
Carbohydrate
10g
20g
6%
Sugars
9.0g
18g
20%
Vitamin A
58ug
115ug
15% RDI*
Sodium
2.0mg
4.0mg
<1%
Vitamin C
40mg
80mg
200% RDI*
Energy (Cal)
43Cal
86Cal
Dietary Fibre (total)
0.5g
1.0g
3%
* Percentage Daily Intakes are based on an average adult diet of 8700 kJ. Your daily intakes may be higher or lower depending on your energy needs.",,https://www.coles.com.au/product/daily-juice-limited-edition-1l-4465378,,,2024-06-16T11:14:47.927433-04:00
Ind54SColes_ADrinks_SAJuice_IColes Apple Fruit Drink 250mL | 6 Pack,Coles Apple Fruit Drink 250mL | 6 Pack,Coles,Drinks,Juice,Multi pack juice,,$3.50,,,$2.33 per 1L,2535574,No Artificial Sweeteners35% Fruit Juice,,,"Per 100g/ml
Per Serving
%DI
Energy
152.4
381
Protein
0.1
0.25
Saturated Fat
LESS THAN 1g
LESS THAN 1g
1
Carbohydrate
8.6
21.5
Sugars
8.1
20.25
Sodium
3
7.5
Saturated
0.1
0.25
Energy (Cal)
36
91
Fat
0.1
0.25
Dietary Fibre (total)
0.1
0.25
* Percentage Daily Intakes are based on an average adult diet of 8700 kJ. Your daily intakes may be higher or lower depending on your energy needs.",,https://www.coles.com.au/product/coles-apple-fruit-drink-250ml-6-pack-2535574,,,2024-06-16T11:14:58.619266-04:00
Ind54SColes_ADrinks_SAJuice_ILo Bros Organic Lemon Lime and Bitters Soda Chilled | 330mL,Lo Bros Organic Lemon Lime and Bitters Soda Chilled | 330mL,Lo Bros,Drinks,Juice,Chilled juice,,$3.20,,$4.20,$9.70 per 1L,3214838,"Our live fermented Lemon, Lime & Bitters is made by blending kombucha, raw apple cider vinegar with aromatic bitters made from botanical herb, spice and citrus extracts.
We use traditional fermentation processes to create enzymes and convert natural sugars into beneficial acids. The resulting drink delivers a classic Lemon, Lime & Bitters taste with millions of probiotic bacteria and is naturally low in sugar.",,,"Per 100g/ml
Per Serving
%DI
Energy
<40kJ
<40kJ
Protein
<1g
<1g
Total Fat
<1g
<1g
Saturated Fat
<1g
<1g
Carbohydrate
0.3g
1g
Sugars
0.3g
1g
Sodium
<5mg
<5mg
Dietary Fibre (total)
<1g
<1g
* Percentage Daily Intakes are based on an average adult diet of 8700 kJ. Your daily intakes may be higher or lower depending on your energy needs.",,https://www.coles.com.au/product/lo-bros-organic-lemon-lime-and-bitters-soda-chilled-330ml-3214838,,,2024-06-16T11:15:10.750263-04:00
Ind54SColes_ADrinks_SAJuice_IColes Apple Juice | 2L,Coles Apple Juice | 2L,Coles,Drinks,Juice,Plastic juice bottles,,$2.80,,,$1.40 per 1L,2531530,Coles 2L Apple juice. Made with no added sugar and is a good source of vitamin C,,,"Per 100g/ml
Per Serving
%DI
Energy
181.09
452.73
Protein
0.09
0.23
Carbohydrate
10.30
25.75
Sugars
9.40
23.50
Sodium
8.00
20.00
Saturated
0.09
0.23
Vitamin C
10.00
25.00
Energy (Cal)
43.32
108.31
Fat
0.06
0.15
Dietary Fibre (total)
0.28
0.70
* Percentage Daily Intakes are based on an average adult diet of 8700 kJ. Your daily intakes may be higher or lower depending on your energy needs.",,https://www.coles.com.au/product/coles-apple-juice-2l-2531530,,,2024-06-16T11:15:21.696802-04:00
Ind54SColes_ADrinks_SAJuice_IImpressed Essentials Orange Juice Pulp Free | 1L,Impressed Essentials Orange Juice Pulp Free | 1L,Impressed,Drinks,Juice,Chilled juice,,$4.80,,,$4.80 per 1L,4845620,,,,"Per 100g/ml
Per Serving
%DI
Energy
197kJ
493kJ
Protein
0.6g
1.5g
Total Fat
0.1g
0.1g
Saturated Fat
0.1g
0.1g
Carbohydrate
10.9g
27.3g
Sugars
8.5g
21.3g
Sodium
1mg
1mg
* Percentage Daily Intakes are based on an average adult diet of 8700 kJ. Your daily intakes may be higher or lower depending on your energy needs.",,https://www.coles.com.au/product/impressed-essentials-orange-juice-pulp-free-1l-4845620,,,2024-06-16T11:15:33.843682-04:00
Ind54SColes_ADrinks_SAJuice_IColes Apple Orange Mango Nas | 3L,Coles Apple Orange Mango Nas | 3L,Coles,Drinks,Juice,Chilled juice,,$5.20,,,$1.73 per 1L,7430234,,,,"Per 100g/ml
Per Serving
%DI
Energy
189.80
474.50
Protein
0.10
0.25
Carbohydrate
10.80
27.00
Sugars
9.80
24.50
Sodium
5.00
12.50
Saturated
0.10
0.25
Energy (Cal)
45.41
113.52
Fat
0.10
0.25
Dietary Fibre (total)
0.10
0.25
* Percentage Daily Intakes are based on an average adult diet of 8700 kJ. Your daily intakes may be higher or lower depending on your energy needs.",,https://www.coles.com.au/product/coles-apple-orange-mango-nas-3l-7430234,,,2024-06-16T11:15:44.526545-04:00
Ind54SColes_ADrinks_SAJuice_IDaily Juice No Added Sugar Orange Juice | 2L,Daily Juice No Added Sugar Orange Juice | 2L,Daily Juice,Drinks,Juice,Chilled juice,,$6.20,,,$3.10 per 1L,5129900,"Daily Juice has been working since 1989 to create great tasting juice, great for the whole family to enjoy! With fruit ripened in the sun and no added sugar, Daily Juice is packed with good stuff to help kick start your day. 

For a delicious kick start to your day, pair a glass of delicious Daily Juice Orange Juice with a bowl of delicious and nutritious granola muesli with berries. 

Proudly Australian owned, made and loved. 

Contains fresh, reconstituted and from time to time, cold-stored juice.  
No Added Sugar

5 Star Health rating

With the goodness of Vitamin C

1 serve of fruit per 125mL of fruit Juice as part of a balanced diet

Perfect for breakfast or as a refreshment/snack

Manufactured in Australia.",,,"Per 100g/ml
Per Serving
%DI
Energy
167kJ
334kJ
4%
Protein
0.6g
1.2g
2%
Total Fat
<1.0g
<1.0g
<1%
Saturated Fat
0g
0g
0%
Carbohydrate
8.9g
17.8g
6%
Sugars
8.2g
16.4g
18%
Sodium
2mg
4mg
<1%
Vitamin C
37mg
74mg
185% RDI*
Energy (Cal)
40Cal
80Cal
Dietary Fibre (total)
0.2g
0.4g
1%
Potassium
180mg
360mg
* Percentage Daily Intakes are based on an average adult diet of 8700 kJ. Your daily intakes may be higher or lower depending on your energy needs.",,https://www.coles.com.au/product/daily-juice-no-added-sugar-orange-juice-2l-5129900,,,2024-06-16T11:15:55.860867-04:00
Ind54SColes_ADrinks_SAJuice_IThe Juice Brothers Morning Start Juice | 1L,The Juice Brothers Morning Start Juice | 1L,The Juice Brothers,Drinks,Juice,Chilled juice,,$5.00,,,$5.00 per 1L,7829222,"Extraordinary tasting juice that cares? You're holding it!

Our orange juice is squeezed rather than crushed to preserve the fruit peels. Our orange, apple and pear fruit peels (including the seeds and cores) are reused as local animal feed.

We're also owned, grown and squeezed right here in Australia because we love what we do and want to keep it local.

No added sugar, just natural sweetness of fruit.",,,"Per 100g/ml
Per Serving
%DI
Energy
175kJ
350kJ
4%
Protein
0.3g
0.6g
1%
Total Fat
<1.0g
<1.0g
<1%
Saturated Fat
0.0g
0.0g
0.0g
Carbohydrate
9.7g
19.4g
6%
Sugars
9.2g
18.4g
20%
Sodium
1mg
2mg
<1%
Monounsaturated
0
0
0
Vitamin C
20mg
40mg
Energy (Cal)
42Cal
84Cal
0
Dietary Fibre (total)
0.7g
1.4g
5%
Polyunsaturated
0
0
0
Potassium
110mg
220mg
0
Trans
0
0
0
* Percentage Daily Intakes are based on an average adult diet of 8700 kJ. Your daily intakes may be higher or lower depending on your energy needs.",,https://www.coles.com.au/product/the-juice-brothers-morning-start-juice-1l-7829222,,,2024-06-16T11:16:07.424652-04:00
Ind54SColes_ADrinks_SAJuice_IMildura Juice Apple Guava | 3L,Mildura Juice Apple Guava | 3L,Mildura,Drinks,Juice,Chilled juice,,$5.80,,,$1.93 per 1L,7680560,,,,,,https://www.coles.com.au/product/mildura-juice-apple-guava-3l-7680560,,,2024-06-16T11:16:16.236081-04:00
Ind54SColes_ADrinks_SAJuice_IDaily Juice Pulp Free No Added Sugar Orange Juice | 500mL,Daily Juice Pulp Free No Added Sugar Orange Juice | 500mL,Daily Juice,Drinks,Juice,Chilled juice,,$3.00,,,$6.00 per 1L,8757069,"With great flavour, no added sugar and packed in a convenient 500ml bottle, Daily Juice Orange Pulp Free Juice is the ideal 'on-the-go' pick me up to support your busy lifestyle!

Recharge with Vitamin C, which supports energy and reduces feelings of tiredness and fatigue when consumed as part of a balanced diet. 

Proudly Australian owned, made and loved. 

Contains fresh, reconstituted and from time to time, cold-stored juice. 
No Added Sugar

5 Star Health rating

With the goodness of Vitamin C

1 serve of fruit per 125mL of fruit Juice as part of a balanced diet

Perfect for breakfast or as a refreshment/snack

Manufactured in Australia.",,,"Per 100g/ml
Per Serving
%DI
Energy
167kJ
835kJ
10%
Protein
0.6g
3.0g
6%
Total Fat
<1.0g
<1.0g
<1%
Saturated Fat
0.0g
0.0g
0.0%
Carbohydrate
8.9g
44.5g
14%
Sugars
8.2g
41.0g
46%
Sodium
2.0mg
10.0mg
<1%
Vitamin C
30mg
150mg
375% RDI*
Energy (Cal)
40Cal
200Cal
Dietary Fibre (total)
0.2g
1.0g
3%
Potassium
180mg
900mg
* Percentage Daily Intakes are based on an average adult diet of 8700 kJ. Your daily intakes may be higher or lower depending on your energy needs.",,https://www.coles.com.au/product/daily-juice-pulp-free-no-added-sugar-orange-juice-500ml-8757069,,,2024-06-16T11:16:27.519224-04:00
Ind54SColes_ADrinks_SAJuice_IThe Juice Lab Wellness Shot Focus | 60mL,The Juice Lab Wellness Shot Focus | 60mL,The Juice Lab,Drinks,Juice,Chilled juice,,$2.50,,$3.50,$41.67 per 1L,3960713,"When the brain fog kicks in and you need a mental pick-me-up, pick me up! Formulated with all-natural ingredients to help improve focus and cognitive performance.",,,"Per 100g/ml
Per Serving
%DI
Energy
178kJ
106kJ
Protein
<1g
<1g
Total Fat
<1g
<1g
Saturated Fat
<1g
<1g
Carbohydrate
8.5g
5.1g
Sugars
7.6g
4.5g
Sodium
<5mg
<5mg
* Percentage Daily Intakes are based on an average adult diet of 8700 kJ. Your daily intakes may be higher or lower depending on your energy needs.",,https://www.coles.com.au/product/the-juice-lab-wellness-shot-focus-60ml-3960713,,,2024-06-16T11:16:38.471645-04:00
Ind54SColes_ADrinks_SAJuice_IGolden Circle Breakfast Juice No Added Sugar Pineapple Fruit Juice | 2L,Golden Circle Breakfast Juice No Added Sugar Pineapple Fruit Juice | 2L,Golden Circle,Drinks,Juice,Plastic juice bottles,,$3.50,,$4.80,$1.75 per 1L,9051973,"Golden Circle Breakfast Juice contains a mix of fruit juices and is made with no added sugar. It's always good to start your day with a tasty breakfast, which is why Golden Circle Breakfast Juice is the perfect pairing for your next breakfast. With fruity flavours including apple or pear, pineapple, orange, banana and passionfruit, this juice will be a favourite for the whole family. It's made with no artificial colours, flavours or preservatives. Golden Circle, Share the Sunshine.
No added sugar

No artificial colours, flavours or preservatives

The perfect juice to enjoy with breakfast

Served chilled

Delicious on its own, with savoury dishes, smoothies and desserts",,,"Per 100g/ml
Per Serving
%DI
Energy
190 kJ
380 kJ
Protein
0.2 g
0.4 g
Total Fat
0 g
0 g
Saturated Fat
0 g
0 g
Carbohydrate
10.0 g
20.0 g
Sugars
9.0 g
18.0 g
Sodium
10 mg
20 mg
Vitamin C
40 mg
80 mg (200% RDI*)
Dietary Fibre (total)
0.3 g
0.6 g
* Percentage Daily Intakes are based on an average adult diet of 8700 kJ. Your daily intakes may be higher or lower depending on your energy needs.",,https://www.coles.com.au/product/golden-circle-breakfast-juice-no-added-sugar-pineapple-fruit-juice-2l-9051973,,,2024-06-16T11:16:49.279232-04:00
Ind54SColes_ADrinks_SAJuice_ISunraysia Prune Juice Bottle | 250mL,Sunraysia Prune Juice Bottle | 250mL,Sunraysia,Drinks,Juice,Glass juice bottles,,$2.70,,$3.20,$10.80 per 1L,5051042,"All Natural.

Nothing artificial. 

Put the Spring Back in Your Step!

Prunes are a well-known remedy for keeping your digestive system running at its best; potassium, which contributes to normal nervous system function and iron which contributes to normal cognitive function. Like good wine, our prune juices vary from season to season - as it's all natural!
100% Juice

All Natural

Source of Iron

Source of Fibre, Gut Health Boost

Naturally contains potassium

No added sugar.

No Artificial Colours.

No artificial Flavours.",,,"Per 100g/ml
Per Serving
%DI
Energy
272kJ
680kJ
Protein
0.0g
0.0g
Total Fat
0.0g
0.0g
Saturated Fat
0.0g
0.0g
Carbohydrate
15.3g
38.3g
Sugars
8.0g
20.0g
Sodium
13mg
33mg
Energy (Cal)
65Cal
162Cal
Dietary Fibre (total)
1.0g
2.5g
Iron
1.2mg
3.0mg
Potassium
270mg
675mg
Trans
0.0g
0.0g
* Percentage Daily Intakes are based on an average adult diet of 8700 kJ. Your daily intakes may be higher or lower depending on your energy needs.",,https://www.coles.com.au/product/sunraysia-prune-juice-bottle-250ml-5051042,,,2024-06-16T11:17:00.254292-04:00
Ind54SColes_ADrinks_SAJuice_IFruit Co Juice Plus + Apple | 2L,Fruit Co Juice Plus + Apple | 2L,Fruit Co,Drinks,Juice,Plastic juice bottles,,$3.50,,,$1.75 per 1L,3752294,"Made from 99% Juice and enriched with the goodness of Vitamin C and Fibre, FruitCo Juice is the perfect juice for any occasion. FruitCo Juice comes in a convenient and ergonomic 2L PET grip bottle.",,,"Per 100g/ml
Per Serving
%DI
Energy
180kJ
451kJ
5%
Protein
<1g
<1g
1%
Total Fat
<1g
<1g
1%
Saturated Fat
<1g
<1g
1%
Carbohydrate
10.6g
26.5g
9%
Sugars
9.4g
23.5g
29%
Sodium
5mg
13mg
1%
Vitamin C
10mg
25mg
0%
Dietary Fibre (total)
<1g
<1g
8%
* Percentage Daily Intakes are based on an average adult diet of 8700 kJ. Your daily intakes may be higher or lower depending on your energy needs.",,https://www.coles.com.au/product/fruit-co-juice-plus-+-apple-2l-3752294,,,2024-06-16T11:17:12.296548-04:00
Ind54SColes_ADrinks_SA_IPrima Tropical Fruit Drink Multipack 200mL | 6 pack,Prima Tropical Fruit Drink Multipack 200mL | 6 pack,Prima,Drinks,,,,$4.10,,,"$3.42 per 1L
Was $4.60 on Apr 2024",3530292,"Enjoy Prima Tropical 200mL on the go or at home. As an accompaniment to lunch or an afternoon pick me up! With no preservatives or artificial colours or flavours. Available in a 6 pack of 200mL juice boxes.
20% fruit juice

No added sugar

No preservatives

No artificial colour

No artificial flavours

Convenient pack size.

6 x 200mL Packs.",,,"Per 100g/ml
Per Serving
%DI
Energy
83kJ
166kJ
Protein
0.1g
0.2g
Total Fat
0.0g
0.0g
Saturated Fat
0.0g
0.0g
Carbohydrate
4.7g
9.4g
Sugars
1.7g
3.4g
Sodium
2mg
4mg
Dietary Fibre (total)
0.0g
0.0g
* Percentage Daily Intakes are based on an average adult diet of 8700 kJ. Your daily intakes may be higher or lower depending on your energy needs.",,https://www.coles.com.au/product/prima-tropical-fruit-drink-multipack-200ml-6-pack-3530292,,,2024-06-16T11:17:24.260366-04:00
Ind54SColes_ADrinks_SA_IGolden Circle Tetra Drink Golden Pash 6x250mL | 6 pack,Golden Circle Tetra Drink Golden Pash 6x250mL | 6 pack,Golden Circle,Drinks,,,,$5.10,Pick any 2 for $8,,$3.40 per 1L,5127246,"No birthday party, backyard barbecue or picnic in the park is complete without Golden Circle Golden Pash Fruit Drink. Well-loved in many Australian households, this fruit drink is sure to be a hit. Delicious Golden Circle Golden Pash Fruit Drink is made with no artificial colours, flavours or preservatives, and is best served chilled, straight from the carton. Packed as single serves these are great for on the go. Golden Circle, Share the Sunshine.
No artificial colours

No artificial flavours

No preservatives

A good source of vitamin C

Fruit drink with a delicious combination of different fruit flavours",,,"Per 100g/ml
Per Serving
%DI
Energy
175 kJ
440 kJ
Protein
0 g
0 g
Total Fat
0 g
0 g
Saturated Fat
0 g
0 g
Carbohydrate
9.5 g
23.8 g
Sugars
9.3 g
23.3 g
Sodium
9 mg
23 mg
Vitamin C
15 mg
37 mg (92% RDI*)
15 mg
* Percentage Daily Intakes are based on an average adult diet of 8700 kJ. Your daily intakes may be higher or lower depending on your energy needs.",,https://www.coles.com.au/product/golden-circle-tetra-drink-golden-pash-6x250ml-6-pack-5127246,,,2024-06-16T11:17:35.860446-04:00
Ind54SColes_ADrinks_SAJuice_IGrove Juice Orange Pulp Free | 1.5L,Grove Juice Orange Pulp Free | 1.5L,Grove Juice,Drinks,Juice,Chilled juice,,$6.95,,,$4.63 per 1L,7016100,100% Australian Owned and Grown.,,,"Per 100g/ml
Per Serving
%DI
Energy
174kJ
348kJ
Protein
0.5g
1g
Total Fat
0.1g
0.2g
Saturated Fat
<0.1g
<0.1g
Carbohydrate
9.4g
18.8g
Sugars
9.1g
18.2g
Sodium
<5mg
<5mg
* Percentage Daily Intakes are based on an average adult diet of 8700 kJ. Your daily intakes may be higher or lower depending on your energy needs.",,https://www.coles.com.au/product/grove-juice-orange-pulp-free-1.5l-7016100,,,2024-06-16T11:17:46.536290-04:00
Ind54SColes_ADrinks_SAJuice_IColes F&V Juice Gut Goodness | 1L,Coles F&V Juice Gut Goodness | 1L,Coles,Drinks,Juice,Plastic juice bottles,,$2.90,,,$2.90 per 1L,6604431,"With prebiotic fibre for gut health 4 Serves of fruit & veg in every bottle Sweet Potato, Apple, Carrot & Spinach Juice No Added Sugar",,,"Per 100g/ml
Per Serving
%DI
Energy
193.60
484.00
Protein
0.50
1.25
Carbohydrate
10.20
25.50
Sugars
8.50
21.25
Soluble Fibre
1.00
2.50
Sodium
48.00
120.00
Saturated
0.00
0.00
Vitamin C
20.00
50.00
Energy (Cal)
46.32
115.79
Fat
0.10
0.25
Dietary Fibre (total)
1.00
2.50
* Percentage Daily Intakes are based on an average adult diet of 8700 kJ. Your daily intakes may be higher or lower depending on your energy needs.",,https://www.coles.com.au/product/coles-fandv-juice-gut-goodness-1l-6604431,,,2024-06-16T11:17:57.432637-04:00
Ind54SColes_ADrinks_SAJuice_ILo Bros Organic Kombucha Pineapple And Lime | 750mL,Lo Bros Organic Kombucha Pineapple And Lime | 750mL,Lo Bros,Drinks,Juice,Chilled juice,,$7.70,Pick any 2 for $9,,$10.27 per 1L,3210000,"We've taken the joy of summer¦and bottled it. The fresh taste of pineapple with a splash of lime, lightly sparkling, naturally sweet and full of living cultures - it's so tasty you'd run a mile on hot sand to get one! It's time to rethink your drink! Lo Bros brews better-for-you drinks using a little process we like to call the Cycle of Doin' Good. It kicks off with old-school fermentation and know-how using the best organic ingredients, then transforms those bad old sugars into tasty drinks and positive change. Naturally low in sugar, bubbling with millions of living cultures, bursting with refreshing feel good flavour & giving the planet a helping hand too.",,,"Per 100g/ml
Per Serving
%DI
Energy
<40kJ
<40kJ
Protein
<1g
<1g
Total Fat
<1g
<1g
Saturated Fat
<1g
<1g
Carbohydrate
0.3g
0.8g
Sugars
0.3g
0.8g
Sodium
<5mg
<5mg
Dietary Fibre (total)
<1g
<1g
* Percentage Daily Intakes are based on an average adult diet of 8700 kJ. Your daily intakes may be higher or lower depending on your energy needs.",,https://www.coles.com.au/product/lo-bros-organic-kombucha-pineapple-and-lime-750ml-3210000,,,2024-06-16T11:18:08.150040-04:00
Ind54SColes_ADrinks_SAJuice_IRemedy Shot Immune Plus | 60mL,Remedy Shot Immune Plus | 60mL,Remedy,Drinks,Juice,Chilled juice,,$2.50,,$3.50,$41.67 per 1L,4471440,"Your daily multivitamin just got a glow up! With Vitamin A, C and B6, Remedy Immune+ is the perfect friend to have on standby in the pantry, the fridge or your handbag when you've had one too many nights on the wines (we ain't judgin'), work is kickin' your butt, or you just need that extra immune boost. Remedy Shots are:
No sugar, for real
All Natural
Certified Organic
Full of flavour
Vegan
Gluten Free
A-Ok in or out of the fridge",,,"Per 100g/ml
Per Serving
%DI
Energy
18kJ
11kJ
Protein
<1g
<1g
Total Fat
<1g
<1g
Saturated Fat
<1g
<1g
Carbohydrate
<1g
<1g
Sugars
0g
0g
Vitamin A
125mg
75mg
10%
Sodium
<5mg
<5mg
Vitamin C
17mg
10mg
25%
Dietary Fibre (total)
<1g
<1g
Vitamin B6
0.3mg
0.2mg
11%
* Percentage Daily Intakes are based on an average adult diet of 8700 kJ. Your daily intakes may be higher or lower depending on your energy needs.",,https://www.coles.com.au/product/remedy-shot-immune-plus-60ml-4471440,,,2024-06-16T11:18:18.980036-04:00
Ind54SColes_ADrinks_SABeverages_IDaily Juice Green Juice | 2L,Daily Juice Green Juice | 2L,Daily Juice,Drinks,Beverages,Water & juices,,$5.90,,,"$2.95 per 1L
Was $6.20 on Jun 2024",5627930,"Daily Juice has been working since 1989 to create great tasting juice, great for the whole family to enjoy! With fruit ripened in the sun and no added sugar, Daily Juice is packed with good stuff to help kick start your day. 

A glass of delicious green juice blend is a great pick me up when you've got a long busy day ahead. With a blend of folate and vitamin C, Daily Juice Green Blend and Folate juice helps to reduce tiredness and fatigue when consumed as part of a balanced diet. 

Proudly Australian owned, made and loved. 

Contains fresh, reconstituted and from time to time, cold-stored juice.  
No added sugar

Proudly Aussie owned and Aussie made",,,"Per 100g/ml
Per Serving
%DI
Energy
184kJ
368kJ
4%
Protein
0.4g
0.8g
2%
Total Fat
<1.0g
<1.0g
<1%
Saturated Fat
0.0g
0.0g
0%
Carbohydrate
10.0g
20.0g
6%
Sugars
9.4g
18.8g
21%
Sodium
2mg
4mg
<1%
Monounsaturated
0
0
0
Vitamin C
30mg
60mg
Energy (Cal)
44Cal
88Cal
0
Dietary Fibre (total)
0.3g
0.6g
2%
Polyunsaturated
0
0
0
Trans
0
0
0
* Percentage Daily Intakes are based on an average adult diet of 8700 kJ. Your daily intakes may be higher or lower depending on your energy needs.",,https://www.coles.com.au/product/daily-juice-green-juice-2l-5627930,,,2024-06-16T11:18:29.895133-04:00
Ind54SColes_ADrinks_SAJuice_IOcean Spray Classic Cranberry Juice Drink | 1.5L,Ocean Spray Classic Cranberry Juice Drink | 1.5L,Ocean Spray,Drinks,Juice,Plastic juice bottles,,$6.40,,,$4.27 per 1L,9793057,"Enjoy the crisp, clean taste of cranberries loaded with antioxidants from 55 cranberries and 100% daily requirement of Vitamin C.",,,"Per 100g/ml
Per Serving
%DI
Energy
206kJ
516kJ
Protein
0g
0g
Total Fat
0g
0g
Saturated Fat
0g
0g
Carbohydrate
11.5g
28.7g
Sugars
11.3g
28.2g
Sodium
4mg
9mg
Vitamin C
16mg
40mg
100%
Potassium
20mg
50mg
* Percentage Daily Intakes are based on an average adult diet of 8700 kJ. Your daily intakes may be higher or lower depending on your energy needs.",,https://www.coles.com.au/product/ocean-spray-classic-cranberry-juice-drink-1.5l-9793057,,,2024-06-16T11:18:40.679859-04:00
Ind54SColes_ADrinks_SAJuice_IGolden Circle  Guava Nectar Tetra Fruit Drink | 1L,Golden Circle  Guava Nectar Tetra Fruit Drink | 1L,Golden Circle,Drinks,Juice,Plastic juice bottles,,$3.10,,$3.60,$3.10 per 1L,4801850,"A sweet addition to mocktails, smoothies and even savoury recipes, Golden Circle Guava Nectar is a pantry staple. Blend with some frozen fruit for a cooling summer drink or make a rib marinade with this nectar for your next family barbecue. Golden Circle Guava Nectar is a great way to add flavour to sweet and savoury dishes. This nectar is a good source of vitamin C and contains no artificial colours, flavours or preservatives. Get creative in summer by mixing Golden Circle Guava Nectar with lime, butter, sugar & egg yolks to create a citrus butter for pastries or bread. Golden Circle, Share the Sunshine.
Sweet ingredient for smoothies, mocktails and recipes

Good source of vitamin C

No artificial flavours or colours

No preservatives",,,"Per 100g/ml
Per Serving
%DI
Energy
255kJ
510kJ
Protein
0g
0g
Total Fat
0g
0g
Saturated Fat
0g
0g
Carbohydrate
14.4g
28.8g
Sugars
14.0g
28.0g
Sodium
6mg
12mg
Vitamin C
40mg
80mg (200% RDI*)
* Percentage Daily Intakes are based on an average adult diet of 8700 kJ. Your daily intakes may be higher or lower depending on your energy needs.",,https://www.coles.com.au/product/golden-circle-guava-nectar-tetra-fruit-drink-1l-4801850,,,2024-06-16T11:19:37.412552-04:00
Ind54SColes_ADrinks_SAJuice_IColes Green Juice | 2L,Coles Green Juice | 2L,Coles,Drinks,Juice,Chilled juice,,$5.50,,,$2.75 per 1L,5641294,,,,"Per 100g/ml
Per Serving
%DI
Energy
221
551
6
Protein
LESS THAN 1g
2.0
4
Total Fat
LESS THAN 1g
LESS THAN 1g
1
Saturated Fat
LESS THAN 1g
LESS THAN 1g
1
Carbohydrate
11.5
28.8
9
Sodium
5
13
1
Energy (Cal)
53
132
* Percentage Daily Intakes are based on an average adult diet of 8700 kJ. Your daily intakes may be higher or lower depending on your energy needs.",,https://www.coles.com.au/product/coles-green-juice-2l-5641294,,,2024-06-16T11:19:48.253898-04:00
Ind54SColes_ADrinks_SAJuice_ICampbell's V8 Tropical Juice Multipack 250mL | 3 pack,Campbell's V8 Tropical Juice Multipack 250mL | 3 pack,Campbells,Drinks,Juice,Multi pack juice,,$4.00,,$4.50,$5.33 per 1L,7945223,"V8 Tropical juice is a healthy antioxidant boost. This apple, pineapple, passionfruit and carrot juice contains vitamins. Take one of these perfectly sized lunchbox drinks with your packed lunch to enjoy anywhere. Share this multipack of fruit and vegetable juices with a friend for a healthy morning pick-me-up. Or if you're short on time, it's the perfect ambient juice for an on-the-go afternoon top up. Grab yourself a V8 fuel up!
No artificial flavours or colours
No added preservatives or added sugar
Source of vitamin A and antioxidant vitamin C",,,"Per 100g/ml
Per Serving
%DI
Energy
184kJ
459kJ
0
Protein
0.4g
1.0g
0
Total Fat
0.1g
0.2g
0
Saturated Fat
<0.1
0.1g
0
Carbohydrate
10.0g
25.1g
0
Sugars
8.6g
21.4g
0
Vitamin A
75ug
188ug
Sodium
22mg
54mg
0
Monounsaturated
0
0
0
Vitamin C
2mg
4mg
Energy (Cal)
44Cal
110Cal
0
Dietary Fibre (total)
0.4g
0.9g
0
Polyunsaturated
0
0
0
Trans
0
0
0
* Percentage Daily Intakes are based on an average adult diet of 8700 kJ. Your daily intakes may be higher or lower depending on your energy needs.","Each pack contains the juice of: Apple (37.5%)(Reconstituted Juice), Carrot (30%)(Reconstituted Juice), Orange (14%)(Reconstituted Juice), Pear (9.2%)(Reconstituted Juice), Pineapple (7.5%)(Reconstituted Juice), Passionfruit (1%)(Reconstituted Juice), Banana (<1%), Food Acids (Malic Acid, Citric Acid), Vitamin C, Natural Flavours.",https://www.coles.com.au/product/campbell's-v8-tropical-juice-multipack-250ml-3-pack-7945223,,,2024-06-16T11:19:59.278296-04:00
Ind54SColes_ADrinks_SAJuice_IYoufoodz Youjuice Getcha Greens | 350mL,Youfoodz Youjuice Getcha Greens | 350mL,Youfoodz,Drinks,Juice,Chilled juice,,$4.00,,,$11.43 per 1L,5638449,"Sip your way to good health with Youfoodz meanest, greenest blend yet. Youjuice Getcha Greens (350ml) is the easiest way to get your daily greens on the go with apple, pineapple, cucumber, kale, spinach, zucchini, broccoli, and a minty fresh finish.",,,"Per 100g/ml
Per Serving
%DI
Energy
141kJ
497kJ
Protein
Less than 1g
1.9g
Total Fat
Less than 1g
1.2g
Saturated Fat
Less than 1g
Less than 1g
Carbohydrate
6.8g
23.7g
Sugars
6.8g
23.7g
Sodium
8mg
28mg
Energy (Cal)
34Cal
119Cal
* Percentage Daily Intakes are based on an average adult diet of 8700 kJ. Your daily intakes may be higher or lower depending on your energy needs.",,https://www.coles.com.au/product/youfoodz-youjuice-getcha-greens-350ml-5638449,,,2024-06-16T11:20:10.153727-04:00
Ind54SColes_ADrinks_SAJuice_IGolden Circle  Pineapple Juice Fruit Juice | 2L,Golden Circle  Pineapple Juice Fruit Juice | 2L,Golden Circle,Drinks,Juice,Plastic juice bottles,,$4.80,,,$2.40 per 1L,5487536,"Brighten up your week with a glass of Golden Circle Pineapple Juice. Made with no added sugar, this juice is a great way to cool down on a warm day. Containing no artificial colours, flavours or preservatives, and made with no added sugar, Golden Circle Pineapple Juice is a great juice for the whole family to enjoy. Enjoy Golden Circle Pineapple Juice in a fruity smoothie, frozen into ice blocks or mixed into a mocktail. Golden Circle, Share the Sunshine.
No added sugar

No artificial colours, flavours or preservatives

A great way to cool down on a warm day

Refreshing drink

Delicious on its own, with savoury dishes, or with desserts",,,"Per 100g/ml
Per Serving
%DI
Energy
205 kJ
410 kJ
Protein
0.1 g
0.2 g
Total Fat
0 g
0 g
Saturated Fat
0 g
0 g
Carbohydrate
11.0 g
22.0 g
Sugars
11.0 g
22.0 g
Sodium
9 mg
18 mg
Vitamin C
40 mg
80 mg (200% RDI*)
Dietary Fibre (total)
0.2 g
0.4 g
* Percentage Daily Intakes are based on an average adult diet of 8700 kJ. Your daily intakes may be higher or lower depending on your energy needs.",,https://www.coles.com.au/product/golden-circle-pineapple-juice-fruit-juice-2l-5487536,,,2024-06-16T11:20:21.038575-04:00
Ind54SColes_ADrinks_SAJuice_ISunraysia Pouch 99.9% Tropical Juice | 200mL,Sunraysia Pouch 99.9% Tropical Juice | 200mL,Sunraysia,Drinks,Juice,Plastic juice bottles,,$1.50,Pick any 5 for $5.30,,$7.50 per 1L,4159112,"Sunraysia pouches are a wholesome great tasting range of juices with added sugar, no artificial colours, flavours or preservatives. Available in a convenient, durable 200ml single serve pouch that won't split or break. Also great frozen or as a slushie - the perfect addition to any lunchbox.
- 100% Natural.
- Non genetically modified.
- Nothing Artificial.
- No added sugars or preservatives.
- Good Source of Vitamin C.
- 99.9 % Juice.
- BPA Free.
100% Natural

1 Serve of Fruit*

Good Source of Vitamin C

99.9 % Juice, no added sugar

Non genetically modified

Vegetarian & Vegan Friendly.

No artificial colours, flavours or preservatives.

Great Frozen.",,,"Per 100g/ml
Per Serving
%DI
Energy
201kJ
402kJ
Protein
0.1g
0.2g
Total Fat
0.0g
0.0g
Saturated Fat
0.0g
0.0g
Carbohydrate
11.7g
23.4g
Sugars
11.3g
22.6g
Sodium
9mg
18mg
Vitamin C
15mg
30mg
75% RDI#
Energy (Cal)
47Cal
94Cal
Trans
0.0g
0.0g
* Percentage Daily Intakes are based on an average adult diet of 8700 kJ. Your daily intakes may be higher or lower depending on your energy needs.",,https://www.coles.com.au/product/sunraysia-pouch-99.9percent-tropical-juice-200ml-4159112,,,2024-06-16T11:20:31.975129-04:00
Ind54SColes_ADrinks_SAColes Finest_IColes Finest Apple Juice | 2L,Coles Finest Apple Juice | 2L,Coles,Drinks,Coles Finest,Fruit & Fruit Juice,,$5.20,,,$2.60 per 1L,3927117,Refreshing Coles 2L cloudy apple juice made with 100% Australian apples and no added sugar. A refreshing beverage for anytime of day.,,,"Per 100g/ml
Per Serving
%DI
Energy
211.82
529.55
Protein
0.20
0.50
Carbohydrate
12.00
30.00
Sugars
11.10
27.75
Sodium
3.30
8.25
Saturated
0.09
0.23
Energy (Cal)
50.67
126.69
Fat
0.10
0.25
Dietary Fibre (total)
0.09
0.23
* Percentage Daily Intakes are based on an average adult diet of 8700 kJ. Your daily intakes may be higher or lower depending on your energy needs.",,https://www.coles.com.au/product/coles-finest-apple-juice-2l-3927117,,,2024-06-16T11:20:42.744616-04:00
Ind54SColes_ADrinks_SAJuice_IBickford's Cranberry Juice Drink | 1L,Bickford's Cranberry Juice Drink | 1L,Bickfords,Drinks,Juice,Glass juice bottles,,$5.50,,,$5.50 per 1L,9097249,"There's nothing like a chilled glass of Cranberry to make you smile. Not only does it taste amazing, there's an antioxidant hit and some Vitamin C too! And best of all, there's nothing artificial and no preservatives because we know that's important to you.",,,"Per 100g/ml
Per Serving
%DI
Energy
221kJ
553kJ
Protein
<0g
<0g
Total Fat
0g
0g
Saturated Fat
0g
0g
Carbohydrate
13g
32.3g
Sugars
12g
30g
Sodium
1mg
2.5mg
Monounsaturated
0g
0g
Dietary Fibre (total)
0g
0g
Polyunsaturated
0g
0g
Trans
0g
0g
* Percentage Daily Intakes are based on an average adult diet of 8700 kJ. Your daily intakes may be higher or lower depending on your energy needs.",,https://www.coles.com.au/product/bickford's-cranberry-juice-drink-1l-9097249,,,2024-06-16T11:20:54.828068-04:00
Ind54SColes_ADrinks_SAJuice_IOcean Spray Ruby Red Grapefruit Juice | 1.5L,Ocean Spray Ruby Red Grapefruit Juice | 1.5L,Ocean Spray,Drinks,Juice,Plastic juice bottles,,$6.40,,,$4.27 per 1L,4950759,"Made with ruby red grapefruits, which have a unique deep red colour and vibrant taste, plus 100% daily requirement of Antioxidant Vitamin C.",,,"Per 100g/ml
Per Serving
%DI
Energy
201kJ
503kJ
Protein
0g
0g
Total Fat
0g
0g
Saturated Fat
0g
0g
Carbohydrate
11g
27.6g
Sugars
10.8g
27g
Sodium
4mg
9mg
Vitamin C
16mg
40mg
100%
Potassium
39mg
96mg
* Percentage Daily Intakes are based on an average adult diet of 8700 kJ. Your daily intakes may be higher or lower depending on your energy needs.",,https://www.coles.com.au/product/ocean-spray-ruby-red-grapefruit-juice-1.5l-4950759,,,2024-06-16T11:21:05.963269-04:00
Ind54SColes_ADrinks_SAJuice_IDevondale Sparkling Juice Apple | 750mL,Devondale Sparkling Juice Apple | 750mL,Devondale,Drinks,Juice,Glass juice bottles,,$3.20,,$3.65,$4.27 per 1L,4412622,"Australian owned and made
100% natural
No added sugar, colours or preservatives.
100% Sparkling Juice

100% Natural

No added sugar.

No added colours or preservatives.

Kosher",,,"Per 100g/ml
Per Serving
%DI
Energy
206kJ
515kJ
Protein
0g
0g
Total Fat
0g
0g
Saturated Fat
0g
0g
Carbohydrate
12.1g
30.3g
Sugars
9.7g
24.3g
Sodium
5mg
13mg
Energy (Cal)
49Cal
123Cal
* Percentage Daily Intakes are based on an average adult diet of 8700 kJ. Your daily intakes may be higher or lower depending on your energy needs.",,https://www.coles.com.au/product/devondale-sparkling-juice-apple-750ml-4412622,,,2024-06-16T11:21:17.106461-04:00
Ind54SColes_ADrinks_SAJuice_IArepa Nootropic Brain Drink Performance | 300mL,Arepa Nootropic Brain Drink Performance | 300mL,Arepa,Drinks,Juice,Chilled juice,,$7.00,,,$23.33 per 1L,3986466,"Arepa Nootropic Brain Drink Performance 300mL. Designed to keep you calm and thinking clear, from procrastination, brain fog, stress and mental blocks. Formulated by our world-renowned Neuroscientist. ?repay is based on decades of clinical research along with our own independent studies on our finished formula. 100% Natural, Caffeine-free, Effects you can feel.",,,"Per 100g/ml
Per Serving
%DI
Energy
52kJ
155kJ
Protein
12g
37g
Total Fat
0.1g
0.4g
Saturated Fat
0g
0g
Carbohydrate
7.7g
23g
Sugars
4.9g
14.8g
Sodium
3mg
8mg
* Percentage Daily Intakes are based on an average adult diet of 8700 kJ. Your daily intakes may be higher or lower depending on your energy needs.",,https://www.coles.com.au/product/arepa-nootropic-brain-drink-performance-300ml-3986466,,,2024-06-16T11:21:27.958657-04:00
Ind54SColes_ADrinks_SAJuice_IFruit Co Juice Plus + Grape | 2L,Fruit Co Juice Plus + Grape | 2L,Fruit Co,Drinks,Juice,Plastic juice bottles,,$3.50,,,$1.75 per 1L,3752319,"Made from 99% Juice and enriched with the goodness of Vitamin C and Fibre, FruitCo Juice is the perfect juice for any occasion. FruitCo Juice comes in a convenient and ergonomic 2L PET grip bottle.",,,"Per 100g/ml
Per Serving
%DI
Energy
238kJ
595kJ
7%
Protein
<1g
<1g
1%
Total Fat
<1g
<1g
1%
Saturated Fat
<1g
<1g
1%
Carbohydrate
14g
35g
12%
Sugars
13.7g
34.3g
39%
Sodium
5mg
13mg
1%
Vitamin C
10mg
25mg
0%
Dietary Fibre (total)
<1g
<1g
8%
* Percentage Daily Intakes are based on an average adult diet of 8700 kJ. Your daily intakes may be higher or lower depending on your energy needs.",,https://www.coles.com.au/product/fruit-co-juice-plus-+-grape-2l-3752319,,,2024-06-16T11:21:39.122194-04:00
Ind54SColes_ADrinks_SAJuice_IGolden Circle Aussie Blends Queensland Quencher | 1.5L,Golden Circle Aussie Blends Queensland Quencher | 1.5L,Golden Circle,Drinks,Juice,Plastic juice bottles,,$5.50,Pick any 2 for $7,,$3.67 per 1L,6824121,"Golden Circle Aussie Blends Queensland Quencher Apple & Pineapple Fruit Drink flavour brings a refreshing combo of sweetness and citrus zing. Best served chilled, it's perfect for pairing with your favourite meals or just sipping on its own. Golden Circle Aussie Blends Queensland Quencher Apple & Pineapple Fruit Drink is a sweet and tangy tropical fruit drink with a zesty kick. Proudly made with Australian-grown fruit, it contains no added sugar and no artificial colours, flavours or preservatives. Enjoy it chilled or served over ice.
Refreshing tropical fruit drink

No artificial colours, flavours or preservatives

No added sugar

Contains 99% Australian ingredients

Proudly made with Australian-grown fruit",,,"Per 100g/ml
Per Serving
%DI
Energy
110 kJ
220 kJ
Protein
0.1 g
0.2 g
Total Fat
0 g
0 g
Saturated Fat
0 g
0 g
Carbohydrate
6.0 g
12.0 g
Sugars
5.7 g
11.4 g
Sodium
13 mg
26 mg
Vitamin C
33 mg
66 mg (165% RDI*)
Dietary Fibre (total)
0.1 g
0.2 g
* Percentage Daily Intakes are based on an average adult diet of 8700 kJ. Your daily intakes may be higher or lower depending on your energy needs.","Reconstituted Fruit Juice [Apple (30%), Pineapple (25%)], Water, Food Acid (Malic Acid), Natural Flavours, Vitamin C, Stabiliser (466).",https://www.coles.com.au/product/golden-circle-aussie-blends-queensland-quencher-1.5l-6824121,,,2024-06-16T11:21:50.501157-04:00
Ind54SColes_ADrinks_SAJuice_INudie Nothing But Pine Lime | 1L,Nudie Nothing But Pine Lime | 1L,Nudie,Drinks,Juice,Chilled juice,,$6.00,,,$6.00 per 1L,7670114,,,,,,https://www.coles.com.au/product/nudie-nothing-but-pine-lime-1l-7670114,,,2024-06-16T11:21:59.099199-04:00
Ind54SColes_ADrinks_SAJuice_IArepa Nootropic Brain Drink Lite & Sparkling | 300mL,Arepa Nootropic Brain Drink Lite & Sparkling | 300mL,Arepa,Drinks,Juice,Chilled juice,,$7.00,,,$23.33 per 1L,3986499,"Arepa Nootropic Brain Drink Lite & Sparkling 300mL. Designed to keep you calm and thinking clear, from procrastination, brain fog, stress and mental blocks. Formulated by our world-renowned Neuroscientist. ?repay is based on decades of clinical research along with our own independent studies on our finished formula. 100% Natural, Caffeine-free, Effects you can feel.",,,"Per 100g/ml
Per Serving
%DI
Energy
33kJ
99kJ
Protein
7.9g
23.7g
Total Fat
0.1g
0.3g
Saturated Fat
0g
0g
Carbohydrate
2.3g
6.9g
Sugars
0.6g
1.8g
Sodium
0.5mg
1.5mg
* Percentage Daily Intakes are based on an average adult diet of 8700 kJ. Your daily intakes may be higher or lower depending on your energy needs.",,https://www.coles.com.au/product/arepa-nootropic-brain-drink-lite-and-sparkling-300ml-3986499,,,2024-06-16T11:22:10.070481-04:00
Ind54SColes_ADrinks_SAJuice_INudie Carrot Apple Orange & Ginger Juice Chilled | 2L,Nudie Carrot Apple Orange & Ginger Juice Chilled | 2L,Nudie,Drinks,Juice,Chilled juice,,$7.00,,$8.50,$3.50 per 1L,3118313,"Waltz into a fancy pants blend of five-star deliciousness. with double the goodness to boast about, you'll feel like serving these juice from a golden platter (we won't mind if you do!).
Made with 100% real fruit and veg

No added sugar

No preservatives

No artificial flavours

100% Australian Fruit and Veg",,,"Per 100g/ml
Per Serving
%DI
Energy
172kJ
430kJ
Protein
Less than 1g
1.0g
Total Fat
Less than 1g
Less than 1g
Saturated Fat
Less than 1g
Less than 1g
Carbohydrate
9.3g
23.3g
Sugars
8.1g
20.2g
Sodium
33mg
83mg
Dietary Fibre (total)
Less than 1g
1g
Potassium
100mg
250mg
* Percentage Daily Intakes are based on an average adult diet of 8700 kJ. Your daily intakes may be higher or lower depending on your energy needs.",,https://www.coles.com.au/product/nudie-carrot-apple-orange-and-ginger-juice-chilled-2l-3118313,,,2024-06-16T11:22:22.315805-04:00
Ind54SColes_ADrinks_SAStationery & media_ISharpie S-Gel Pens Black | 2 pack,Sharpie S-Gel Pens Black | 2 pack,Sharpie,Drinks,Stationery & media,Stationery,,$4.80,,$8.00,$2.40 per 1ea,3785555,"The power of Sharpie is now in a gel pen with the Sharpie S-Gel. With no smear, no bleed technology and bold, best-in-class ink, this Sharpie pen delivers always-vivid writing. It's a high-performance gel pen with a sleek, professional look that makes it a writing instrument you won't want to loan out. And the contoured rubber grip makes for comfortable writing during any task. Available in multiple point sizes, barrel finishes and gel ink colours, Sharpie S-Gel offers a smooth writing experience perfect for homes, schools, or offices.
Gel pen with no smear, no bleed technology

Intensely bold gel ink colours offer always vivid writing

Contoured rubber grip for a comfortable writing experience

Medium Point (0.7mm)

Includes 2 black gel ink pens",,,,,https://www.coles.com.au/product/sharpie-s-gel-pens-black-2-pack-3785555,,,2024-06-16T11:22:31.481817-04:00
Ind54SColes_ADrinks_SAJuice_ICampbell's V8 Purple Power Juice | 1.25L,Campbell's V8 Purple Power Juice | 1.25L,Campbells,Drinks,Juice,Plastic juice bottles,,$4.80,,$6.00,$3.84 per 1L,2528342,"V8 Power Blend Purple Power juice is a healthy antioxidant boost. This purple carrot, beetroot and apple juice contains vitamins. Share this fruit and veg juice with a friend for a healthy morning pick-me-up. Or if you're short on time, it's the perfect ambient juice for an on-the-go afternoon top up. Grab yourself a V8 Power Blend fuel up!
No artificial flavours or colours
No added preservatives or added sugar
Source of antioxidant vitamin C",,,"Per 100g/ml
Per Serving
%DI
Energy
161kJ
402kJ
0
Protein
0.6g
1.5g
0
Total Fat
0.1g
0.2g
0
Saturated Fat
0.1g
0.1g
0
Carbohydrate
8.5g
21.3g
0
Sugars
8.0g
20.0g
0
Sodium
24mg
59mg
0
Monounsaturated
0
0
0
Vitamin C
4mg
10mg
Energy (Cal)
38Cal
96Cal
0
Dietary Fibre (total)
0.2g
0.5g
0
Polyunsaturated
0
0
0
Trans
0
0
0
* Percentage Daily Intakes are based on an average adult diet of 8700 kJ. Your daily intakes may be higher or lower depending on your energy needs.",,https://www.coles.com.au/product/campbell's-v8-purple-power-juice-1.25l-2528342,,,2024-06-16T11:22:42.383662-04:00
Ind54SColes_ADrinks_SAJuice_IGolden Circle 100% Juice Grape | 2L,Golden Circle 100% Juice Grape | 2L,Golden Circle,Drinks,Juice,Plastic juice bottles,,$4.80,,,$2.40 per 1L,4754375,"Golden Circle Grape Juice is vibrant in both taste and colour. Enjoy it chilled or mix into a smoothie for breakfast. Made with no artificial colours, flavours or preservatives, Golden Circle Grape Juice brings the delicious flavour of grapes into a delicious bright juice. Serve chilled over ice on a warm day or blend into your favourite fruit smoothie for added flavour. Golden Circle Grape Juice contains no added sugar. Golden Circle, Share the Sunshine.
No added sugar

No artificial colour or flavours

Best enjoyed chilled

No preservatives

Delicious in a smoothie",,,"Per 100g/ml
Per Serving
%DI
Energy
270 kJ
540 kJ
Protein
0.1 g
0.2 g
Total Fat
0 g
0 g
Saturated Fat
0 g
0 g
Carbohydrate
15.3 g
30.6 g
Sugars
14.6 g
29.2 g
Sodium
7 mg
14 mg
Vitamin C
40 mg
80 mg (200% RDI*)
Dietary Fibre (total)
0 g
0 g
* Percentage Daily Intakes are based on an average adult diet of 8700 kJ. Your daily intakes may be higher or lower depending on your energy needs.",,https://www.coles.com.au/product/golden-circle-100percent-juice-grape-2l-4754375,,,2024-06-16T11:22:53.349697-04:00
Ind54SColes_ADrinks_SAJuice_IColes Juice Orange | 2L,Coles Juice Orange | 2L,Coles,Drinks,Juice,Plastic juice bottles,,$3.35,,,$1.68 per 1L,2531551,Coles Orange Juice 2L. Made with no added sugar and a good source of vitamin C. The perfect refreshing breakfast beverage.,,,"Per 100g/ml
Per Serving
%DI
Energy
155.83
389.58
Protein
0.50
1.25
Total Fat
0.09
0.23
Carbohydrate
8.00
20.00
Sugars
7.30
18.25
Sodium
5.00
12.50
Saturated
0.09
0.23
Vitamin C
10.00
25.00
Energy (Cal)
37.28
93.20
Dietary Fibre (total)
1.00
2.50
* Percentage Daily Intakes are based on an average adult diet of 8700 kJ. Your daily intakes may be higher or lower depending on your energy needs.",,https://www.coles.com.au/product/coles-juice-orange-2l-2531551,,,2024-06-16T11:23:04.306619-04:00
Ind54SColes_ADrinks_SABeverages_IRemedy Kombucha Raspberry Lemonade | 750mL,Remedy Kombucha Raspberry Lemonade | 750mL,Remedy,Drinks,Beverages,Water & juices,,$5.90,,,"$7.87 per 1L
Was $7.50 on May 2024",3896931,"No sugar. No Nasties. Just REAL kombucha made the old-school way, brewed over 30 days. Our Raspberry Lemonade is a nostalgic childhood flavour upgraded to an all-natural kombucha filled with live cultures, organic acids and antioxidants. This guilt-free, no-sugar fizzy drink is safe for kids and allergen-free. Remedy Kombucha contains:
No Sugar, for real
All Natural
Certified Organic
Low on Caloriesl
Vegan
Gluten Free",,,"Per 100g/ml
Per Serving
%DI
Energy
12kJ
40kJ
Protein
<1g
<1g
Total Fat
<1g
<1g
Saturated Fat
<1g
<1g
Carbohydrate
<1g
<1g
Sugars
0g
0g
Sodium
<5mg
<5mg
Dietary Fibre (total)
<1g
<1g
* Percentage Daily Intakes are based on an average adult diet of 8700 kJ. Your daily intakes may be higher or lower depending on your energy needs.",,https://www.coles.com.au/product/remedy-kombucha-raspberry-lemonade-750ml-3896931,,,2024-06-16T11:23:15.975070-04:00
Ind54SColes_ADrinks_SAJuice_IColes Tropical Juice 250mL | 6 pack,Coles Tropical Juice 250mL | 6 pack,Coles,Drinks,Juice,Multi pack juice,,$4.00,,,$2.67 per 1L,2535643,Coles Tropical juice 250 ml No Added Sugar Good Source of Vitamin C. great for the lucnh box or as a refreshing drink at the park,,,"Per 100g/ml
Per Serving
%DI
Energy
188
471
5
Protein
LESS THAN 1g
LESS THAN 1g
0
Total Fat
LESS THAN 1g
LESS THAN 1g
0
Saturated Fat
LESS THAN 1g
LESS THAN 1g
1
Saturated
0.09
0.23
Vitamin C
10
25
Fat
0.09
0.23
Dietary Fibre (total)
0.40
1.00
* Percentage Daily Intakes are based on an average adult diet of 8700 kJ. Your daily intakes may be higher or lower depending on your energy needs.","INGREDIENTS: Reconstituted Fruit Juices (99.8%) [Apple (64.8%), Orange (28%), Pineapple (4%), Apricot (2%), Passionfruit (0.5%), Mango (0.5%)], Natural Flavours, Vitamin C, Food Acid (Citric Acid).",https://www.coles.com.au/product/coles-tropical-juice-250ml-6-pack-2535643,,,2024-06-16T11:23:26.950565-04:00
Ind54SColes_ADrinks_SAJuice_ICampbell's V8 Apple Berry Fusion Juice Multipack 250mL | 3 pack,Campbell's V8 Apple Berry Fusion Juice Multipack 250mL | 3 pack,Campbells,Drinks,Juice,Multi pack juice,,$4.00,,$4.50,$5.33 per 1L,1165298,"V8 Apple Berry juice is a healthy antioxidant boost. This apple, strawberry and purple juice is packed with vitamins to help you feel your best. We love mixing vegetables and fruits into delicious blends, so you never have to choose between taste or nutrition: you can enjoy both! With no artificial flavours, colours, preservatives or added sugar, it's the perfect juice. Go ahead - shake up the natural goodness in every bottle. Share this multipack of ambient juices for a healthy morning pick-me-up with friends. Or if you're short on time, it's the perfect lunchbox drink for an on-the-go afternoon top up. Grab yourself a V8 fuel up!
No artificial flavours or colours
No added preservatives or added sugar
Source of antioxidant vitamin C",,,"Per 100g/ml
Per Serving
%DI
Energy
210kJ
525kJ
0
Protein
0.2g
0.6g
0
Total Fat
<0.1g
0.1g
0
Saturated Fat
<0.1g
<0.1g
0
Carbohydrate
11.8g
29.6g
0
Sugars
9.9g
24.8g
0
Sodium
14mg
36mg
0
Monounsaturated
0
0
0
Vitamin C
16mg
40mg
Energy (Cal)
50Cal
125Cal
0
Dietary Fibre (total)
0.4g
0.9g
0
Polyunsaturated
0
0
0
Trans
0
0
0
* Percentage Daily Intakes are based on an average adult diet of 8700 kJ. Your daily intakes may be higher or lower depending on your energy needs.",,https://www.coles.com.au/product/campbell's-v8-apple-berry-fusion-juice-multipack-250ml-3-pack-1165298,,,2024-06-16T11:23:37.944723-04:00
Ind54SColes_ADrinks_SABeverages_IRemedy Kombucha Wild Berry | 750mL,Remedy Kombucha Wild Berry | 750mL,Remedy,Drinks,Beverages,Water & juices,,$5.90,,,"$7.87 per 1L
Was $7.50 on May 2024",3951359,"Meet the wild child of the Remedy Kombucha flavoursan all natural blend of strawberry, blackberry and blueberry bliss. Jammy and beautifully aromatic, one sip and you'll be swept away to a warm summer's day. No sugar, naturally and chock full of goodness. Remedy Kombucha contains:
No Sugar, for real
All Natural
Certified Organic
Low on Caloriesl
Vegan
Gluten Free",,,"Per 100g/ml
Per Serving
%DI
Energy
12kJ
40kJ
Protein
<1g
<1g
Total Fat
<1g
<1g
Saturated Fat
<1g
<1g
Carbohydrate
<4g
<1g
Sugars
0g
0g
Sodium
<5mg
<5mg
Dietary Fibre (total)
<1g
<1g
* Percentage Daily Intakes are based on an average adult diet of 8700 kJ. Your daily intakes may be higher or lower depending on your energy needs.",,https://www.coles.com.au/product/remedy-kombucha-wild-berry-750ml-3951359,,,2024-06-16T11:23:48.893284-04:00
Ind54SColes_ADrinks_SAJuice_IEmma And Toms Cloudy Apple Prebiotic Juice | 1L,Emma And Toms Cloudy Apple Prebiotic Juice | 1L,Emma And Toms,Drinks,Juice,Chilled juice,,$4.00,,$6.20,$4.00 per 1L,6381439,"Nothing but Australian apples are pressed into this bottle of goodness. We know when someone wants an apple juice, they want that crisp, wholesome apple flavour, so we haven't filtered out any of the nutrients that help give it that robust taste.",,,"Per 100g/ml
Per Serving
%DI
Energy
224kJ
560kJ
Protein
0.4g
1g
Total Fat
<0.1g
<0.1g
Saturated Fat
<0.1g
<0.1g
Carbohydrate
12.8g
32g
Sugars
11.2g
28g
Sodium
<5mg
<5mg
Dietary Fibre (total)
1.6g
4g
* Percentage Daily Intakes are based on an average adult diet of 8700 kJ. Your daily intakes may be higher or lower depending on your energy needs.",,https://www.coles.com.au/product/emma-and-toms-cloudy-apple-prebiotic-juice-1l-6381439,,,2024-06-16T11:23:59.705413-04:00
Ind54SColes_ADrinks_SAJuice_IBoost Energy Lift Juice Chilled | 1L,Boost Energy Lift Juice Chilled | 1L,Boost,Drinks,Juice,Chilled juice,,$6.20,,,$6.20 per 1L,4866812,"Boost Energy Lift Juice is a blend of pear, orange, mango, pineapple, and apple, perfect as a refreshing drink to go with your meals or for during an afternoon break.
It has the tastiest infusions, deliciously thirst-quenching for everyone to enjoy.",,,"Per 100g/ml
Per Serving
%DI
Energy
197kJ
394kJ
Protein
0.4g
0.8g
Total Fat
<0.1g
<0.1g
Saturated Fat
<0.1g
<0.1g
Carbohydrate
10.8g
21.6g
Sugars
10g
20g
Vitamin A
100ug
200ug
25%
Sodium
<1mg
<1mg
Vitamin C
50mg
100mg
250%
Dietary Fibre (total)
0.7g
1.4g
* Percentage Daily Intakes are based on an average adult diet of 8700 kJ. Your daily intakes may be higher or lower depending on your energy needs.",,https://www.coles.com.au/product/boost-energy-lift-juice-chilled-1l-4866812,,,2024-06-16T11:24:10.771443-04:00
Ind54SColes_ADrinks_SAJuice_ISunraysia Juice Plus Cranberry | 1L,Sunraysia Juice Plus Cranberry | 1L,Sunraysia,Drinks,Juice,Glass juice bottles,,$5.25,,$6.45,$5.25 per 1L,5622529,"100% Natural. No added colours or preservatives. Vitamins & Minerals, Prebiotic Fibre for immunity support. 

Cranberry is known as the longevity berry and combined with Apple and Veggies takes this juice to a new level.  Enhanced with essential Vitamins C, B12, D, Potassium and Prebiotic Fibre to provide great immunity support which is also 50% less calories (per 100mL than the average of Standard Cranberry Juice drink from top selling brands).
100% Natural

Fruit & Vegetables Juice Blend

Vitamin C

Vitamin D

Vitamin B12

Potassium.

Source of Prebiotic Fibre.

No Added Cane Sugar.",,,,,https://www.coles.com.au/product/sunraysia-juice-plus-cranberry-1l-5622529,,,2024-06-16T11:24:21.019296-04:00
Ind54SColes_ADrinks_SAJuice_IColes Apple Juice 250mL | 6 pack,Coles Apple Juice 250mL | 6 pack,Coles,Drinks,Juice,Multi pack juice,,$4.00,,,$2.67 per 1L,2535654,Coles Apple Juice 250ml Apple 6 Pack No added sugar good source of vitamin C,,,"Per 100g/ml
Per Serving
%DI
Energy
181.09
452.73
Protein
0.09
0.23
Carbohydrate
10.30
25.75
Sugars
9.40
23.50
Sodium
8.00
20.00
Saturated
0.09
0.23
Vitamin C
10.00
25.00
Energy (Cal)
43.32
108.31
Fat
0.06
0.15
Dietary Fibre (total)
0.28
0.70
* Percentage Daily Intakes are based on an average adult diet of 8700 kJ. Your daily intakes may be higher or lower depending on your energy needs.",,https://www.coles.com.au/product/coles-apple-juice-250ml-6-pack-2535654,,,2024-06-16T11:24:31.829462-04:00
Ind54SColes_ADrinks_SAJuice_IOriginal Juice Co. Black Label Pulp Free Chilled Orange Juice | 1.5L,Original Juice Co. Black Label Pulp Free Chilled Orange Juice | 1.5L,Original Juice Co,Drinks,Juice,Chilled juice,,$6.50,,,$4.33 per 1L,5972917,For those that love the characteristics and flavour of sweetness and zest with a smooth feel and lighter finish.,,,"Per 100g/ml
Per Serving
%DI
Energy
220kJ
435kJ
Protein
0.7g
1.5g
Total Fat
0.1g
0.2g
Saturated Fat
0g
0g
Carbohydrate
10.8g
21.6g
Sugars
8.6g
17.2g
Sodium
1mg
2mg
* Percentage Daily Intakes are based on an average adult diet of 8700 kJ. Your daily intakes may be higher or lower depending on your energy needs.",,https://www.coles.com.au/product/original-juice-co.-black-label-pulp-free-chilled-orange-juice-1.5l-5972917,,,2024-06-16T11:24:42.636716-04:00
Ind54SColes_ADrinks_SAJuice_IGolden Circle Pear Apple & Raspberry Juice No Added Sugar Fruit Juices | 2L,Golden Circle Pear Apple & Raspberry Juice No Added Sugar Fruit Juices | 2L,Golden Circle,Drinks,Juice,Plastic juice bottles,,$3.50,,$4.80,$1.75 per 1L,2531711,"Cool yourself down with a glass of Golden Circle Pear, Apple & Raspberry Juice. Bringing together three popular fruit flavours with other ingredients, Golden Circle Pear, Apple & Raspberry Juice is made with no added sugar. This fruity summer juice is sure to be a real hit at barbecues and family dinners. It's perfect for any time of the day too, so enjoy a glass with breakfast, or mix with sparkling water for a refreshing afternoon drink. Golden Circle Pear, Apple & Raspberry Juice contains no artificial colours, flavours or preservatives, and is made with no added sugar. Golden Circle, Share the Sunshine.
No added sugar

No artificial colours, flavours or preservatives

Mix with sparkling water for a refreshing afternoon drink

Serve chilled

Enjoy at any time of the day",,,"Per 100g/ml
Per Serving
%DI
Energy
190 kJ
380 kJ
Protein
0.1 g
0.2 g
Total Fat
0 g
0 g
Saturated Fat
0 g
0 g
Carbohydrate
10.6 g
21.2 g
Sugars
9.7 g
19.4 g
Sodium
10 mg
20 mg
Vitamin C
40 mg
80 mg (200% RDI*)
Dietary Fibre (total)
0.3 g
0.6 g
* Percentage Daily Intakes are based on an average adult diet of 8700 kJ. Your daily intakes may be higher or lower depending on your energy needs.",,https://www.coles.com.au/product/golden-circle-pear-apple-and-raspberry-juice-no-added-sugar-fruit-juices-2l-2531711,,,2024-06-16T11:24:53.617629-04:00
Ind54SColes_ADrinks_SAJuice_IGolden Circle Golden Pash Fruit Drink 24x250mL | 6L,Golden Circle Golden Pash Fruit Drink 24x250mL | 6L,Golden Circle,Drinks,Juice,Plastic juice bottles,,$14.90,,,$2.48 per 1L,3961308,"No birthday party, backyard barbecue or picnic in the park is complete without Golden Circle Golden Pash Fruit Drink. Well-loved in many Australian households, this fruit drink is sure to be a hit with your friends and family. Nothing quite beats the delicious taste of Golden Circle Golden Pash Fruit Drink. Made with no artificial colours, flavours or preservatives, this fruit drink is best served straight from the fridge. Golden Circle, Share the Sunshine.
No artificial colours

No artificial flavours

No preservatives

Refreshing and tasty treat on a hot day

250mL size is convenient for on the go",,,"Per 100g/ml
Per Serving
%DI
Energy
175 kJ
440 kJ
Protein
0 g
0 g
Total Fat
0 g
0 g
Saturated Fat
0 g
0 g
Carbohydrate
9.5 g
23.8 g
Sugars
9.3 g
23.3 g
Sodium
9 mg
23 mg
Vitamin C
15 mg
37 mg (92% RDI*)
15 mg
* Percentage Daily Intakes are based on an average adult diet of 8700 kJ. Your daily intakes may be higher or lower depending on your energy needs.",,https://www.coles.com.au/product/golden-circle-golden-pash-fruit-drink-24x250ml-6l-3961308,,,2024-06-16T11:25:04.533666-04:00
Ind54SColes_ADrinks_SAJuice_IOcean Spray Low Sugar Apple Raspberry Pomegrte | 1.5L,Ocean Spray Low Sugar Apple Raspberry Pomegrte | 1.5L,Ocean Spray,Drinks,Juice,Plastic juice bottles,,$6.40,,,$4.27 per 1L,7061535,"Expertly blended Low Sugar Raspberry, Pomegranate & Apple fruit drink, with less than 10 calories per serve, for deliciously fruit refreshment!",,,"Per 100g/ml
Per Serving
%DI
Energy
15kJ
38kJ
Protein
0g
0g
Total Fat
0g
0g
Saturated Fat
0g
0g
Carbohydrate
0.5g
1.2g
Sugars
0.5g
1.2g
Sodium
8mg
20mg
* Percentage Daily Intakes are based on an average adult diet of 8700 kJ. Your daily intakes may be higher or lower depending on your energy needs.",,https://www.coles.com.au/product/ocean-spray-low-sugar-apple-raspberry-pomegrte-1.5l-7061535,,,2024-06-16T11:25:15.854482-04:00
Ind54SColes_ADrinks_SAJuice_IJust Juice Orange Mango Juice Multipack 200mL | 6 pack,Just Juice Orange Mango Juice Multipack 200mL | 6 pack,Just Juice,Drinks,Juice,Multi pack juice,,$5.50,,$6.30,$4.58 per 1L,5001270,"No added sugar
- High in Vitamin C
- No Preservatives
- No Artificial Colours or Flavours
- 1 Serve of Fruit per 125mL (as part of a balanced intake, fruit juice can be a serve of fruit (Australian Dietary Guidelines)).
No Added Sugar

High in Vitamin C

No Preservatives

No Artificial Colours

No Artificial Flavours

1 serve of fruit per 125mL of fruit juice as part of a balanced diet..",,,"Per 100g/ml
Per Serving
%DI
Energy
169kJ
338kJ
4%
Protein
0.6g
1.2g
2%
Total Fat
<1.0g
<1.0g
<1%
Saturated Fat
0.0g
0.0g
0%
Carbohydrate
9.0g
18.0g
6%
Sugars
8.3g
16.5g
18%
Sodium
2.5mg
5.0mg
<1%
Vitamin C
20mg
40mg
100% RDI#
Dietary Fibre (total)
0.2g
0.4g
1%
* Percentage Daily Intakes are based on an average adult diet of 8700 kJ. Your daily intakes may be higher or lower depending on your energy needs.",,https://www.coles.com.au/product/just-juice-orange-mango-juice-multipack-200ml-6-pack-5001270,,,2024-06-16T11:25:26.733873-04:00
Ind54SColes_ADrinks_SAJuice_IFruit Co Juice Plus + 10 Fruits | 2L,Fruit Co Juice Plus + 10 Fruits | 2L,Fruit Co,Drinks,Juice,Plastic juice bottles,,$3.50,,,$1.75 per 1L,3752283,"Made from 99% Juice and enriched with the goodness of Vitamin C and Fibre, FruitCo Juice is the perfect juice for any occasion. FruitCo Juice comes in a convenient and ergonomic 2L PET grip bottle.",,,"Per 100g/ml
Per Serving
%DI
Energy
187kJ
468kJ
6%
Protein
<1g
<1g
1%
Total Fat
<1g
<1g
1%
Saturated Fat
<1g
<1g
1%
Carbohydrate
11g
27.5g
9%
Sugars
10.7g
26.8g
30%
Sodium
5mg
13mg
1%
Vitamin C
10mg
25mg
0%
Dietary Fibre (total)
<1g
<1g
8%
* Percentage Daily Intakes are based on an average adult diet of 8700 kJ. Your daily intakes may be higher or lower depending on your energy needs.",,https://www.coles.com.au/product/fruit-co-juice-plus-+-10-fruits-2l-3752283,,,2024-06-16T11:25:37.617185-04:00
Ind54SColes_ADrinks_SAJuice_IGolden Circle 100% Juice Orange | 2L,Golden Circle 100% Juice Orange | 2L,Golden Circle,Drinks,Juice,Plastic juice bottles,,$4.80,,,$2.40 per 1L,5487445,"Enjoy the delicious taste of oranges with Golden Circle Orange Juice. Made with no added sugar, Golden Circle Orange Juice is a great way to start off your day. Satisfy your craving for the taste of oranges with Golden Circle Orange Juice. This delightful juice is made with no added sugar, making it a great way to start your day. With no preservatives and no artificial colors or flavors, Golden Circle Orange Juice is a good source of Vitamin C. Enjoy it chilled in a glass with ice on a hot summer's day to keep your whole family refreshed. You can also add this juice to a fruity punch, blend it into your favorite fruit smoothies, or even mix it into a salad dressing to add a burst of citrus flavor. As part of the Golden Circle brand, this juice represents the essence of sharing and spreading sunshine. So, indulge in the delicious taste of Golden Circle Orange Juice and let it brighten up your day.
No added sugar

No artificial colours, flavours or preservatives

Delicious on its own or blended into a smoothie

Served chilled

Good source of vitamin C",,,"Per 100g/ml
Per Serving
%DI
Energy
175 kJ
350 kJ
Protein
0.5 g
1.0 g
Total Fat
0.1 g
0.2 g
Saturated Fat
0 g
0 g
Carbohydrate
9.3 g
18.6 g
Sugars
7.6 g
15.2 g
Sodium
8 mg
16 mg
Vitamin C
40 mg
80 mg (200% RDI*)
Dietary Fibre (total)
0.2 g
0.4 g
* Percentage Daily Intakes are based on an average adult diet of 8700 kJ. Your daily intakes may be higher or lower depending on your energy needs.",,https://www.coles.com.au/product/golden-circle-100percent-juice-orange-2l-5487445,,,2024-06-16T11:25:48.538260-04:00
Ind54SColes_ADrinks_SAColes Finest_IColes Finest Juice Orange | 500mL,Coles Finest Juice Orange | 500mL,Coles,Drinks,Coles Finest,Fruit & Fruit Juice,,$2.40,,,$4.80 per 1L,1013915,"Coles Australian pure orange juice, 500mL. Made with 100% Australian oranges and no added sugar, packed into a travel friendly bottle for a refreshment on the go.",,,"Per 100g/ml
Per Serving
%DI
Energy
172.35
430.88
Protein
0.83
2.08
Carbohydrate
9.00
22.50
Sugars
8.20
20.50
Sodium
1.10
2.75
Saturated
0.09
0.23
Vitamin C
20.00
50.00
Energy (Cal)
41.23
103.08
Fat
0.12
0.30
Dietary Fibre (total)
0.10
0.25
* Percentage Daily Intakes are based on an average adult diet of 8700 kJ. Your daily intakes may be higher or lower depending on your energy needs.",,https://www.coles.com.au/product/coles-finest-juice-orange-500ml-1013915,,,2024-06-16T11:25:59.384911-04:00
Ind54SColes_ADrinks_SAJuice_ISunraysia Pouch 99.9% Apple & Strawberry Juice | 200mL,Sunraysia Pouch 99.9% Apple & Strawberry Juice | 200mL,Sunraysia,Drinks,Juice,Plastic juice bottles,,$1.50,Pick any 5 for $5.30,,$7.50 per 1L,4158970,"Sunraysia pouches are a wholesome great tasting range of juices with added sugar, no artificial colours, flavours or preservatives. Available in a convenient, durable 200ml single serve pouch that won't split or break. Also great frozen or as a slushie - the perfect addition to any lunchbox.
- 100% Natural.
- Non genetically modified.
- Nothing Artificial.
- No added sugars or preservatives.
- Good Source of Vitamin C.
- 99.9 % Juice.
- BPA Free.
100% Natural

1 Serve of Fruit*

Good Source of Vitamin C

99.9 % Juice, no added sugar

Non genetically modified

Vegetarian & Vegan Friendly.

No artificial colours, flavours or preservatives.

Great Frozen.",,,"Per 100g/ml
Per Serving
%DI
Energy
188kJ
376kJ
Protein
0.0g
0.0g
Total Fat
0.0g
0.0g
Saturated Fat
0.0g
0.0g
Carbohydrate
10.9g
21.8g
Sugars
10.5g
21.g
Sodium
7mg
14mg
Vitamin C
10mg
20mg
50% RDI#
Energy (Cal)
45Cal
90Cal
Trans
0.0g
0.0g
* Percentage Daily Intakes are based on an average adult diet of 8700 kJ. Your daily intakes may be higher or lower depending on your energy needs.",,https://www.coles.com.au/product/sunraysia-pouch-99.9percent-apple-and-strawberry-juice-200ml-4158970,,,2024-06-16T11:26:11.544233-04:00
Ind54SColes_ADrinks_SAJuice_IOriginal Juice Co Goodness Green Juice | 600mL,Original Juice Co Goodness Green Juice | 600mL,Original,Drinks,Juice,Chilled juice,,$3.80,,,$6.33 per 1L,7863854,,,,,,https://www.coles.com.au/product/original-juice-co-goodness-green-juice-600ml-7863854,,,2024-06-16T11:26:20.801390-04:00
Ind54SColes_ADrinks_SAJuice_INudie Nothing But Kids Tropical Juice | 200mL,Nudie Nothing But Kids Tropical Juice | 200mL,Nudie,Drinks,Juice,Chilled juice,,$2.20,,,$11.00 per 1L,7016494,,,,,,https://www.coles.com.au/product/nudie-nothing-but-kids-tropical-juice-200ml-7016494,,,2024-06-16T11:26:29.651579-04:00
Ind54SColes_ADrinks_SAJuice_IMildura Apple And Guava Fruit Drink | 500mL,Mildura Apple And Guava Fruit Drink | 500mL,Mildura,Drinks,Juice,Chilled juice,,$2.50,,$2.80,$5.00 per 1L,3486204,"Midura Refreshing Fruit Drink is aussie owned and loved. 

Available in a convenient 500ml bottle, a glass of delicious and vibrant fruit drink is a refreshing addition to your day!

Proudly packed in NSW and QLD by and for the Bega Group using local and imported ingredients. The local ingredients are sourced Australia wide.
With fruit juice

Perfect to drink on the go

Easy to pour, resealable pack

Delicious and full flavoured

Refreshing drink

Manufactured in Australia.",,,"Per 100g/ml
Per Serving
%DI
Energy
161kJ
805kJ
9.0%
Protein
0g
0g
0.0%
Total Fat
0g
0g
0.0%
Saturated Fat
0g
0g
0.0%
Carbohydrate
9.2g
46g
15.0%
Sugars
8.9g
44.5g
49.0%
Sodium
2.5mg
12.5mg
1.0%
* Percentage Daily Intakes are based on an average adult diet of 8700 kJ. Your daily intakes may be higher or lower depending on your energy needs.",,https://www.coles.com.au/product/mildura-apple-and-guava-fruit-drink-500ml-3486204,,,2024-06-16T11:26:40.475333-04:00
Ind54SColes_ADrinks_SAJuice_IThe Juice Brothers Orange Juice | 1L,The Juice Brothers Orange Juice | 1L,The Juice Brothers,Drinks,Juice,Chilled juice,,$5.50,,,$5.50 per 1L,7829200,"Extraordinary tasting juice that cares? You're holding it!

Our orange juice is squeezed rather than crushed to preserve the fruit peels. Our orange, apple and pear fruit peels (including the seeds and cores) are reused as local animal feed.

We're also owned, grown and squeezed right here in Australia because we love what we do and want to keep it local.

No added sugar, just natural sweetness of fruit.",,,"Per 100g/ml
Per Serving
%DI
Energy
164kJ
328kJ
4%
Protein
0.6g
1.2g
2%
Total Fat
<1.0g
<1.0g
<1%
Saturated Fat
0.0g
0.0g
0.00%
Carbohydrate
8.7g
17.4g
6%
Sugars
8.1g
16.2g
18%
Sodium
1mg
2mg
<1%
Monounsaturated
0
0
0
Vitamin C
20mg
40mg
Energy (Cal)
39Cal
78Cal
0
Dietary Fibre (total)
0.6g
1.2g
4%
Polyunsaturated
0
0
0
Potassium
150mg
300mg
0
Trans
0
0
0
* Percentage Daily Intakes are based on an average adult diet of 8700 kJ. Your daily intakes may be higher or lower depending on your energy needs.",Orange Juice (100%).,https://www.coles.com.au/product/the-juice-brothers-orange-juice-1l-7829200,,,2024-06-16T11:26:51.557884-04:00
Ind54SColes_ADrinks_SAJuice_IPrima Apple Fruit Drink Multipack 200mL | 6 pack,Prima Apple Fruit Drink Multipack 200mL | 6 pack,Prima,Drinks,Juice,Multi pack juice,,$4.10,,,"$3.42 per 1L
Was $4.60 on Apr 2024",3529792,"Enjoy Prima Apple 200mL on the go or at home. As an accompaniment to lunch or an afternoon pick me up! With no preservatives or artificial colours or flavours. Available in a 6 pack of 200mL juice boxes.
20% fruit juice

No added sugar

No preservatives

No artificial colour

No artificial flavours

Convenient pack size.

6 x 200mL Packs.",,,"Per 100g/ml
Per Serving
%DI
Energy
84kJ
168kJ
Protein
0.0g
0.0g
Total Fat
0.0g
0.0g
Saturated Fat
0.0g
0.0g
Carbohydrate
4.9g
9.8g
Sugars
2.0g
4.0g
Sodium
2mg
4mg
Dietary Fibre (total)
0.0g
0.0g
* Percentage Daily Intakes are based on an average adult diet of 8700 kJ. Your daily intakes may be higher or lower depending on your energy needs.",,https://www.coles.com.au/product/prima-apple-fruit-drink-multipack-200ml-6-pack-3529792,,,2024-06-16T11:27:03.680973-04:00
Ind54SColes_ADrinks_SAJuice_IColes Green Smoothie | 1L,Coles Green Smoothie | 1L,Coles,Drinks,Juice,Chilled juice,,$5.10,,,$5.10 per 1L,2806616,"Coles Green smoothie, 1L. A blend of Pear, mango, banana, apple, lemon, spinach, kale and spirulina all make up this 2018 product of the year smoothie. Not made from concentrate, no added sugar and 1 portion of fruit in each serving makes this a great beverage for any time of day.",,,"Per 100g/ml
Per Serving
%DI
Energy
237.70
594.25
Protein
0.40
1.00
Carbohydrate
12.10
30.25
Sugars
11.00
27.50
Sodium
5.40
13.50
Saturated
0.00
0.00
Vitamin C
89.08
222.70
Energy (Cal)
56.87
142.17
Fat
0.40
1.00
Dietary Fibre (total)
1.30
3.25
* Percentage Daily Intakes are based on an average adult diet of 8700 kJ. Your daily intakes may be higher or lower depending on your energy needs.",,https://www.coles.com.au/product/coles-green-smoothie-1l-2806616,,,2024-06-16T11:27:14.807021-04:00
Ind54SColes_ADrinks_SAJuice_IColes Apple & Blackcurrant Fruit Drink Multipack 250mL | 6 Pack,Coles Apple & Blackcurrant Fruit Drink Multipack 250mL | 6 Pack,Coles,Drinks,Juice,Multi pack juice,,$3.50,,,$2.33 per 1L,2535563,No Artificial Sweeteners35% Fruit Juice,,,"Per 100g/ml
Per Serving
%DI
Energy
152.4
381
Protein
0.1
0.25
Carbohydrate
8.6
21.5
Sugars
8.1
20.25
Sodium
3
7.5
Saturated
0.1
0.25
Energy (Cal)
36.46
91.15
Fat
0.1
0.25
Dietary Fibre (total)
0.1
0.25
* Percentage Daily Intakes are based on an average adult diet of 8700 kJ. Your daily intakes may be higher or lower depending on your energy needs.",,https://www.coles.com.au/product/coles-apple-and-blackcurrant-fruit-drink-multipack-250ml-6-pack-2535563,,,2024-06-16T11:27:25.780522-04:00
Ind54SColes_ADrinks_SAJuice_IGolden Circle Breakfast Juice No Added Sugar | 3L,Golden Circle Breakfast Juice No Added Sugar | 3L,Golden Circle,Drinks,Juice,Plastic juice bottles,,$4.50,,$5.50,$1.50 per 1L,9348305,"Golden Circle Breakfast Juice contains a mix of fruit juices and is made with no added sugar. It's always good to start your day with a tasty breakfast, which is why Golden Circle Breakfast Juice is an excellent pairing with your next breakfast. With fruity flavours including apple or pear, pineapple, orange, passionfruit and banana, this juice will be a favourite for the whole family. It's made with no artificial colours, flavours or preservatives. Golden Circle, Share the Sunshine.
No added sugar

No artificial colours, flavours or preservatives

Serve chilled

Delicious on its own, with savoury dishes, or as an ingredient in smoothies and desserts

100% Recyclable Bottle",,,"Per 100g/ml
Per Serving
%DI
Energy
190 kJ
380 kJ
Protein
0.2 g
0.4 g
Total Fat
0 g
0 g
Saturated Fat
0 g
0 g
Carbohydrate
10.0 g
20.0 g
Sugars
9.0 g
18.0 g
Sodium
10 mg
20 mg
Vitamin C
40 mg
80 mg (200% RDI*)
Dietary Fibre (total)
0.3 g
0.6 g
* Percentage Daily Intakes are based on an average adult diet of 8700 kJ. Your daily intakes may be higher or lower depending on your energy needs.",,https://www.coles.com.au/product/golden-circle-breakfast-juice-no-added-sugar-3l-9348305,,,2024-06-16T11:27:36.957893-04:00
Ind54SColes_ADrinks_SAJuice_IGrove Juice Cloudy Apple | 1.5L,Grove Juice Cloudy Apple | 1.5L,Grove Juice,Drinks,Juice,Chilled juice,,$6.95,,,$4.63 per 1L,7014546,Goodness from Australia's Grove,,,"Per 100g/ml
Per Serving
%DI
Energy
180kJ
360kJ
Protein
<0.1g
<0.1g
Total Fat
0g
0g
Saturated Fat
0g
0g
Carbohydrate
10.6g
21.2g
Sugars
10.3g
20.6g
Sodium
9mg
18mg
* Percentage Daily Intakes are based on an average adult diet of 8700 kJ. Your daily intakes may be higher or lower depending on your energy needs.",,https://www.coles.com.au/product/grove-juice-cloudy-apple-1.5l-7014546,,,2024-06-16T11:27:47.797420-04:00
Ind54SColes_ADrinks_SAJuice_ICampbell's V8 Low Sodium Juice | 1.25L,Campbell's V8 Low Sodium Juice | 1.25L,Campbells,Drinks,Juice,Plastic juice bottles,,$5.50,,,$4.40 per 1L,1165389,"V8 Vegetable Low Sodium juice is a healthy antioxidant boost. This hot and spicy tomato, carrot and celery juice contains vitamins. Share this low sodium tomato juice with a friend for a healthy morning pick-me-up. Or if you're short on time, it's the perfect ambient juice for an on-the-go afternoon top up. Grab yourself a V8 fuel up!",,,"Per 100g/ml
Per Serving
%DI
Energy
80kJ
201kJ
0
Protein
0.8g
2.2g
0
Total Fat
0.1g
0.2g
0
Saturated Fat
0.1g
0.1g
0
Carbohydrate
3.2g
9.1g
0
Sugars
2.7g
6.7g
0
Vitamin A
75ug
188ug
Sodium
207mg
518mg
0
Monounsaturated
0
0
0
Vitamin C
16mg
40mg
Energy (Cal)
19Cal
48Cal
0
Dietary Fibre (total)
1.0g
3.4g
0
Polyunsaturated
0
0
0
Trans
0
0
0
* Percentage Daily Intakes are based on an average adult diet of 8700 kJ. Your daily intakes may be higher or lower depending on your energy needs.",,https://www.coles.com.au/product/campbell's-v8-low-sodium-juice-1.25l-1165389,,,2024-06-16T11:27:59.238201-04:00
Ind54SColes_ADrinks_SAJuice_IOriginal Juice Co Veggie Goodness Juice Beetroot | 1L,Original Juice Co Veggie Goodness Juice Beetroot | 1L,Original Juice Co,Drinks,Juice,Chilled juice,,$6.00,,,$6.00 per 1L,6278520,"Loaded with highly nutritious purple carrot and beetroot, the sweetness of cloudy pear and the full bodied flavour of pumpkin juice, this smooth, deep blend delivers 2.3 delicious serves of veg per 250ml.",,,"Per 100g/ml
Per Serving
%DI
Energy
191kJ
478kJ
Protein
1g
2.5g
Total Fat
0.3g
0.8g
Saturated Fat
0.1g
0.2g
Carbohydrate
9.2g
23.1g
Sugars
7.2g
17.9g
Sodium
26mg
64mg
* Percentage Daily Intakes are based on an average adult diet of 8700 kJ. Your daily intakes may be higher or lower depending on your energy needs.",,https://www.coles.com.au/product/original-juice-co-veggie-goodness-juice-beetroot-1l-6278520,,,2024-06-16T11:28:10.148351-04:00
Ind54SColes_ADrinks_SABeverages_IThe Juice Lab Wellness Shot Kids Mixed Berry Immune | 60mL,The Juice Lab Wellness Shot Kids Mixed Berry Immune | 60mL,The Juice Lab,Drinks,Beverages,Water & juices,,$2.25,,,"$37.51 per 1L
Was $3.50 on Jun 2024",7018376,,,,,,https://www.coles.com.au/product/the-juice-lab-wellness-shot-kids-mixed-berry-immune-60ml-7018376,,,2024-06-16T11:28:19.157177-04:00
Ind54SColes_ADrinks_SAJuice_IGolden Circle Refreshers Wild Waterfall Flavoured Water Drink 250mL | 6 pack,Golden Circle Refreshers Wild Waterfall Flavoured Water Drink 250mL | 6 pack,Golden Circle,Drinks,Juice,Multi pack juice,,$5.80,Pick any 2 for $8,,$3.87 per 1L,5633682,"Freshen up with the delicious flavours of kiwi and watermelon in the new Golden Circle Refreshers Wild Waterfall. It's perfect to have on hand for entertaining or to take on the go to enjoy at work or outdoors. Low sugar, Golden Circle Refreshers Wild Waterfall is a fun and refreshing drink option that's sure to be a hit with the whole family. It's a tasty mix of still water and fruit juice with refreshing kiwi and watermelon flavours. No artificial colours, flavours or preservatives.
Convenient on-the-go size

Kiwi and watermelon flavours

Low sugar

No artificial colours, flavours or preservatives

Serve chilled for a refreshing taste",,,"Per 100g/ml
Per Serving
%DI
Energy
50kJ
125kJ
Protein
0g
0g
Total Fat
0g
0g
Saturated Fat
0g
0g
Carbohydrate
2.4g
6.0g
Sugars
2.3g
5.8g
Sodium
10mg
25mg
Dietary Fibre (total)
0g
0g
* Percentage Daily Intakes are based on an average adult diet of 8700 kJ. Your daily intakes may be higher or lower depending on your energy needs.",,https://www.coles.com.au/product/golden-circle-refreshers-wild-waterfall-flavoured-water-drink-250ml-6-pack-5633682,,,2024-06-16T11:28:30.218580-04:00
Ind54SColes_ADrinks_SAJuice_IThe Juice Lab Wellness Shot Digestion | 60mL,The Juice Lab Wellness Shot Digestion | 60mL,The Juice Lab,Drinks,Juice,Chilled juice,,$2.50,,$3.50,$41.67 per 1L,3960757,"I'm a lean, green detox machine packed into one little bottle (recyclable glass, that's green too)! I'm specially formulated to aid digestion and help your body absorb nutrients.",,,"Per 100g/ml
Per Serving
%DI
Energy
200kJ
119kJ
Protein
<1g
<1g
Total Fat
<1g
<1g
Saturated Fat
<1g
<1g
Carbohydrate
8.8g
5.3g
Sugars
7.8g
4.7g
Sodium
19mg
11mg
Dietary Fibre (total)
2.4g
1.4g
* Percentage Daily Intakes are based on an average adult diet of 8700 kJ. Your daily intakes may be higher or lower depending on your energy needs.",,https://www.coles.com.au/product/the-juice-lab-wellness-shot-digestion-60ml-3960757,,,2024-06-16T11:28:41.055206-04:00
Ind54SColes_ADrinks_SAJuice_IImpressed Essentials Orange Juice With Pulp | 1L,Impressed Essentials Orange Juice With Pulp | 1L,Impressed,Drinks,Juice,Chilled juice,,$4.80,,,$4.80 per 1L,4845619,"Simple and delicious pressed juice crafted with nothing but 100% local Aussie fruit.
Each juice contains Aussie-grown fresh fruits which we carefully pressed and bottle locally resulting in full flavoured and irresistibly aromatic fresh juice.
Pressed juice
Fresh Australian produce
Naturally nutritious
Vibrant and fresh
For our full range of products & more, visit our website www.impressedlife.com.au and follow us @impressedlife",,,"Per 100g/ml
Per Serving
%DI
Energy
197kJ
493kJ
Protein
0.6g
1.5g
Total Fat
<0.1g
<0.1g
Saturated Fat
<0.1g
<0.1g
Carbohydrate
10.9g
27.3g
Sugars
8.5g
21.3g
Sodium
<1mg
<1mg
* Percentage Daily Intakes are based on an average adult diet of 8700 kJ. Your daily intakes may be higher or lower depending on your energy needs.",,https://www.coles.com.au/product/impressed-essentials-orange-juice-with-pulp-1l-4845619,,,2024-06-16T11:28:52.227475-04:00
Ind54SColes_ADrinks_SAJuice_IBoost All Berry Bang Juice Chilled | 1L,Boost All Berry Bang Juice Chilled | 1L,Boost,Drinks,Juice,Chilled juice,,$6.20,,,$6.20 per 1L,3183097,"Let loose with the juice! Try Boost All Berry Bang Juice that gives you the refreshing blend of real apple, banana, blueberry, raspberry, and mango. It's a fruit juice drink that delivers that sweet and tangy taste, ideal for the summer heat. Restore your body with a glass of All Berry Bang juice now.
No artificial colours or flavours
No added sugar
No preservatives
Made in Australia from at least 60% Australian ingredients",,,"Per 100g/ml
Per Serving
%DI
Energy
194kJ
388kJ
Protein
0.8g
1.6g
Total Fat
<0.1g
<0.1g
Saturated Fat
<0.1g
<0.1g
Carbohydrate
10.6g
21.2g
Sugars
9.2g
18.4g
Sodium
<1mg
<1mg
Vitamin C
33mg
66mg
* Percentage Daily Intakes are based on an average adult diet of 8700 kJ. Your daily intakes may be higher or lower depending on your energy needs.",,https://www.coles.com.au/product/boost-all-berry-bang-juice-chilled-1l-3183097,,,2024-06-16T11:29:03.014272-04:00
Ind54SColes_ADrinks_SABeverages_IRemedy Kombucha Organic Orange Squeeze | 750mL,Remedy Kombucha Organic Orange Squeeze | 750mL,Remedy,Drinks,Beverages,Water & juices,,$5.90,,,"$7.87 per 1L
Was $7.50 on May 2024",5788496,"Gather round orange soda lovers 'coz we have a treat for you. our new twist on the classic orange fizzy! Zesty, bright and bursting with juicy orange flavour, this one might just become your new main squeeze! This all-natural thirst-quenching flavour is packed full of live cultures and antioxidants. Remedy Kombucha is:
Sugar free, for real
All natural
Certified Organic
Low on Calories
Vegan
Gluten Free
A-Ok in or out of the fridge",,,"Per 100g/ml
Per Serving
%DI
Energy
12kJ
30kJ
Protein
<1g
<1g
Total Fat
<1g
<1g
Saturated Fat
<1g
<1g
Carbohydrate
<1g
<1g
Sugars
0g
0g
Sodium
<5mg
<5mg
* Percentage Daily Intakes are based on an average adult diet of 8700 kJ. Your daily intakes may be higher or lower depending on your energy needs.",,https://www.coles.com.au/product/remedy-kombucha-organic-orange-squeeze-750ml-5788496,,,2024-06-16T11:29:14.047955-04:00
Ind54SColes_ADrinks_SAJuice_INudie Probiotic Strawberry & Raspberry Smoothie | 400mL,Nudie Probiotic Strawberry & Raspberry Smoothie | 400mL,Nudie,Drinks,Juice,Chilled juice,,$4.50,,,$11.25 per 1L,4477763,"Gimme that yummy, tummy feelin'
With more than three serves of 100% real fruit and a massive 80 million probiotic cultures per helping, what's not to love? Think of this smoothie as two parts giant hug and one-part fluffy cloud. Sweet strawberry and raspberry tickle the tastebuds while orange, pear and banana bring the right balance of zest and smooth softness to the mix.
80 million cultures per serve* *Contains at least 80 million cultures until the use by date when product is stored at 0-4 C.

No concentrates

No added sugar

No artifical flavours or colours

No preservatives

Made with 100% real fruit.

Contains 3.2 serves of fruit.",,,"Per 100g/ml
Per Serving
%DI
Energy
199kJ
498kJ
Protein
Less than 1g
1.0g
Total Fat
Less than 1g
Less than 1g
Saturated Fat
Less than 1g
Less than 1g
Carbohydrate
11.3g
28.3g
Sugars
8.4g
21.0g
Sodium
Less than 5mg
Less than 5mg
Dietary Fibre (total)
Less than 1g
Less than 1g
* Percentage Daily Intakes are based on an average adult diet of 8700 kJ. Your daily intakes may be higher or lower depending on your energy needs.",,https://www.coles.com.au/product/nudie-probiotic-strawberry-and-raspberry-smoothie-400ml-4477763,,,2024-06-16T11:29:24.995536-04:00
Ind54SColes_ADrinks_SAJuice_IBoost Mango Sunshine Juice Chilled | 1L,Boost Mango Sunshine Juice Chilled | 1L,Boost,Drinks,Juice,Chilled juice,,$6.20,,,$6.20 per 1L,3412376,"Boost Mango Sunshine Juice is a tasty blend of pear, apple, mango, banana, and passionfruit, perfect as a refreshing drink to go with your meals or for during an afternoon break. It has the tastiest infusions, deliciously thirst-quenching for everyone to enjoy.
Made in Australia",,,"Per 100g/ml
Per Serving
%DI
Energy
164kJ
328kJ
Protein
0.1g
0.2g
Total Fat
<0.1g
<0.1g
Saturated Fat
<0.1g
<0.1g
Carbohydrate
9.6g
19.2g
Sugars
7.5g
15g
Sodium
3mg
6mg
Vitamin C
20mg
40mg
100%
* Percentage Daily Intakes are based on an average adult diet of 8700 kJ. Your daily intakes may be higher or lower depending on your energy needs.",,https://www.coles.com.au/product/boost-mango-sunshine-juice-chilled-1l-3412376,,,2024-06-16T11:29:36.038950-04:00
Ind54SColes_ADrinks_SAJuice_IColes Orange Fruit Drink 250mL | 6 pack,Coles Orange Fruit Drink 250mL | 6 pack,Coles,Drinks,Juice,Multi pack juice,,$3.50,,,$2.33 per 1L,2535585,No Artificial Sweeteners35% Fruit Juice,,,"Per 100g/ml
Per Serving
%DI
Energy
145.6
364
Protein
0.1
0.25
Carbohydrate
8.2
20.5
Sugars
8.2
20.5
Sodium
3
7.5
Saturated
0.1
0.25
Energy (Cal)
34.83
87.08
Fat
0.1
0.25
Dietary Fibre (total)
0.1
0.25
* Percentage Daily Intakes are based on an average adult diet of 8700 kJ. Your daily intakes may be higher or lower depending on your energy needs.",,https://www.coles.com.au/product/coles-orange-fruit-drink-250ml-6-pack-2535585,,,2024-06-16T11:29:48.293385-04:00
Ind54SColes_ADrinks_SAJuice_IImpressed Jack Rose Juice | 325mL,Impressed Jack Rose Juice | 325mL,Impressed,Drinks,Juice,Chilled juice,,$3.60,,,$11.08 per 1L,3062354,"Impressed Juices are cold pressed from the freshest produce. Each juice contains Aussie-grown fresh vegetables, fruits and herbs which we carefully cold press and bottle locally resulting in full flavoured and irresistibly aromatic fresh juice.
A beautiful blend of juicy strawberries, apple, lemon with a hint of mint for a refreshing hit!
For our full range of products & more, visit our website www.impressedlife.com.au and follow us @impressedlife",,,"Per 100g/ml
Per Serving
%DI
Energy
184kJ
597kJ
Protein
0.2g
0.7g
Total Fat
0.2g
0.7g
Saturated Fat
0.1g
0.3g
Carbohydrate
10.3g
33.3g
Sugars
8.9g
28.8g
Sodium
0.8mg
2.9mg
* Percentage Daily Intakes are based on an average adult diet of 8700 kJ. Your daily intakes may be higher or lower depending on your energy needs.",,https://www.coles.com.au/product/impressed-jack-rose-juice-325ml-3062354,,,2024-06-16T11:30:00.045919-04:00
Ind54SColes_ADrinks_SAJuice_IPop Tops Apple Poppers Fruit Drink 30% Juice Poppers Multipack Lunch Box Bottles 250mL X 6 Pack | 6 pack,Pop Tops Apple Poppers Fruit Drink 30% Juice Poppers Multipack Lunch Box Bottles 250mL X 6 Pack | 6 pack,Pop Tops,Drinks,Juice,Multi pack juice,,$5.90,,,$3.93 per 1L,6914188,"Pop Tops Fruit Drink Apple contains 30% fruit juice with no preservatives, no artificial colours, flavours and sweeteners.
30% Fruit Juice

No Preservatives

No Artificial Colours, Sweeteners or Flavours",,,"Per 100g/ml
Per Serving
%DI
Energy
112kJ
280kJ
3%
Protein
<1.0g
<1.0g
<1%
Total Fat
<1.0g
<1.0g
<1%
Saturated Fat
0.0g
0.0g
0%
Carbohydrate
6.2g
15.5g
5%
Sugars
6.2g
15.5g
17%
Sodium
3mg
8mg
<1%
Dietary Fibre (total)
<1.0g
<1.0g
<1%
* Percentage Daily Intakes are based on an average adult diet of 8700 kJ. Your daily intakes may be higher or lower depending on your energy needs.",,https://www.coles.com.au/product/pop-tops-apple-poppers-fruit-drink-30percent-juice-poppers-multipack-lunch-box-bottles-250ml-x-6-pack-6-pack-6914188,,,2024-06-16T11:30:11.160797-04:00
Ind54SColes_ADrinks_SAJuice_INudie Pink Lemonade Juice | 2L,Nudie Pink Lemonade Juice | 2L,Nudie,Drinks,Juice,Chilled juice,,$7.00,,$8.50,$3.50 per 1L,3962956,"Us nudies have been courting some fresh flavours and having a ball in the process...

Our latest creation is a blend of blood orange with a sneaky backhand of zesty lemon and groovy grape to really unlock your swing. Taking inspiration from pink lemonade perfection, we've served up a citrusy grand slam which really doubles up the flavour. Perfect for grass court sipping or a good old sandy beach volley before an ocean plunge. We know your reaction will be love/one!

Got an inspired fruit combo to get the juices flowing? Be a good sport and serve it up to us!
Made with 100% real fruit

No added sugar

No preservatives

No artificial flavours

100% Australian Fruit",,,"Per 100g/ml
Per Serving
%DI
Energy
228kJ
570kJ
Protein
Less than 1g
Less than 1g
Total Fat
Less than 1g
Less than 1g
Saturated Fat
Less than 1g
Less than 1g
Carbohydrate
13.2g
33.0g
Sugars
12.4g
31.0g
Sodium
9mg
23mg
Potassium
100mg
250mg
* Percentage Daily Intakes are based on an average adult diet of 8700 kJ. Your daily intakes may be higher or lower depending on your energy needs.",,https://www.coles.com.au/product/nudie-pink-lemonade-juice-2l-3962956,,,2024-06-16T11:30:22.017029-04:00
Ind54SColes_ADrinks_SAJuice_IPreshafruit Lite Juice Apple | 2L,Preshafruit Lite Juice Apple | 2L,Preshafruit,Drinks,Juice,Chilled juice,,$7.70,,,$3.85 per 1L,1418804,"Preshafruit Cold Pressed Pink Lady Apple Juice 2L. Sweet. Balanced. Bold taste.Break the seal and smell the aroma.Its light, its fragrant, its Pink Ladies.The taste is pure. Serve from a chilled bottle or over ice.",,,"Per 100g/ml
Per Serving
%DI
Saturated
<0.1g
<0.1g
* Percentage Daily Intakes are based on an average adult diet of 8700 kJ. Your daily intakes may be higher or lower depending on your energy needs.",,https://www.coles.com.au/product/preshafruit-lite-juice-apple-2l-1418804,,,2024-06-16T11:30:32.911361-04:00
Ind54SColes_ADrinks_SAJuice_IHarcourt Apple Juice Fresh Chilled | 2L,Harcourt Apple Juice Fresh Chilled | 2L,Harcourt,Drinks,Juice,Chilled juice,,$6.75,,$7.50,$3.38 per 1L,7323100,"Harcourt Fresh Apple Juice 2L. Harcourt Apple Juice is Australia's best pure fresh apple juice, bar none.Harcourt Apple Juice is 100% Australian grown and made. It is pure, fresh apple juice, cold pressed by traditional methods from locally grown Harcourt apples.",,,,,https://www.coles.com.au/product/harcourt-apple-juice-fresh-chilled-2l-7323100,,,2024-06-16T11:30:41.739774-04:00
Ind54SColes_ADrinks_SAJuice_IPureharvest Organic Apple Juice Bottle | 1L,Pureharvest Organic Apple Juice Bottle | 1L,Pureharvest,Drinks,Juice,Glass juice bottles,,$4.50,,,$4.50 per 1L,5346057,"PureHarvest Organic Apple Juice is made from 100% apple juice with no added sugars, colours or preservatives.

One of Our Commitments is to sustainable packaging which is why you will find our Juice, Sweetener, Spread & Sauce ranges in recyclable, glass jars instead of plastic.",,,"Per 100g/ml
Per Serving
%DI
Energy
187
374
Protein
0.1
0.2
Total Fat
NIL
NIL
Saturated Fat
NIL
NIL
Carbohydrate
10.7
21.4
Sugars
10.1
20.2
Sodium
2.7
5.4
* Percentage Daily Intakes are based on an average adult diet of 8700 kJ. Your daily intakes may be higher or lower depending on your energy needs.",,https://www.coles.com.au/product/pureharvest-organic-apple-juice-bottle-1l-5346057,,,2024-06-16T11:30:53.295448-04:00
Ind54SColes_ADrinks_SAJuice_IRemedy Shot Energy | 60mL,Remedy Shot Energy | 60mL,Remedy,Drinks,Juice,Chilled juice,,$2.50,,$3.50,$41.67 per 1L,4471450,"A full-on kombucha brew with a 60mg all-natural caffeine hit, equivalent to a cuppa coffee. There's a mouth party going on right here with this berry delicious shot packing a flavour punch with all-natural strawberry, raspberry and blackberry. Expect juicy, jammy, berry flavours with subtle notes of vanilla and caramel. Remedy Shots are:
No sugar, for real
All Natural
Certified Organic
Full of flavour
Vegan
Gluten Free
A-Ok in or out of the fridge",,,"Per 100g/ml
Per Serving
%DI
Energy
19kJ
11kJ
Protein
<1g
<1g
Total Fat
<1g
<1g
Saturated Fat
<1g
<1g
Carbohydrate
0.2g
0.1g
Sugars
0g
0g
Sodium
<5mg
<5mg
Dietary Fibre (total)
<1g
<1g
Caffeine
100mg
60mg
* Percentage Daily Intakes are based on an average adult diet of 8700 kJ. Your daily intakes may be higher or lower depending on your energy needs.",,https://www.coles.com.au/product/remedy-shot-energy-60ml-4471450,,,2024-06-16T11:31:05.205889-04:00
Ind54SColes_ADrinks_SAJuice_IGolden Circle Tropical Fruit Drink 24x250mL | 6L,Golden Circle Tropical Fruit Drink 24x250mL | 6L,Golden Circle,Drinks,Juice,Plastic juice bottles,,$14.90,,,$2.48 per 1L,3961250,"Nothing quite beats the delicious taste of Golden Circle Tropical Punch Fruit Drink. With all your favourite tropical flavours, this fruit drink is sure to be a hit at birthday parties and events. As soon as the sun comes out, it's time to bring out Golden Circle Tropical Punch Fruit Drink. A fruit drink with a good source of vitamin C, Golden Circle Tropical Punch Fruit Drink is made with no artificial colours, flavours or preservatives. Golden Circle, Share the Sunshine.
No artificial colours

No artificial flavours

No preservatives

A good source of vitamin C

250mL size is convenient for on the go",,,"Per 100g/ml
Per Serving
%DI
Energy
175 kJ
440 kJ
Protein
0 g
0 g
Total Fat
0 g
0 g
Saturated Fat
0 g
0 g
Carbohydrate
9.6 g
24.0 g
Sugars
9.4 g
23.5 g
Sodium
9 mg
23 mg
Vitamin C
15 mg
37 mg (92% RDI*)
15 mg
* Percentage Daily Intakes are based on an average adult diet of 8700 kJ. Your daily intakes may be higher or lower depending on your energy needs.",,https://www.coles.com.au/product/golden-circle-tropical-fruit-drink-24x250ml-6l-3961250,,,2024-06-16T11:31:16.197529-04:00
Ind54SColes_ADrinks_SAJuice_INudie Antioxidant Carrot Tumeric Orange Apple Lime | 1L,Nudie Antioxidant Carrot Tumeric Orange Apple Lime | 1L,Nudie,Drinks,Juice,Chilled juice,,$6.00,,,$6.00 per 1L,5626676,"Treat your tastebuds to a veggie blend boost
Thanks to this scrumptiously, goodnessy, sweet burst of ingredients and antioxidants, downing four serves of fruit and six serves of veggies per bottle just got super exciting (and easy)! This powerhouse juice isn't just made using real ingredients like carrot, turmeric, orange, apple and lime - each bottle is created with the belief that the best things in life can be good for you and lip-smackingly delicious all at the same time!
30% less sugar**nudie veggie blend antioxidant has at least 30% lesssugar (6.3g/100mL) than nudie apple juice (10.8g/100mL).

3 serves of veggies per bottle

No concentrates

Contains 4 serves of fruit and 3 serves of vegetables per bottle

No added sugar

No artificial flavours or colours.

No preservatives.

Made with 100% real fruit and vegetables.",,,"Per 100g/ml
Per Serving
%DI
Energy
136kJ
340kJ
Protein
Less than 1g
Less than 1g
Total Fat
Less than 1g
Less than 1g
Saturated Fat
Less than 1g
Less than 1g
Carbohydrate
8.4g
21.0g
Sugars
6.3g
15.8g
Sodium
31mg
78mg
Dietary Fibre (total)
Less than 1g
Less than 1g
* Percentage Daily Intakes are based on an average adult diet of 8700 kJ. Your daily intakes may be higher or lower depending on your energy needs.",,https://www.coles.com.au/product/nudie-antioxidant-carrot-tumeric-orange-apple-lime-1l-5626676,,,2024-06-16T11:31:27.920976-04:00
Ind54SColes_ADrinks_SAJuice_IEmma And Toms Kick Starter Juice | 1L,Emma And Toms Kick Starter Juice | 1L,Emma And Toms,Drinks,Juice,Chilled juice,,$4.00,,$6.20,$4.00 per 1L,6381600,"Prebiotics are certain plant fibre that are indigestible to human but are important source of food and environment to the trillions of good bacteria that live within us, known as 'microbiome'.
It is becoming very clear that what we eat has an enormous impact on the health of our microbiome and that in turn has a big impact on our own health.
We have added the Prebiotics Acacia Fibre, Chicory Fibre to this juice to support good digestion and a thriving gut microbiome.",,,"Per 100g/ml
Per Serving
%DI
Energy
179kJ
358kJ
Protein
0.6g
1.2g
Total Fat
0.1g
0.2g
Saturated Fat
0g
0g
Carbohydrate
11.2g
22.4g
Sugars
8.5g
17g
Sodium
9mg
18mg
Vitamin C
11mg
22mg
Dietary Fibre (total)
2g
4g
Potassium
130mg
260mg
* Percentage Daily Intakes are based on an average adult diet of 8700 kJ. Your daily intakes may be higher or lower depending on your energy needs.",,https://www.coles.com.au/product/emma-and-toms-kick-starter-juice-1l-6381600,,,2024-06-16T11:31:38.863666-04:00
Ind54SColes_ADrinks_SAJuice_IYoufoodz Youjuice Thanks A Melon | 350mL,Youfoodz Youjuice Thanks A Melon | 350mL,Youfoodz,Drinks,Juice,Chilled juice,,$4.00,,,$11.43 per 1L,4849493,"Youfoodz have pressed watermelon, green apple, strawberry, fresh mint, and a touch of earthy beetroot to create this seriously unbeetable blend. Take a sip of Youjuice Thanks a Melon (350ml) for a natural vitamin boost & make it part of your morning routine. You'll hit top notes of hydrating melon and a hint of mint, with a barely-there beetroot taste for added nutritional goodness.",,,"Per 100g/ml
Per Serving
%DI
Energy
153kJ
536kJ
Protein
Less than 1g
1.1g
Total Fat
Less than 1g
1.2g
Saturated Fat
Less than 1g
Less than 1g
Carbohydrate
7.8g
27.5g
Sugars
7.8g
27.4g
Sodium
2mg
7mg
Vitamin C
38mg
133mg
Energy (Cal)
37Cal
128Cal
* Percentage Daily Intakes are based on an average adult diet of 8700 kJ. Your daily intakes may be higher or lower depending on your energy needs.",,https://www.coles.com.au/product/youfoodz-youjuice-thanks-a-melon-350ml-4849493,,,2024-06-16T11:31:50.851591-04:00
Ind54SColes_ADrinks_SAJuice_IGolden Circle Refreshers Berry Burst Flavoured Water Drink | 1L,Golden Circle Refreshers Berry Burst Flavoured Water Drink | 1L,Golden Circle,Drinks,Juice,Packs & Pouches,,$3.50,Pick any 2 for $4.90,,$3.50 per 1L,5632250,"Golden Circle Refreshers Berry Burst brings a new and exciting blend of fruity flavours. Perfect for cooling off on those hot summer days. Low sugar, Golden Circle Refreshers Berry Burst is the perfect drink option to serve to any crowd. It's a delicious blend of still water, fruit juice and berry flavours. No artificial colours, flavours or preservatives.
Refreshing berry flavours

Low sugar

No artificial flavours

No artificial colours

No preservatives",,,"Per 100g/ml
Per Serving
%DI
Energy
50kJ
100kJ
Protein
0g
0g
Total Fat
0g
0g
Saturated Fat
0g
0g
Carbohydrate
2.4g
4.8g
Sugars
2.4g
4.8g
Sodium
10mg
20mg
Dietary Fibre (total)
0.1g
0.2g
* Percentage Daily Intakes are based on an average adult diet of 8700 kJ. Your daily intakes may be higher or lower depending on your energy needs.",,https://www.coles.com.au/product/golden-circle-refreshers-berry-burst-flavoured-water-drink-1l-5632250,,,2024-06-16T11:32:01.694222-04:00
Ind54SColes_ADrinks_SAJuice_IImpressed Cold Pressed Juice Limited Edition | 1L,Impressed Cold Pressed Juice Limited Edition | 1L,Impressed,Drinks,Juice,Chilled juice,,$5.00,,$5.50,$5.00 per 1L,7018354,"Savour the refreshing blend of pineapple, apple, lemon and cucumber, combined with the zing of ginger and the zest of lime. This is a limited batch so get in quick!",,,"Per 100g/ml
Per Serving
%DI
Energy
177kJ
442kJ
Protein
0.2g
0.5g
Total Fat
<0.1g
<0.1g
Saturated Fat
<0.1g
<0.1g
Carbohydrate
10.2g
25.5g
Sugars
9.1g
22.7g
Sodium
1mg
3mg
* Percentage Daily Intakes are based on an average adult diet of 8700 kJ. Your daily intakes may be higher or lower depending on your energy needs.",,https://www.coles.com.au/product/impressed-cold-pressed-juice-limited-edition-1l-7018354,,,2024-06-16T11:32:12.813748-04:00
Ind54SColes_ADrinks_SAJuice_IMildura Orange And Mango Fruit Drink | 500mL,Mildura Orange And Mango Fruit Drink | 500mL,Mildura,Drinks,Juice,Chilled juice,,$2.50,,$2.80,$5.00 per 1L,3187473,"Midura Refreshing Fruit Drink is aussie owned and loved. 

Available in a convenient 500ml bottle, a glass of delicious and vibrant fruit drink is a refreshing addition to your day!

Proudly packed in NSW and QLD by and for the Bega Group using local and imported ingredients. The local ingredients are sourced Australia wide.
With fruit juice

Perfect to drink on the go

Easy to pour, resealable pack

Delicious and full flavoured

Refreshing drink

Manufactured in Australia.",,,"Per 100g/ml
Per Serving
%DI
Energy
159kJ
795kJ
9.0%
Protein
0.1g
0.5g
1.0%
Total Fat
0g
0g
0.0%
Saturated Fat
0g
0g
0.0%
Carbohydrate
9.2g
46.0g
15.0%
Sugars
8.8g
44.0g
49.0%
Sodium
2.5mg
12.5mg
1.0%
* Percentage Daily Intakes are based on an average adult diet of 8700 kJ. Your daily intakes may be higher or lower depending on your energy needs.",,https://www.coles.com.au/product/mildura-orange-and-mango-fruit-drink-500ml-3187473,,,2024-06-16T11:32:24.963982-04:00
Ind54SColes_ADrinks_SAJuice_IFrucor Ribena Ready To Drink Blackcurrant | 6 pack,Frucor Ribena Ready To Drink Blackcurrant | 6 pack,Frucor,Drinks,Juice,Multi pack juice,,$4.30,,$6.00,$2.87 per 1L,9515087,"Ribena Fruit Drink Blackcurrant has a rich source of Vitamin C and contains no artificial colour, artificial flavour or artificial sweetener.",,,"Per 100g/ml
Per Serving
%DI
Energy
179kJ
445kJ
5%
Protein
<1g
<1g
0%
Total Fat
<1g
<1g
0%
Saturated Fat
<1g
<1g
0%
Carbohydrate
10.3g
25.8g
8%
Sugars
10.3g
25.8g
29%
Sodium
<5mg
<5mg
0%
Vitamin C
8mg
20mg
50% RDI**
Energy (Cal)
42Cal
105Cal
* Percentage Daily Intakes are based on an average adult diet of 8700 kJ. Your daily intakes may be higher or lower depending on your energy needs.",,https://www.coles.com.au/product/frucor-ribena-ready-to-drink-blackcurrant-6-pack-9515087,,,2024-06-16T11:32:40.796157-04:00
Ind54SColes_ADrinks_SAJuice_IGolden Circle Apple Blackcurrant Fruit Drink LunchBox Multipack Poppers 6x250mL | 6 pack,Golden Circle Apple Blackcurrant Fruit Drink LunchBox Multipack Poppers 6x250mL | 6 pack,Golden Circle,Drinks,Juice,Multi pack juice,,$5.10,Pick any 2 for $8,,$3.40 per 1L,2044550,"Golden Circle Apple Blackcurrant Fruit Drink is full of delicious flavour. With a mixture of two fruit flavours in one drink, Golden Circle Apple Blackcurrant Fruit Drink is also made with no artificial colours, flavours or preservatives. Golden Circle Apple Blackcurrant Fruit Drink is a must have in any fridge. Combining two fruity flavours and other ingredients, this fruit drink is made with no artificial colours, flavours or preservatives. Golden Circle, Share the Sunshine.
No artificial colours

No artificial flavours

No preservatives

Good source of vitamin C

Enjoy with meals or snacks or pack it on outdoor trips",,,"Per 100g/ml
Per Serving
%DI
Energy
175 kJ
440 kJ
Protein
0 g
0 g
Total Fat
0 g
0 g
Saturated Fat
0 g
0 g
Carbohydrate
9.8 g
24.5 g
Sugars
9.8 g
24.5 g
Sodium
8 mg
20 mg
Vitamin C
16 mg
40 mg (100% RDI*)
15 mg
* Percentage Daily Intakes are based on an average adult diet of 8700 kJ. Your daily intakes may be higher or lower depending on your energy needs.",,https://www.coles.com.au/product/golden-circle-apple-blackcurrant-fruit-drink-lunchbox-multipack-poppers-6x250ml-6-pack-2044550,,,2024-06-16T11:32:52.918161-04:00
Ind54SColes_ADrinks_SA_IColes Simply Orange Mango Fruit Drink 20% | 2L,Coles Simply Orange Mango Fruit Drink 20% | 2L,Coles,Drinks,,,,$2.30,,,$1.15 per 1L,7430369,,,,"Per 100g/ml
Per Serving
%DI
Energy
175.58
438.95
Protein
0.09
0.23
Carbohydrate
10.00
25.00
Sugars
9.50
23.75
Sodium
0.10
0.25
Saturated
0.09
0.23
Energy (Cal)
42.00
105.01
Fat
0.09
0.23
Dietary Fibre (total)
0.09
0.23
* Percentage Daily Intakes are based on an average adult diet of 8700 kJ. Your daily intakes may be higher or lower depending on your energy needs.",,https://www.coles.com.au/product/coles-simply-orange-mango-fruit-drink-20percent-2l-7430369,,,2024-06-16T12:33:53.136659-04:00
Ind54SColes_ADrinks_SAJuice_ICampbells V8 Power Blend Prebiotics Juice Pine Orange | 1.25L,Campbells V8 Power Blend Prebiotics Juice Pine Orange | 1.25L,Campbells,Drinks,Juice,Plastic juice bottles,,$4.80,,$6.00,$3.84 per 1L,7219516,"Refreshingly delicious, V8 Prebiotic Pine Orange  gives you the benefits of blended fruit and veggies, as well as added fibre to support gut health in one drink. Enjoy for breakfast or bring to work for a nutritious drink. This healthy juice is a source of  Vitamin C, contains no added sugar and provides 2 serves of vegetables per 250mL serve. 

V8 Prebiotic Pine Orange is a delicious and refreshing blend of juicy orange, pineapple and pear with carrot and sweet potato. It also contains added fibre to support gut health. Increase your fruit and veg intake with every sip whilst also supporting a healthy gut.
Source of fibre to support gut health
No added sugar
Source of Vitamin C
Plant Based
2  serves of veg per 250ml serve
No Added Preservatives, no artificial flavours, no artificial colours",,,"Per 100g/ml
Per Serving
%DI
Energy
222kJ
554kJ
0
Protein
0.5g
1.1g
0
Total Fat
0.1g
0.1g
0
Saturated Fat
<0.1g
0.1g
0
Carbohydrate
11.8g
29.5g
0
Sugars
9.9g
24.8g
0
Sodium
47mg
119mg
0
Monounsaturated
0
0
0
Vitamin C
6mg
15mg
Energy (Cal)
53Cal
132Cal
0
Dietary Fibre (total)
1.4g
3.5g
0
Polyunsaturated
0
0
0
Trans
0
0
0
* Percentage Daily Intakes are based on an average adult diet of 8700 kJ. Your daily intakes may be higher or lower depending on your energy needs.",,https://www.coles.com.au/product/campbells-v8-power-blend-prebiotics-juice-pine-orange-1.25l-7219516,,,2024-06-16T12:34:04.621050-04:00
Ind54SColes_ADrinks_SAJuice_IFruit Co Juice Plus + Apple | 2L,Fruit Co Juice Plus + Apple | 2L,Fruit Co,Drinks,Juice,Plastic juice bottles,,$3.50,,,$1.75 per 1L,3752294,"Made from 99% Juice and enriched with the goodness of Vitamin C and Fibre, FruitCo Juice is the perfect juice for any occasion. FruitCo Juice comes in a convenient and ergonomic 2L PET grip bottle.",,,"Per 100g/ml
Per Serving
%DI
Energy
180kJ
451kJ
5%
Protein
<1g
<1g
1%
Total Fat
<1g
<1g
1%
Saturated Fat
<1g
<1g
1%
Carbohydrate
10.6g
26.5g
9%
Sugars
9.4g
23.5g
29%
Sodium
5mg
13mg
1%
Vitamin C
10mg
25mg
0%
Dietary Fibre (total)
<1g
<1g
8%
* Percentage Daily Intakes are based on an average adult diet of 8700 kJ. Your daily intakes may be higher or lower depending on your energy needs.",,https://www.coles.com.au/product/fruit-co-juice-plus-+-apple-2l-3752294,,,2024-06-16T12:34:15.566411-04:00
Ind54SColes_ADrinks_SABeverages_IDaily Juice No Added Sugar Apple Juice | 2L,Daily Juice No Added Sugar Apple Juice | 2L,Daily Juice,Drinks,Beverages,Water & juices,,$5.90,,,"$2.95 per 1L
Was $6.20 on Jun 2024",5129875,"Daily Juice has been working since 1989 to create great tasting juice, great for the whole family to enjoy! With fruit ripened in the sun and no added sugar, Daily Juice is packed with good stuff to help kick start your day. 

For a delicious kick start to your day, pair a glass of delicious Daily Juice Apple Juice with a bowl of delicious and nutritious granola muesli with berries. 

Proudly Australian owned, made and loved. 

Contains fresh, reconstituted and from time to time, cold-stored juice.  
No Added Sugar

5 Star Health rating

With the goodness of Vitamin C

1 serve of fruit per 125mL of fruit Juice as part of a balanced diet

Perfect for breakfast or as a refreshment/snack

Manufactured in Australia.",,,"Per 100g/ml
Per Serving
%DI
Energy
184kJ
368kJ
4%
Protein
0.1g
0.2g
<1%
Total Fat
<1.0g
<1.0g
<1%
Saturated Fat
0.0g
0.0g
0%
Carbohydrate
10.5g
21.0g
7%
Sugars
10.1g
20.2g
22%
Sodium
2mg
4mg
<1%
Vitamin C
20mg
40mg
100% RDI*
Energy (Cal)
44Cal
88Cal
Dietary Fibre (total)
0.1g
0.2g
1%
Potassium
110mg
220mg
* Percentage Daily Intakes are based on an average adult diet of 8700 kJ. Your daily intakes may be higher or lower depending on your energy needs.",,https://www.coles.com.au/product/daily-juice-no-added-sugar-apple-juice-2l-5129875,,,2024-06-16T12:34:26.660003-04:00
Ind54SColes_ADrinks_SAJuice_IRemedy Shot Energy | 60mL,Remedy Shot Energy | 60mL,Remedy,Drinks,Juice,Chilled juice,,$2.50,,$3.50,$41.67 per 1L,4471450,"A full-on kombucha brew with a 60mg all-natural caffeine hit, equivalent to a cuppa coffee. There's a mouth party going on right here with this berry delicious shot packing a flavour punch with all-natural strawberry, raspberry and blackberry. Expect juicy, jammy, berry flavours with subtle notes of vanilla and caramel. Remedy Shots are:
No sugar, for real
All Natural
Certified Organic
Full of flavour
Vegan
Gluten Free
A-Ok in or out of the fridge",,,"Per 100g/ml
Per Serving
%DI
Energy
19kJ
11kJ
Protein
<1g
<1g
Total Fat
<1g
<1g
Saturated Fat
<1g
<1g
Carbohydrate
0.2g
0.1g
Sugars
0g
0g
Sodium
<5mg
<5mg
Dietary Fibre (total)
<1g
<1g
Caffeine
100mg
60mg
* Percentage Daily Intakes are based on an average adult diet of 8700 kJ. Your daily intakes may be higher or lower depending on your energy needs.",,https://www.coles.com.au/product/remedy-shot-energy-60ml-4471450,,,2024-06-16T12:34:37.924896-04:00
Ind54SColes_ADrinks_SAJuice_ICampbell's V8 Juice Tropical Fusion | 300mL,Campbell's V8 Juice Tropical Fusion | 300mL,Campbells,Drinks,Juice,Plastic juice bottles,,$2.70,,,$9.00 per 1L,2047140,"V8 Tropical juice is a healthy antioxidant boost. This apple, pineapple, passionfruit and carrot juice contains vitamins. Grab this ambient juice for a healthy morning pick-me-up. Or if you're short on time, it's the perfect lunchbox drink for an on-the-go afternoon top up. Grab yourself a V8 fuel up!
No artificial flavours or colours
No added preservatives or added sugar
Source of antioxidant vitamin C",,,"Per 100g/ml
Per Serving
%DI
Energy
184kJ
552kJ
0
Protein
0.4g
1.2g
0
Total Fat
0.1g
0.3g
0
Saturated Fat
<0.1g
0.1g
0
Carbohydrate
10.0g
30.0g
0
Sugars
8.6g
25.8g
0
Vitamin A
75ug
225ug
Sodium
22mg
66mg
0
Monounsaturated
0
0
0
Vitamin C
2mg
6mg
Energy (Cal)
44Cal
132Cal
0
Dietary Fibre (total)
0.4g
1.2g
0
Polyunsaturated
0
0
0
Trans
0
0
0
* Percentage Daily Intakes are based on an average adult diet of 8700 kJ. Your daily intakes may be higher or lower depending on your energy needs.",,https://www.coles.com.au/product/campbell's-v8-juice-tropical-fusion-300ml-2047140,,,2024-06-16T12:34:49.650561-04:00
Ind54SColes_ADrinks_SAJuice_IGolden Circle 100% No Added Sugar Apple And Mango Juice | 3L,Golden Circle 100% No Added Sugar Apple And Mango Juice | 3L,Golden Circle,Drinks,Juice,Plastic juice bottles,,$4.50,,$5.50,$1.50 per 1L,9349068,"A mix of two summer flavours in one, Golden Circle Apple Mango Juice is the perfect drink for backyard barbecues and birthday parties. Made with no added sugar, this juice is sure to be a summertime staple in any household. Golden Circle Apple Mango Juice contains no artificial colours, flavours or preservatives. A great mix of two fruit flavours, apple and mango, this juice is perfect to enjoy on hot days. Golden Circle, Share the Sunshine.
No added sugar

No artificial colours or flavours

No preservatives

Serve chilled

Delicious on its own, in smoothies, and in desserts",,,"Per 100g/ml
Per Serving
%DI
Energy
215 KJ
430 kJ
Protein
0.2 g
0.4 g
Total Fat
0.1g
0.2 g
Saturated Fat
0 g
0 g
Carbohydrate
11.9 g
23.8 g
Sugars
11.8 g
23.6 g
Sodium
8 mg
16 mg
Vitamin C
40 mg
80 mg (200% RDI*)
Dietary Fibre (total)
0.3 g
0.6 g
* Percentage Daily Intakes are based on an average adult diet of 8700 kJ. Your daily intakes may be higher or lower depending on your energy needs.",,https://www.coles.com.au/product/golden-circle-100percent-no-added-sugar-apple-and-mango-juice-3l-9349068,,,2024-06-16T12:35:00.836567-04:00
Ind54SColes_ADrinks_SA_ICampbell's V8 Breakfast Juice Box 250mL | 3 pack,Campbell's V8 Breakfast Juice Box 250mL | 3 pack,Campbells,Drinks,,,,$4.00,,$4.50,$5.33 per 1L,1165301,"V8 Breakfast juice is a healthy antioxidant boost. This apple, pineapple, orange and carrot juice contains vitamins. Take one of these perfectly sized lunchbox drinks with your packed lunch to enjoy anywhere. Share this multipack of fruit and vegetable juices with a friend for a healthy morning pick-me-up. Or if you're short on time, it's the perfect ambient juice for an on-the-go afternoon top up. Grab yourself a V8 fuel up!
No artificial flavours or colours
No added preservatives or added sugar
Source of vitamin A and antioxidant vitamin C",,,"Per 100g/ml
Per Serving
%DI
Energy
204kJ
510kJ
0
Protein
0.4g
1.0g
0
Total Fat
0.1g
0.1g
0
Saturated Fat
<0.1g
<0.1g
0
Carbohydrate
11.4g
28.4g
0
Sugars
9.8g
24.5g
0
Vitamin A
75ug
188ug
Sodium
19mg
47mg
0
Monounsaturated
0
0
0
Vitamin C
2mg
16mg
Energy (Cal)
49Cal
122Cal
0
Dietary Fibre (total)
0.2g
0.5g
0
Polyunsaturated
0
0
0
Trans
0
0
0
* Percentage Daily Intakes are based on an average adult diet of 8700 kJ. Your daily intakes may be higher or lower depending on your energy needs.",,https://www.coles.com.au/product/campbell's-v8-breakfast-juice-box-250ml-3-pack-1165301,,,2024-06-16T12:35:12.297946-04:00
Ind54SColes_ADrinks_SAJuice_IColes Tropical Juice 250mL | 6 pack,Coles Tropical Juice 250mL | 6 pack,Coles,Drinks,Juice,Multi pack juice,,$4.00,,,$2.67 per 1L,2535643,Coles Tropical juice 250 ml No Added Sugar Good Source of Vitamin C. great for the lucnh box or as a refreshing drink at the park,,,"Per 100g/ml
Per Serving
%DI
Energy
188
471
5
Protein
LESS THAN 1g
LESS THAN 1g
0
Total Fat
LESS THAN 1g
LESS THAN 1g
0
Saturated Fat
LESS THAN 1g
LESS THAN 1g
1
Saturated
0.09
0.23
Vitamin C
10
25
Fat
0.09
0.23
Dietary Fibre (total)
0.40
1.00
* Percentage Daily Intakes are based on an average adult diet of 8700 kJ. Your daily intakes may be higher or lower depending on your energy needs.",,https://www.coles.com.au/product/coles-tropical-juice-250ml-6-pack-2535643,,,2024-06-16T12:35:23.375131-04:00
Ind54SColes_ADrinks_SAJuice_IGolden Circle 100% Juice Grape | 2L,Golden Circle 100% Juice Grape | 2L,Golden Circle,Drinks,Juice,Plastic juice bottles,,$4.80,,,$2.40 per 1L,4754375,"Golden Circle Grape Juice is vibrant in both taste and colour. Enjoy it chilled or mix into a smoothie for breakfast. Made with no artificial colours, flavours or preservatives, Golden Circle Grape Juice brings the delicious flavour of grapes into a delicious bright juice. Serve chilled over ice on a warm day or blend into your favourite fruit smoothie for added flavour. Golden Circle Grape Juice contains no added sugar. Golden Circle, Share the Sunshine.
No added sugar

No artificial colour or flavours

Best enjoyed chilled

No preservatives

Delicious in a smoothie",,,"Per 100g/ml
Per Serving
%DI
Energy
270 kJ
540 kJ
Protein
0.1 g
0.2 g
Total Fat
0 g
0 g
Saturated Fat
0 g
0 g
Carbohydrate
15.3 g
30.6 g
Sugars
14.6 g
29.2 g
Sodium
7 mg
14 mg
Vitamin C
40 mg
80 mg (200% RDI*)
Dietary Fibre (total)
0 g
0 g
* Percentage Daily Intakes are based on an average adult diet of 8700 kJ. Your daily intakes may be higher or lower depending on your energy needs.",,https://www.coles.com.au/product/golden-circle-100percent-juice-grape-2l-4754375,,,2024-06-16T12:35:34.328257-04:00
Ind54SColes_ADrinks_SA_IColes Apple & Blackcurrant Juice | 2L,Coles Apple & Blackcurrant Juice | 2L,Coles,Drinks,,,,$2.80,,,$1.40 per 1L,2531529,Coles 2L Apple and Blackcurrant juice. Made with no added sugar and is a good source of vitamin C,,,"Per 100g/ml
Per Serving
%DI
Energy
190.54
476.35
Protein
0.09
0.23
Carbohydrate
10.50
26.25
Sugars
9.60
24.00
Sodium
7.00
17.50
Saturated
0.09
0.23
Vitamin C
10.00
25.00
Energy (Cal)
45.58
113.96
Fat
0.07
0.18
Dietary Fibre (total)
0.99
2.48
* Percentage Daily Intakes are based on an average adult diet of 8700 kJ. Your daily intakes may be higher or lower depending on your energy needs.",,https://www.coles.com.au/product/coles-apple-and-blackcurrant-juice-2l-2531529,,,2024-06-16T12:35:45.264463-04:00
Ind54SColes_ADrinks_SAJuice_IBickfords Pineapple Mango Juice | 1L,Bickfords Pineapple Mango Juice | 1L,Bickfords,Drinks,Juice,Glass juice bottles,,$5.50,,$6.50,$5.50 per 1L,5622562,"Our Pineapple & Mango Juice with added Vitamin C, will bring you a ray of sunshine and an antioxidant boost that will cheer your world. There's no added sugar, no artificial colours or flavours and it's free from preservatives because we know that's important to you.",,,"Per 100g/ml
Per Serving
%DI
Energy
120kJ
240kJ
Protein
<0.3g
<0.4g
Total Fat
0g
0g
Saturated Fat
0g
0g
Carbohydrate
5.9g
13.5g
Sugars
0g
13g
Sodium
5mg
5mg
Monounsaturated
0g
0g
Vitamin C
4mg
4mg
25%
Dietary Fibre (total)
1.8g
0g
Polyunsaturated
0g
0g
Trans
0g
0g
* Percentage Daily Intakes are based on an average adult diet of 8700 kJ. Your daily intakes may be higher or lower depending on your energy needs.",,https://www.coles.com.au/product/bickfords-pineapple-mango-juice-1l-5622562,,,2024-06-16T12:35:56.795980-04:00
Ind54SColes_ADrinks_SAJuice_INudie Watermelon Juice | 2L,Nudie Watermelon Juice | 2L,Nudie,Drinks,Juice,Chilled juice,,$7.00,,$8.50,$3.50 per 1L,7016610,,,,,,https://www.coles.com.au/product/nudie-watermelon-juice-2l-7016610,,,2024-06-16T12:36:06.665615-04:00
Ind54SColes_ADrinks_SAJuice_ISPC Pear Natural Juice Can | 850mL,SPC Pear Natural Juice Can | 850mL,SPC,Drinks,Juice,Canned juices,,$3.60,,,$4.24 per 1L,397006,"SPC Pear Juice Can 850mL is premium Australian fruit juice from the cradle of Goulburn valley. Perfect for baking, drinks and smoothies on a warm summers day!


- No Artificial Colours

- No Artificial Flavours

- No Preservatives",,,"Per 100g/ml
Per Serving
%DI
Energy
218kJ
273kJ
Protein
0.3g
0.4g
Total Fat
Less than 0.1g
Less than 0.1g
Saturated Fat
Less than 0.1g
Less than 0.1g
Carbohydrate
12.5g
15.6g
Sugars
8.3g
10.4g
Sodium
Less than 5mg
Less than 5mg
Energy (Cal)
52Cal
65Cal
Dietary Fibre (total)
0.1g
0.1g
* Percentage Daily Intakes are based on an average adult diet of 8700 kJ. Your daily intakes may be higher or lower depending on your energy needs.",,https://www.coles.com.au/product/spc-pear-natural-juice-can-850ml-397006,,,2024-06-16T12:36:17.870096-04:00
Ind54SColes_ADrinks_SAJuice_IPureharvest Organic Apple & Pear Juice Bottle | 1L,Pureharvest Organic Apple & Pear Juice Bottle | 1L,Pureharvest,Drinks,Juice,Glass juice bottles,,$4.50,,,$4.50 per 1L,5748276,"PureHarvest Organic Apple & Pear Juice is made from 100% whole juice with no added sugars, colours or preservatives.

One of Our Commitments is to sustainable packaging which is why you will find our Juice, Sweetener, Spread & Sauce ranges in recyclable, glass jars instead of plastic.",,,"Per 100g/ml
Per Serving
%DI
Energy
196
392
Protein
0.1
0.2
Total Fat
NIL
NIL
Saturated Fat
NIL
NIL
Carbohydrate
11.4
22.8
Sugars
10.7
21.4
Sodium
2.2
4.4
* Percentage Daily Intakes are based on an average adult diet of 8700 kJ. Your daily intakes may be higher or lower depending on your energy needs.",,https://www.coles.com.au/product/pureharvest-organic-apple-and-pear-juice-bottle-1l-5748276,,,2024-06-16T12:36:29.102496-04:00
Ind54SColes_ADrinks_SAJuice_IGolden Circle Apple Blackcurrant Fruit Drink LunchBox Multipack Poppers 6x250mL | 6 pack,Golden Circle Apple Blackcurrant Fruit Drink LunchBox Multipack Poppers 6x250mL | 6 pack,Golden Circle,Drinks,Juice,Multi pack juice,,$5.10,Pick any 2 for $8,,$3.40 per 1L,2044550,"Golden Circle Apple Blackcurrant Fruit Drink is full of delicious flavour. With a mixture of two fruit flavours in one drink, Golden Circle Apple Blackcurrant Fruit Drink is also made with no artificial colours, flavours or preservatives. Golden Circle Apple Blackcurrant Fruit Drink is a must have in any fridge. Combining two fruity flavours and other ingredients, this fruit drink is made with no artificial colours, flavours or preservatives. Golden Circle, Share the Sunshine.
No artificial colours

No artificial flavours

No preservatives

Good source of vitamin C

Enjoy with meals or snacks or pack it on outdoor trips",,,"Per 100g/ml
Per Serving
%DI
Energy
175 kJ
440 kJ
Protein
0 g
0 g
Total Fat
0 g
0 g
Saturated Fat
0 g
0 g
Carbohydrate
9.8 g
24.5 g
Sugars
9.8 g
24.5 g
Sodium
8 mg
20 mg
Vitamin C
16 mg
40 mg (100% RDI*)
15 mg
* Percentage Daily Intakes are based on an average adult diet of 8700 kJ. Your daily intakes may be higher or lower depending on your energy needs.",,https://www.coles.com.au/product/golden-circle-apple-blackcurrant-fruit-drink-lunchbox-multipack-poppers-6x250ml-6-pack-2044550,,,2024-06-16T12:36:40.176242-04:00
Ind54SColes_ADrinks_SAJuice_IMildura Orange And Passionfruit Drink | 500mL,Mildura Orange And Passionfruit Drink | 500mL,Mildura,Drinks,Juice,Chilled juice,,$2.50,,$2.80,$5.00 per 1L,2478867,"Midura Refreshing Fruit Drink is aussie owned and loved. 

Available in a convenient 500ml bottle, a glass of delicious and vibrant fruit drink is a refreshing addition to your day!

Proudly packed in NSW and QLD by and for the Bega Group using local and imported ingredients. The local ingredients are sourced Australia wide.
With fruit juice

Perfect to drink on the go

Easy to pour, resealable pack

Delicious and full flavoured

Refreshing drink

Manufactured in Australia.",,,"Per 100g/ml
Per Serving
%DI
Energy
163kJ
815kJ
9.0%
Protein
0.1g
0.5g
1.0%
Total Fat
0g
0g
0.0%
Saturated Fat
0g
0g
0.0%
Carbohydrate
9.4g
47g
15.0%
Sugars
8.9g
44.5g
49.0%
Sodium
2.5mg
12.5mg
1.0%
* Percentage Daily Intakes are based on an average adult diet of 8700 kJ. Your daily intakes may be higher or lower depending on your energy needs.",,https://www.coles.com.au/product/mildura-orange-and-passionfruit-drink-500ml-2478867,,,2024-06-16T12:36:51.357185-04:00
Ind54SColes_ADrinks_SAJuice_IPerkii Mango Passionfruit Probiotic Drink | 350mL,Perkii Mango Passionfruit Probiotic Drink | 350mL,Perkii,Drinks,Juice,Chilled juice,,$4.40,,,$12.57 per 1L,3416559,"Delivering more goodness where it counts - your gut. Developed at the University of Queensland, PERKii Probiotic Drink contains 1.2 billion probiotics scientifically designed to reach your gut alive. Blended with natural juice flavours, every bottle is low in sugar and just 37 calories per serving. Great taste, even better for you.
Did you know that the majority of probiotics perish in your stomach, well before they've even reached your gut? PERKii is different!
The brainchild of serious scientific research at UNI of QLD, our probiotics are protected for the long journey through your stomach. Delivering More goodness to the gut.",,,"Per 100g/ml
Per Serving
%DI
Energy
44kJ
154kJ
Protein
<1g
<1g
Total Fat
<0.1g
<0.1g
Saturated Fat
<0.1g
<0.1g
Carbohydrate
2.6g
9.1g
Sugars
2.4g
8.4g
Sodium
2.7mg
9.5mg
Dietary Fibre (total)
<1g
<1g
* Percentage Daily Intakes are based on an average adult diet of 8700 kJ. Your daily intakes may be higher or lower depending on your energy needs.",,https://www.coles.com.au/product/perkii-mango-passionfruit-probiotic-drink-350ml-3416559,,,2024-06-16T12:37:03.421384-04:00
Ind54SColes_ADrinks_SAJuice_IGolden Circle  Pineapple Juice Fruit Juice | 2L,Golden Circle  Pineapple Juice Fruit Juice | 2L,Golden Circle,Drinks,Juice,Plastic juice bottles,,$4.80,,,$2.40 per 1L,5487536,"Brighten up your week with a glass of Golden Circle Pineapple Juice. Made with no added sugar, this juice is a great way to cool down on a warm day. Containing no artificial colours, flavours or preservatives, and made with no added sugar, Golden Circle Pineapple Juice is a great juice for the whole family to enjoy. Enjoy Golden Circle Pineapple Juice in a fruity smoothie, frozen into ice blocks or mixed into a mocktail. Golden Circle, Share the Sunshine.
No added sugar

No artificial colours, flavours or preservatives

A great way to cool down on a warm day

Refreshing drink

Delicious on its own, with savoury dishes, or with desserts",,,"Per 100g/ml
Per Serving
%DI
Energy
205 kJ
410 kJ
Protein
0.1 g
0.2 g
Total Fat
0 g
0 g
Saturated Fat
0 g
0 g
Carbohydrate
11.0 g
22.0 g
Sugars
11.0 g
22.0 g
Sodium
9 mg
18 mg
Vitamin C
40 mg
80 mg (200% RDI*)
Dietary Fibre (total)
0.2 g
0.4 g
* Percentage Daily Intakes are based on an average adult diet of 8700 kJ. Your daily intakes may be higher or lower depending on your energy needs.",,https://www.coles.com.au/product/golden-circle-pineapple-juice-fruit-juice-2l-5487536,,,2024-06-16T12:37:14.554035-04:00
Ind54SColes_ADrinks_SAJuice_IEmma And Toms Kick Starter Juice | 1L,Emma And Toms Kick Starter Juice | 1L,Emma And Toms,Drinks,Juice,Chilled juice,,$4.00,,$6.20,$4.00 per 1L,6381600,"Prebiotics are certain plant fibre that are indigestible to human but are important source of food and environment to the trillions of good bacteria that live within us, known as 'microbiome'.
It is becoming very clear that what we eat has an enormous impact on the health of our microbiome and that in turn has a big impact on our own health.
We have added the Prebiotics Acacia Fibre, Chicory Fibre to this juice to support good digestion and a thriving gut microbiome.",,,"Per 100g/ml
Per Serving
%DI
Energy
179kJ
358kJ
Protein
0.6g
1.2g
Total Fat
0.1g
0.2g
Saturated Fat
0g
0g
Carbohydrate
11.2g
22.4g
Sugars
8.5g
17g
Sodium
9mg
18mg
Vitamin C
11mg
22mg
Dietary Fibre (total)
2g
4g
Potassium
130mg
260mg
* Percentage Daily Intakes are based on an average adult diet of 8700 kJ. Your daily intakes may be higher or lower depending on your energy needs.",,https://www.coles.com.au/product/emma-and-toms-kick-starter-juice-1l-6381600,,,2024-06-16T12:37:25.626785-04:00
Ind54SColes_ADrinks_SAJuice_IOcean Spray Pure Cranberry Juice | 1L,Ocean Spray Pure Cranberry Juice | 1L,Ocean Spray,Drinks,Juice,Plastic juice bottles,,$8.00,,,$8.00 per 1L,6764653,"Enjoy the powerful taste of 100% unsweetened cranberries, loaded with antioxidants to help cleanse & purify your body. Boost your daily smoothie, sparkling water or enjoy as a daily shot!",,,"Per 100g/ml
Per Serving
%DI
Energy
118kJ
295kJ
Protein
0g
0g
Total Fat
0g
0g
Saturated Fat
0g
0g
Carbohydrate
4.5g
11.3g
Sugars
3.9g
9.8g
Sodium
11mg
28mg
Potassium
74mg
185mg
* Percentage Daily Intakes are based on an average adult diet of 8700 kJ. Your daily intakes may be higher or lower depending on your energy needs.",,https://www.coles.com.au/product/ocean-spray-pure-cranberry-juice-1l-6764653,,,2024-06-16T12:37:36.899809-04:00
Ind54SColes_ADrinks_SAJuice_IDaily Juice Pulp Free No Added Sugar Orange Juice | 2L,Daily Juice Pulp Free No Added Sugar Orange Juice | 2L,Daily Juice,Drinks,Juice,Chilled juice,,$6.20,,,$3.10 per 1L,5738160,"Daily Juice has been working since 1989 to create great tasting juice, great for the whole family to enjoy! With fruit ripened in the sun and no added sugar, Daily Juice is packed with good stuff to help kick start your day. 

For a delicious kick start to your day, pair a glass of delicious Daily Juice Pulp free Orange Juice with a bowl of delicious and nutritious granola muesli with berries. 

Proudly Australian owned, made and loved. 

Contains fresh, reconstituted and from time to time, cold-stored juice.  
No Added Sugar

5 Star Health rating

With the goodness of Vitamin C

1 serve of fruit per 125mL of fruit Juice as part of a balanced diet

Perfect for breakfast or as a refreshment/snack

Manufactured in Australia.",,,"Per 100g/ml
Per Serving
%DI
Energy
167kJ
334kJ
4%
Protein
0.6g
1.2g
2%
Total Fat
<1.0g
<1.0g
<1%
Saturated Fat
0g
0g
0%
Carbohydrate
8.9g
17.8g
6%
Sugars
8.2g
16.4g
18%
Sodium
2.0mg
4.0mg
<1%
Vitamin C
37mg
74mg
185% RDI*
Energy (Cal)
40Cal
80Cal
Dietary Fibre (total)
0.2g
0.4g
1%
Potassium
180mg
360mg
* Percentage Daily Intakes are based on an average adult diet of 8700 kJ. Your daily intakes may be higher or lower depending on your energy needs.",,https://www.coles.com.au/product/daily-juice-pulp-free-no-added-sugar-orange-juice-2l-5738160,,,2024-06-16T12:37:47.959753-04:00
Ind54SColes_ADrinks_SAJuice_IArepa Nootropic Brain Drink Performance | 300mL,Arepa Nootropic Brain Drink Performance | 300mL,Arepa,Drinks,Juice,Chilled juice,,$7.00,,,$23.33 per 1L,3986466,"Arepa Nootropic Brain Drink Performance 300mL. Designed to keep you calm and thinking clear, from procrastination, brain fog, stress and mental blocks. Formulated by our world-renowned Neuroscientist. ?repay is based on decades of clinical research along with our own independent studies on our finished formula. 100% Natural, Caffeine-free, Effects you can feel.",,,"Per 100g/ml
Per Serving
%DI
Energy
52kJ
155kJ
Protein
12g
37g
Total Fat
0.1g
0.4g
Saturated Fat
0g
0g
Carbohydrate
7.7g
23g
Sugars
4.9g
14.8g
Sodium
3mg
8mg
* Percentage Daily Intakes are based on an average adult diet of 8700 kJ. Your daily intakes may be higher or lower depending on your energy needs.",,https://www.coles.com.au/product/arepa-nootropic-brain-drink-performance-300ml-3986466,,,2024-06-16T12:37:58.955466-04:00
Ind54SColes_ADrinks_SAJuice_IFruit Co Juice Plus + Tomato | 2L,Fruit Co Juice Plus + Tomato | 2L,Fruit Co,Drinks,Juice,Plastic juice bottles,,$3.50,,,$1.75 per 1L,3752330,"Made from 98% Juice and enriched with the goodness of Vitamin C and Fibre, FruitCo Juice is the perfect juice for any occasion. FruitCo Juice comes in a convenient and ergonomic 2L PET grip bottle.",,,"Per 100g/ml
Per Serving
%DI
Energy
109kJ
272kJ
3%
Protein
<1g
<1g
1%
Total Fat
<1g
<1g
1%
Saturated Fat
<1g
<1g
1%
Carbohydrate
6.4g
16g
5%
Sugars
6.1g
15.3g
17%
Sodium
202mg
505mg
22%
Vitamin C
10mg
25mg
0%
Dietary Fibre (total)
<1g
<1g
8%
* Percentage Daily Intakes are based on an average adult diet of 8700 kJ. Your daily intakes may be higher or lower depending on your energy needs.",,https://www.coles.com.au/product/fruit-co-juice-plus-+-tomato-2l-3752330,,,2024-06-16T12:38:09.877477-04:00
Ind54SColes_ADrinks_SAJuice_IColes Smoothie Berry | 1L,Coles Smoothie Berry | 1L,Coles,Drinks,Juice,Chilled juice,,$5.10,,,$5.10 per 1L,2806605,"Coles Berry smoothie 1L. A blend of strawberry, raspberry, banana, pear, mango and blueberry all make up this 2018 product of the year smoothie. Not made from concentrate, no added sugar and 1 portion of fruit in each serving makes this a great beverage for any time of day.",,,"Per 100g/ml
Per Serving
%DI
Energy
221.20
553.00
Protein
0.50
1.25
Carbohydrate
11.20
28.00
Sugars
11.00
27.50
Sodium
0.48
1.20
Saturated
0.00
0.00
Vitamin C
41.88
104.70
Energy (Cal)
52.92
132.30
Fat
0.30
0.75
Dietary Fibre (total)
1.40
3.50
* Percentage Daily Intakes are based on an average adult diet of 8700 kJ. Your daily intakes may be higher or lower depending on your energy needs.",,https://www.coles.com.au/product/coles-smoothie-berry-1l-2806605,,,2024-06-16T12:38:20.855508-04:00
Ind54SColes_ADrinks_SAColes Finest_IColes Finest Apple Juice | 2L,Coles Finest Apple Juice | 2L,Coles,Drinks,Coles Finest,Fruit & Fruit Juice,,$5.20,,,$2.60 per 1L,3927117,Refreshing Coles 2L cloudy apple juice made with 100% Australian apples and no added sugar. A refreshing beverage for anytime of day.,,,"Per 100g/ml
Per Serving
%DI
Energy
211.82
529.55
Protein
0.20
0.50
Carbohydrate
12.00
30.00
Sugars
11.10
27.75
Sodium
3.30
8.25
Saturated
0.09
0.23
Energy (Cal)
50.67
126.69
Fat
0.10
0.25
Dietary Fibre (total)
0.09
0.23
* Percentage Daily Intakes are based on an average adult diet of 8700 kJ. Your daily intakes may be higher or lower depending on your energy needs.",,https://www.coles.com.au/product/coles-finest-apple-juice-2l-3927117,,,2024-06-16T12:38:32.106617-04:00
Ind54SColes_ADrinks_SAJuice_IColes Apple Fruit Drink 250mL | 6 Pack,Coles Apple Fruit Drink 250mL | 6 Pack,Coles,Drinks,Juice,Multi pack juice,,$3.50,,,$2.33 per 1L,2535574,No Artificial Sweeteners35% Fruit Juice,,,"Per 100g/ml
Per Serving
%DI
Energy
152.4
381
Protein
0.1
0.25
Saturated Fat
LESS THAN 1g
LESS THAN 1g
1
Carbohydrate
8.6
21.5
Sugars
8.1
20.25
Sodium
3
7.5
Saturated
0.1
0.25
Energy (Cal)
36
91
Fat
0.1
0.25
Dietary Fibre (total)
0.1
0.25
* Percentage Daily Intakes are based on an average adult diet of 8700 kJ. Your daily intakes may be higher or lower depending on your energy needs.",,https://www.coles.com.au/product/coles-apple-fruit-drink-250ml-6-pack-2535574,,,2024-06-16T12:38:43.144931-04:00
Ind54SColes_ADrinks_SAJuice_IDaily Juice Pulp Free No Added Sugar Orange Juice | 500mL,Daily Juice Pulp Free No Added Sugar Orange Juice | 500mL,Daily Juice,Drinks,Juice,Chilled juice,,$3.00,,,$6.00 per 1L,8757069,"With great flavour, no added sugar and packed in a convenient 500ml bottle, Daily Juice Orange Pulp Free Juice is the ideal 'on-the-go' pick me up to support your busy lifestyle!

Recharge with Vitamin C, which supports energy and reduces feelings of tiredness and fatigue when consumed as part of a balanced diet. 

Proudly Australian owned, made and loved. 

Contains fresh, reconstituted and from time to time, cold-stored juice. 
No Added Sugar

5 Star Health rating

With the goodness of Vitamin C

1 serve of fruit per 125mL of fruit Juice as part of a balanced diet

Perfect for breakfast or as a refreshment/snack

Manufactured in Australia.",,,"Per 100g/ml
Per Serving
%DI
Energy
167kJ
835kJ
10%
Protein
0.6g
3.0g
6%
Total Fat
<1.0g
<1.0g
<1%
Saturated Fat
0.0g
0.0g
0.0%
Carbohydrate
8.9g
44.5g
14%
Sugars
8.2g
41.0g
46%
Sodium
2.0mg
10.0mg
<1%
Vitamin C
30mg
150mg
375% RDI*
Energy (Cal)
40Cal
200Cal
Dietary Fibre (total)
0.2g
1.0g
3%
Potassium
180mg
900mg
* Percentage Daily Intakes are based on an average adult diet of 8700 kJ. Your daily intakes may be higher or lower depending on your energy needs.",,https://www.coles.com.au/product/daily-juice-pulp-free-no-added-sugar-orange-juice-500ml-8757069,,,2024-06-16T12:38:55.309898-04:00
Ind54SColes_ADrinks_SAJuice_IColes Apple & Blackcurrant Fruit Drink Multipack 250mL | 6 Pack,Coles Apple & Blackcurrant Fruit Drink Multipack 250mL | 6 Pack,Coles,Drinks,Juice,Multi pack juice,,$3.50,,,$2.33 per 1L,2535563,No Artificial Sweeteners35% Fruit Juice,,,"Per 100g/ml
Per Serving
%DI
Energy
152.4
381
Protein
0.1
0.25
Carbohydrate
8.6
21.5
Sugars
8.1
20.25
Sodium
3
7.5
Saturated
0.1
0.25
Energy (Cal)
36.46
91.15
Fat
0.1
0.25
Dietary Fibre (total)
0.1
0.25
* Percentage Daily Intakes are based on an average adult diet of 8700 kJ. Your daily intakes may be higher or lower depending on your energy needs.",,https://www.coles.com.au/product/coles-apple-and-blackcurrant-fruit-drink-multipack-250ml-6-pack-2535563,,,2024-06-16T12:39:06.277267-04:00
Ind54SColes_ADrinks_SAJuice_IBickford's Prune Juice | 1L,Bickford's Prune Juice | 1L,Bickfords,Drinks,Juice,Glass juice bottles,,$5.50,,$6.50,$5.50 per 1L,5225460,"If you need a little help getting your digestive health moving in the right direction, our 100% Prune juice could be just the thing. It tastes pretty fabulous, there's no added sugar, no preservatives and nothing artificial because we know that's important to you.",,,"Per 100g/ml
Per Serving
%DI
Energy
309kJ
773kJ
Protein
<0.5g
<1.3g
Total Fat
0g
0g
Saturated Fat
0g
0g
Carbohydrate
18g
42.5g
Sugars
10.7g
25g
Sodium
9mg
22.5mg
Monounsaturated
0g
0g
Dietary Fibre (total)
0g
0g
Polyunsaturated
0g
0g
Trans
0g
0g
* Percentage Daily Intakes are based on an average adult diet of 8700 kJ. Your daily intakes may be higher or lower depending on your energy needs.",,https://www.coles.com.au/product/bickford's-prune-juice-1l-5225460,,,2024-06-16T12:39:17.334419-04:00
Ind54SColes_ADrinks_SAJuice_IGolden Circle Apple Raspberry Drink Tetra 250mL | 6 pack,Golden Circle Apple Raspberry Drink Tetra 250mL | 6 pack,Golden Circle,Drinks,Juice,Multi pack juice,,$5.10,Pick any 2 for $8,,$3.40 per 1L,4352112,"Keep cool during summer with Golden Circle Apple Raspberry Fruit Drink. This delicious fruit drink contains a tasty combination of apple and raspberry juice, with no artificial colours, flavours or preservatives. Golden Circle Apple Raspberry Fruit Drink is made to create smiles and is best served chilled, or frozen into iceblocks. Packaged into convenient single serve cartons, which are ideal for when you're on the go - whether you're heading to work, school, spending the day at the beach or heading to a picnic at the park. This fruit drink is an essential for summer camping trips. Golden Circle, Share the Sunshine.
No artificial colours

No artificial flavours

Contains no preservatives

Good Source of vitamin C

Convenient size for bringing to picnics and beach trips",,,"Per 100g/ml
Per Serving
%DI
Energy
175 kJ
440 kJ
Protein
0 g
0 g
Total Fat
0 g
0 g
Saturated Fat
0 g
0 g
Carbohydrate
9.8 g
24.5 g
Sugars
9.8 g
24.5 g
Sodium
8 mg
20 mg
Vitamin C
15 mg
37 mg (92% RDI*)
15 mg
* Percentage Daily Intakes are based on an average adult diet of 8700 kJ. Your daily intakes may be higher or lower depending on your energy needs.",,https://www.coles.com.au/product/golden-circle-apple-raspberry-drink-tetra-250ml-6-pack-4352112,,,2024-06-16T12:39:28.680788-04:00
Ind54SColes_ADrinks_SAJuice_IColes Green Juice | 500mL,Coles Green Juice | 500mL,Coles,Drinks,Juice,Chilled juice,,$2.40,,,$4.80 per 1L,5641283,,,,"Per 100g/ml
Per Serving
%DI
Energy
220.50
551.25
Protein
0.80
2.00
Total Fat
LESS THAN 1g
LESS THAN 1g
1
Saturated Fat
LESS THAN 1g
LESS THAN 1g
1
Carbohydrate
11.50
28.75
Sugars
10.90
27.25
Sodium
5.00
12.50
Saturated
0.10
0.25
Vitamin C
6.00
15.00
Energy (Cal)
52.75
131.88
Fat
0.20
0.50
Dietary Fibre (total)
0.50
1.25
* Percentage Daily Intakes are based on an average adult diet of 8700 kJ. Your daily intakes may be higher or lower depending on your energy needs.",,https://www.coles.com.au/product/coles-green-juice-500ml-5641283,,,2024-06-16T12:39:39.428188-04:00
Ind54SColes_ADrinks_SAJuice_IColes Mango Nectar Fruit Drink | 2L,Coles Mango Nectar Fruit Drink | 2L,Coles,Drinks,Juice,Plastic juice bottles,,$2.80,,,$1.40 per 1L,4382827,Coles Juice Mango nectar a good source of Vitamin C a refreshing drink to start your day,,,"Per 100g/ml
Per Serving
%DI
Energy
196.60
491.50
Protein
0.10
0.25
Total Fat
0.10
0.25
Saturated Fat
0.10
0.25
Carbohydrate
11.20
28.00
Sugars
10.20
25.50
Sodium
4.00
10.00
Vitamin C
10.00
25.00
Energy (Cal)
47.03
117.58
Dietary Fibre (total)
0.10
0.25
* Percentage Daily Intakes are based on an average adult diet of 8700 kJ. Your daily intakes may be higher or lower depending on your energy needs.",,https://www.coles.com.au/product/coles-mango-nectar-fruit-drink-2l-4382827,,,2024-06-16T12:39:50.635158-04:00
Ind54SColes_ADrinks_SABeverages_IRemedy Kombucha Mango Passion | 750mL,Remedy Kombucha Mango Passion | 750mL,Remedy,Drinks,Beverages,Water & juices,,$5.90,,,"$7.87 per 1L
Was $7.50 on May 2024",3951348,"This delicious mango passion drink is true to fruit, fresh as with all natural flavour. Smooth and sweet (minus the sugar) with a hint of passionfruit tang. This Remedy Kombucha flavour will make your mouth water  it's ripe and ready. Remedy Kombucha contains:
No Sugar, for real
All Natural
Certified Organic
Low on Caloriesl
Vegan
Gluten Free",,,"Per 100g/ml
Per Serving
%DI
Energy
12kJ
40kJ
Protein
<1g
<1g
Total Fat
<1g
<1g
Saturated Fat
<1g
<1g
Carbohydrate
<3g
<1g
Sugars
0g
0g
Sodium
<5mg
<5mg
Dietary Fibre (total)
<1g
<1g
* Percentage Daily Intakes are based on an average adult diet of 8700 kJ. Your daily intakes may be higher or lower depending on your energy needs.",,https://www.coles.com.au/product/remedy-kombucha-mango-passion-750ml-3951348,,,2024-06-16T12:40:02.897872-04:00
Ind54SColes_ADrinks_SA_IGrove Juice Cloudy Apple | 1.5L,Grove Juice Cloudy Apple | 1.5L,Grove Juice,Drinks,,,,$6.95,,,$4.63 per 1L,7014546,Goodness from Australia's Grove,,,"Per 100g/ml
Per Serving
%DI
Energy
180kJ
360kJ
Protein
<0.1g
<0.1g
Total Fat
0g
0g
Saturated Fat
0g
0g
Carbohydrate
10.6g
21.2g
Sugars
10.3g
20.6g
Sodium
9mg
18mg
* Percentage Daily Intakes are based on an average adult diet of 8700 kJ. Your daily intakes may be higher or lower depending on your energy needs.",,https://www.coles.com.au/product/grove-juice-cloudy-apple-1.5l-7014546,,,2024-06-16T12:40:13.912651-04:00
Ind54SColes_ADrinks_SAJuice_IOriginal Juice Co. Black Label Chilled Orange Juice | 1.5L,Original Juice Co. Black Label Chilled Orange Juice | 1.5L,Original Juice Co,Drinks,Juice,Chilled juice,,$6.50,,,$4.33 per 1L,8190089,"The Original, Orange Juice. A perfect balance of sweetness and acidity that delivers a full mouth feel with a textural finish.",,,"Per 100g/ml
Per Serving
%DI
Energy
215kJ
430kJ
5%
Protein
0.7g
1.4g
3%
Total Fat
0.1g
0.2g
0.30%
Saturated Fat
0.1g
0.2g
0.80%
Carbohydrate
10.8g
21.6g
7%
Sugars
10.8g
17.2g
7%
Sodium
1mg
2mg
<0%
* Percentage Daily Intakes are based on an average adult diet of 8700 kJ. Your daily intakes may be higher or lower depending on your energy needs.",,https://www.coles.com.au/product/original-juice-co.-black-label-chilled-orange-juice-1.5l-8190089,,,2024-06-16T12:40:25.851076-04:00
Ind54SColes_ADrinks_SAJuice_IGrove Juice Orange Mango Pineapple Apple Passionfruit | 1.5L,Grove Juice Orange Mango Pineapple Apple Passionfruit | 1.5L,Grove Juice,Drinks,Juice,Chilled juice,,$6.95,,,$4.63 per 1L,7016097,100% Australian Owned and Grown.,,,"Per 100g/ml
Per Serving
%DI
Energy
173kJ
346kJ
Protein
0.5g
0.9g
Total Fat
0g
0.1g
Saturated Fat
0g
0g
Carbohydrate
8.5g
17g
Sugars
8.5g
17g
Sodium
5mg
11mg
* Percentage Daily Intakes are based on an average adult diet of 8700 kJ. Your daily intakes may be higher or lower depending on your energy needs.",,https://www.coles.com.au/product/grove-juice-orange-mango-pineapple-apple-passionfruit-1.5l-7016097,,,2024-06-16T12:40:37.144704-04:00
Ind54SColes_ADrinks_SAStationery & media_ISharpie S-Gel Pens Black | 2 pack,Sharpie S-Gel Pens Black | 2 pack,Sharpie,Drinks,Stationery & media,Stationery,,$4.80,,$8.00,$2.40 per 1ea,3785555,"The power of Sharpie is now in a gel pen with the Sharpie S-Gel. With no smear, no bleed technology and bold, best-in-class ink, this Sharpie pen delivers always-vivid writing. It's a high-performance gel pen with a sleek, professional look that makes it a writing instrument you won't want to loan out. And the contoured rubber grip makes for comfortable writing during any task. Available in multiple point sizes, barrel finishes and gel ink colours, Sharpie S-Gel offers a smooth writing experience perfect for homes, schools, or offices.
Gel pen with no smear, no bleed technology

Intensely bold gel ink colours offer always vivid writing

Contoured rubber grip for a comfortable writing experience

Medium Point (0.7mm)

Includes 2 black gel ink pens",,,,,https://www.coles.com.au/product/sharpie-s-gel-pens-black-2-pack-3785555,,,2024-06-16T12:40:46.096096-04:00
Ind54SColes_ADrinks_SAJuice_IThe Juice Brothers Orange Juice | 1L,The Juice Brothers Orange Juice | 1L,The Juice Brothers,Drinks,Juice,Chilled juice,,$5.50,,,$5.50 per 1L,7829200,"Extraordinary tasting juice that cares? You're holding it!

Our orange juice is squeezed rather than crushed to preserve the fruit peels. Our orange, apple and pear fruit peels (including the seeds and cores) are reused as local animal feed.

We're also owned, grown and squeezed right here in Australia because we love what we do and want to keep it local.

No added sugar, just natural sweetness of fruit.",,,"Per 100g/ml
Per Serving
%DI
Energy
164kJ
328kJ
4%
Protein
0.6g
1.2g
2%
Total Fat
<1.0g
<1.0g
<1%
Saturated Fat
0.0g
0.0g
0.00%
Carbohydrate
8.7g
17.4g
6%
Sugars
8.1g
16.2g
18%
Sodium
1mg
2mg
<1%
Monounsaturated
0
0
0
Vitamin C
20mg
40mg
Energy (Cal)
39Cal
78Cal
0
Dietary Fibre (total)
0.6g
1.2g
4%
Polyunsaturated
0
0
0
Potassium
150mg
300mg
0
Trans
0
0
0
* Percentage Daily Intakes are based on an average adult diet of 8700 kJ. Your daily intakes may be higher or lower depending on your energy needs.",,https://www.coles.com.au/product/the-juice-brothers-orange-juice-1l-7829200,,,2024-06-16T12:40:57.110795-04:00
Ind54SColes_ADrinks_SA_ILo Bros Organic Kombucha Pineapple And Lime | 750mL,Lo Bros Organic Kombucha Pineapple And Lime | 750mL,Lo Bros,Drinks,,,,$7.70,Pick any 2 for $9,,$10.27 per 1L,3210000,"We've taken the joy of summer¦and bottled it. The fresh taste of pineapple with a splash of lime, lightly sparkling, naturally sweet and full of living cultures - it's so tasty you'd run a mile on hot sand to get one! It's time to rethink your drink! Lo Bros brews better-for-you drinks using a little process we like to call the Cycle of Doin' Good. It kicks off with old-school fermentation and know-how using the best organic ingredients, then transforms those bad old sugars into tasty drinks and positive change. Naturally low in sugar, bubbling with millions of living cultures, bursting with refreshing feel good flavour & giving the planet a helping hand too.",,,"Per 100g/ml
Per Serving
%DI
Energy
<40kJ
<40kJ
Protein
<1g
<1g
Total Fat
<1g
<1g
Saturated Fat
<1g
<1g
Carbohydrate
0.3g
0.8g
Sugars
0.3g
0.8g
Sodium
<5mg
<5mg
Dietary Fibre (total)
<1g
<1g
* Percentage Daily Intakes are based on an average adult diet of 8700 kJ. Your daily intakes may be higher or lower depending on your energy needs.",,https://www.coles.com.au/product/lo-bros-organic-kombucha-pineapple-and-lime-750ml-3210000,,,2024-06-16T12:44:04.490781-04:00
Ind54SColes_ADrinks_SAJuice_IOriginal Juice Co Fruit & Veg Goodness Green | 1L,Original Juice Co Fruit & Veg Goodness Green | 1L,Original Juice Co,Drinks,Juice,Chilled juice,,$6.00,,,$6.00 per 1L,4845594,"Healthy and refreshing full of leafy green nutrients, minerals and fibre. A perfect balance of sweet pears with savoury vegetables. This flavoursome juice has 2.8 serves of vegetables per 250ml, making it easier to reach your daily veg intake.",,,"Per 100g/ml
Per Serving
%DI
Energy
135kJ
338kJ
Protein
0g
2.1g
Total Fat
0g
0g
Saturated Fat
0g
0g
Carbohydrate
5.6g
14g
Sugars
5.3g
13.3g
Sodium
40mg
100mg
* Percentage Daily Intakes are based on an average adult diet of 8700 kJ. Your daily intakes may be higher or lower depending on your energy needs.",,https://www.coles.com.au/product/original-juice-co-fruit-and-veg-goodness-green-1l-4845594,,,2024-06-16T12:44:15.463896-04:00
Ind54SColes_ADrinks_SAJuice_IGolden Circle Breakfast Juice No Added Sugar | 3L,Golden Circle Breakfast Juice No Added Sugar | 3L,Golden Circle,Drinks,Juice,Plastic juice bottles,,$4.50,,$5.50,$1.50 per 1L,9348305,"Golden Circle Breakfast Juice contains a mix of fruit juices and is made with no added sugar. It's always good to start your day with a tasty breakfast, which is why Golden Circle Breakfast Juice is an excellent pairing with your next breakfast. With fruity flavours including apple or pear, pineapple, orange, passionfruit and banana, this juice will be a favourite for the whole family. It's made with no artificial colours, flavours or preservatives. Golden Circle, Share the Sunshine.
No added sugar

No artificial colours, flavours or preservatives

Serve chilled

Delicious on its own, with savoury dishes, or as an ingredient in smoothies and desserts

100% Recyclable Bottle",,,"Per 100g/ml
Per Serving
%DI
Energy
190 kJ
380 kJ
Protein
0.2 g
0.4 g
Total Fat
0 g
0 g
Saturated Fat
0 g
0 g
Carbohydrate
10.0 g
20.0 g
Sugars
9.0 g
18.0 g
Sodium
10 mg
20 mg
Vitamin C
40 mg
80 mg (200% RDI*)
Dietary Fibre (total)
0.3 g
0.6 g
* Percentage Daily Intakes are based on an average adult diet of 8700 kJ. Your daily intakes may be higher or lower depending on your energy needs.","Reconstituted Fruit Juice [Pear or Apple (54%), Pineapple (29%), Orange (14%), Passionfruit (0.5%)], Banana Puree (1.2%), Food Acid (Citric Acid), Vitamin C, Natural Flavours.",https://www.coles.com.au/product/golden-circle-breakfast-juice-no-added-sugar-3l-9348305,,,2024-06-16T12:44:26.788669-04:00
Ind54SColes_ADrinks_SA_IDaily Juice Orange Pre Probiotics | 1L,Daily Juice Orange Pre Probiotics | 1L,Daily Juice,Drinks,,,,$3.80,,$4.80,$3.80 per 1L,4465414,"Daily Juice has been working since 1989 to create great tasting juice, great for the whole family to enjoy! With fruit ripened in the sun and no added sugar, Daily Juice is packed with good stuff to help kick start your day. 

 With a blend of prebiotics and vitamin C, Daily Juice Orange Juice + Pre & Probiotics helps to support a healthy gut as part of a balanced diet.

Proudly Australian owned, made and loved. 

Contains fresh, reconstituted and from time to time, cold-stored juice. 

^Probiotics support everyday gut health by increasing the good bugs in your gut, as part of a balanced diet. Some people may experience gut sensitivity from consuming prebiotic fibre.
Healthy Juice

With prebiotics to support a healthy gut^

Orange Juice",,,"Per 100g/ml
Per Serving
%DI
Energy
188
558
6
Protein
0.6
1.8
4
Total Fat
<1
<1
<1
Saturated Fat
0
0
0
Carbohydrate
9.1
27.3
9
Sugars
8.2
24.6
27
Sodium
2
6
<1
Vitamin C
30
99
247
Dietary Fibre (total)
2.2
6.6
22
* Percentage Daily Intakes are based on an average adult diet of 8700 kJ. Your daily intakes may be higher or lower depending on your energy needs.",,https://www.coles.com.au/product/daily-juice-orange-pre-probiotics-1l-4465414,,,2024-06-16T12:44:37.679872-04:00
Ind54SColes_ADrinks_SAJuice_IImpressed Essentials Orange Juice Pulp Free | 1L,Impressed Essentials Orange Juice Pulp Free | 1L,Impressed,Drinks,Juice,Chilled juice,,$4.80,,,$4.80 per 1L,4845620,,,,"Per 100g/ml
Per Serving
%DI
Energy
197kJ
493kJ
Protein
0.6g
1.5g
Total Fat
0.1g
0.1g
Saturated Fat
0.1g
0.1g
Carbohydrate
10.9g
27.3g
Sugars
8.5g
21.3g
Sodium
1mg
1mg
* Percentage Daily Intakes are based on an average adult diet of 8700 kJ. Your daily intakes may be higher or lower depending on your energy needs.",,https://www.coles.com.au/product/impressed-essentials-orange-juice-pulp-free-1l-4845620,,,2024-06-16T12:44:48.628461-04:00
Ind54SColes_ADrinks_SAJuice_IGolden Circle 100 Percent Orange Mango Juice | 2L,Golden Circle 100 Percent Orange Mango Juice | 2L,Golden Circle,Drinks,Juice,Plastic juice bottles,,$4.80,,,$2.40 per 1L,2044540,"The flavours of juicy orange and sweet mango combined with other ingredients in this refreshing Golden Circle Orange Mango Juice. Made with no artificial colours, flavours or preservatives, this juice is perfect to serve with breakfast. Indulge in the refreshing taste of Golden Circle Orange Mango Juice, where the flavors of juicy orange and sweet mango come together in perfect harmony. This delicious juice is made with no artificial colors, flavors, or preservatives, making it a great choice to start your day. With no added sugar, Golden Circle Orange Mango Juice is a great beverage for any time of the day, whether it's paired with breakfast or enjoyed in the afternoon. As part of the Golden Circle brand, this juice represents the essence of sharing and spreading sunshine. So, take a sip and let the delicious taste of Golden Circle Orange Mango Juice brighten up your day.
No added sugar

No artificial colours, flavours or preservatives

Perfect juice to serve with breakfast

Served chilled

Delicious on its own, in smoothies or desserts",,,"Per 100g/ml
Per Serving
%DI
Energy
190 kJ
380 kJ
Protein
0.6 g
1.2 g
Total Fat
0.1 g
0.2 g
Saturated Fat
0 g
0 g
Carbohydrate
10.0 g
20.0 g
Sugars
8.1 g
16.2 g
Sodium
8 mg
16 mg
Vitamin C
40 mg
80 mg (200% RDI*)
Dietary Fibre (total)
0.2 g
0.4 g
* Percentage Daily Intakes are based on an average adult diet of 8700 kJ. Your daily intakes may be higher or lower depending on your energy needs.",,https://www.coles.com.au/product/golden-circle-100-percent-orange-mango-juice-2l-2044540,,,2024-06-16T12:44:59.589250-04:00
Ind54SColes_ADrinks_SA_IColes Apple Juice | 3L,Coles Apple Juice | 3L,Coles,Drinks,,,,$5.00,,,$1.67 per 1L,1882506,"Coles 3L apple juice with no added sugar, artificial colours or flavours. A refreshing beverage for anytime of day.",,,"Per 100g/ml
Per Serving
%DI
Energy
194.62
486.55
Protein
0.09
0.23
Carbohydrate
11.10
27.75
Sugars
8.60
21.50
Sodium
7.00
17.50
Saturated
0.09
0.23
Energy (Cal)
46.56
116.40
Fat
0.11
0.28
Dietary Fibre (total)
0.04
0.10
* Percentage Daily Intakes are based on an average adult diet of 8700 kJ. Your daily intakes may be higher or lower depending on your energy needs.",,https://www.coles.com.au/product/coles-apple-juice-3l-1882506,,,2024-06-16T12:45:12.839528-04:00
Ind54SColes_ADrinks_SAJuice_IGolden Circle Golden Pash Fruit Drink 24x250mL | 6L,Golden Circle Golden Pash Fruit Drink 24x250mL | 6L,Golden Circle,Drinks,Juice,Plastic juice bottles,,$14.90,,,$2.48 per 1L,3961308,"No birthday party, backyard barbecue or picnic in the park is complete without Golden Circle Golden Pash Fruit Drink. Well-loved in many Australian households, this fruit drink is sure to be a hit with your friends and family. Nothing quite beats the delicious taste of Golden Circle Golden Pash Fruit Drink. Made with no artificial colours, flavours or preservatives, this fruit drink is best served straight from the fridge. Golden Circle, Share the Sunshine.
No artificial colours

No artificial flavours

No preservatives

Refreshing and tasty treat on a hot day

250mL size is convenient for on the go",,,"Per 100g/ml
Per Serving
%DI
Energy
175 kJ
440 kJ
Protein
0 g
0 g
Total Fat
0 g
0 g
Saturated Fat
0 g
0 g
Carbohydrate
9.5 g
23.8 g
Sugars
9.3 g
23.3 g
Sodium
9 mg
23 mg
Vitamin C
15 mg
37 mg (92% RDI*)
15 mg
* Percentage Daily Intakes are based on an average adult diet of 8700 kJ. Your daily intakes may be higher or lower depending on your energy needs.",,https://www.coles.com.au/product/golden-circle-golden-pash-fruit-drink-24x250ml-6l-3961308,,,2024-06-16T12:45:24.124865-04:00
Ind54SColes_ADrinks_SAJuice_IGolden Circle Breakfast Juice No Added Sugar Pineapple Fruit Juice | 2L,Golden Circle Breakfast Juice No Added Sugar Pineapple Fruit Juice | 2L,Golden Circle,Drinks,Juice,Plastic juice bottles,,$3.50,,$4.80,$1.75 per 1L,9051973,"Golden Circle Breakfast Juice contains a mix of fruit juices and is made with no added sugar. It's always good to start your day with a tasty breakfast, which is why Golden Circle Breakfast Juice is the perfect pairing for your next breakfast. With fruity flavours including apple or pear, pineapple, orange, banana and passionfruit, this juice will be a favourite for the whole family. It's made with no artificial colours, flavours or preservatives. Golden Circle, Share the Sunshine.
No added sugar

No artificial colours, flavours or preservatives

The perfect juice to enjoy with breakfast

Served chilled

Delicious on its own, with savoury dishes, smoothies and desserts",,,"Per 100g/ml
Per Serving
%DI
Energy
190 kJ
380 kJ
Protein
0.2 g
0.4 g
Total Fat
0 g
0 g
Saturated Fat
0 g
0 g
Carbohydrate
10.0 g
20.0 g
Sugars
9.0 g
18.0 g
Sodium
10 mg
20 mg
Vitamin C
40 mg
80 mg (200% RDI*)
Dietary Fibre (total)
0.3 g
0.6 g
* Percentage Daily Intakes are based on an average adult diet of 8700 kJ. Your daily intakes may be higher or lower depending on your energy needs.",,https://www.coles.com.au/product/golden-circle-breakfast-juice-no-added-sugar-pineapple-fruit-juice-2l-9051973,,,2024-06-16T12:45:35.018646-04:00
Ind54SColes_ADrinks_SAJuice_INudie Apples Oranges & Mangoes Juice Chilled | 2L,Nudie Apples Oranges & Mangoes Juice Chilled | 2L,Nudie,Drinks,Juice,Chilled juice,,$8.00,,,$4.00 per 1L,1423101,"The night of May 27, 2004 was a sad one for nudie.
We watched on helplessly as a fire burnt down our factory full of fruit, juice and jobs. Some brave firemen (to whom we're eternally grateful) managed to save the shell of nudie HQ, but the inside was as gutted as we were. A dire nudie drought followed and fans were left to lick at the leftovers on their lids for six long weeks. But heads, hearts and hands combined and nudie rose triumphantly from the embers to blend fruit once more.
Are you a fireman? Pop into nudie HQ to say hi (we will give you a free nudie)!
No added sugar

No preservatives

No artificial flavours

No concentrates",,,"Per 100g/ml
Per Serving
%DI
Energy
213kJ
533kJ
Protein
Less than 1g
Less than 1g
Total Fat
Less than 1g
Less than 1g
Saturated Fat
Less than 1g
Less than 1g
Carbohydrate
12.3g
30.7g
Sugars
8.9g
22.2g
Sodium
Less than 5mg
Less than 5mg
Dietary Fibre (total)
Less than 1g
Less than 1g
* Percentage Daily Intakes are based on an average adult diet of 8700 kJ. Your daily intakes may be higher or lower depending on your energy needs.",,https://www.coles.com.au/product/nudie-apples-oranges-and-mangoes-juice-chilled-2l-1423101,,,2024-06-16T12:45:46.933402-04:00
Ind54SColes_ADrinks_SA_IGolden Circle Refreshers Tropical Sunrise Flavoured Water Drink 250mL | 6 pack,Golden Circle Refreshers Tropical Sunrise Flavoured Water Drink 250mL | 6 pack,Golden Circle,Drinks,,,,$5.80,Pick any 2 for $8,,$3.87 per 1L,5633729,"Low sugar, Golden Circle Refreshers Tropical Sunrise is the perfect ready-to-drink option for cooling off on hot days. Enjoy chilled or in a glass over ice cubes. Golden Circle Refreshers Tropical Sunrise is a refreshing mix of still water, fruit juice and delicious tropical flavours. It contains no artificial colours or flavours and no preservatives. Keep it in your fridge for entertaining or take it on the go to enjoy at work or outdoors.
Convenient on-the-go size

Bright tropical flavours

Low sugar

No artificial colours, flavours or preservatives

Serve chilled for a refreshing taste",,,"Per 100g/ml
Per Serving
%DI
Energy
50kJ
125kJ
Protein
0g
0g
Total Fat
0g
0g
Saturated Fat
0g
0g
Carbohydrate
2.4g
6.0g
Sugars
2.3g
5.8g
Sodium
10mg
25mg
Dietary Fibre (total)
0.1g
0.3g
* Percentage Daily Intakes are based on an average adult diet of 8700 kJ. Your daily intakes may be higher or lower depending on your energy needs.",,https://www.coles.com.au/product/golden-circle-refreshers-tropical-sunrise-flavoured-water-drink-250ml-6-pack-5633729,,,2024-06-16T12:45:58.596560-04:00
Ind54SColes_ADrinks_SAJuice_IYoufoodz Youjuice Thanks A Melon | 350mL,Youfoodz Youjuice Thanks A Melon | 350mL,Youfoodz,Drinks,Juice,Chilled juice,,$4.00,,,$11.43 per 1L,4849493,"Youfoodz have pressed watermelon, green apple, strawberry, fresh mint, and a touch of earthy beetroot to create this seriously unbeetable blend. Take a sip of Youjuice Thanks a Melon (350ml) for a natural vitamin boost & make it part of your morning routine. You'll hit top notes of hydrating melon and a hint of mint, with a barely-there beetroot taste for added nutritional goodness.",,,"Per 100g/ml
Per Serving
%DI
Energy
153kJ
536kJ
Protein
Less than 1g
1.1g
Total Fat
Less than 1g
1.2g
Saturated Fat
Less than 1g
Less than 1g
Carbohydrate
7.8g
27.5g
Sugars
7.8g
27.4g
Sodium
2mg
7mg
Vitamin C
38mg
133mg
Energy (Cal)
37Cal
128Cal
* Percentage Daily Intakes are based on an average adult diet of 8700 kJ. Your daily intakes may be higher or lower depending on your energy needs.",,https://www.coles.com.au/product/youfoodz-youjuice-thanks-a-melon-350ml-4849493,,,2024-06-16T12:46:09.626121-04:00
Ind54SColes_ADrinks_SAColes Finest_IColes Finest Juice Orange | 500mL,Coles Finest Juice Orange | 500mL,Coles,Drinks,Coles Finest,Fruit & Fruit Juice,,$2.40,,,$4.80 per 1L,1013915,"Coles Australian pure orange juice, 500mL. Made with 100% Australian oranges and no added sugar, packed into a travel friendly bottle for a refreshment on the go.",,,"Per 100g/ml
Per Serving
%DI
Energy
172.35
430.88
Protein
0.83
2.08
Carbohydrate
9.00
22.50
Sugars
8.20
20.50
Sodium
1.10
2.75
Saturated
0.09
0.23
Vitamin C
20.00
50.00
Energy (Cal)
41.23
103.08
Fat
0.12
0.30
Dietary Fibre (total)
0.10
0.25
* Percentage Daily Intakes are based on an average adult diet of 8700 kJ. Your daily intakes may be higher or lower depending on your energy needs.",,https://www.coles.com.au/product/coles-finest-juice-orange-500ml-1013915,,,2024-06-16T12:46:20.487115-04:00
Ind54SColes_ADrinks_SAJuice_IPrima Apple Fruit Drink Multipack 200mL | 6 pack,Prima Apple Fruit Drink Multipack 200mL | 6 pack,Prima,Drinks,Juice,Multi pack juice,,$4.10,,,"$3.42 per 1L
Was $4.60 on Apr 2024",3529792,"Enjoy Prima Apple 200mL on the go or at home. As an accompaniment to lunch or an afternoon pick me up! With no preservatives or artificial colours or flavours. Available in a 6 pack of 200mL juice boxes.
20% fruit juice

No added sugar

No preservatives

No artificial colour

No artificial flavours

Convenient pack size.

6 x 200mL Packs.",,,"Per 100g/ml
Per Serving
%DI
Energy
84kJ
168kJ
Protein
0.0g
0.0g
Total Fat
0.0g
0.0g
Saturated Fat
0.0g
0.0g
Carbohydrate
4.9g
9.8g
Sugars
2.0g
4.0g
Sodium
2mg
4mg
Dietary Fibre (total)
0.0g
0.0g
* Percentage Daily Intakes are based on an average adult diet of 8700 kJ. Your daily intakes may be higher or lower depending on your energy needs.",,https://www.coles.com.au/product/prima-apple-fruit-drink-multipack-200ml-6-pack-3529792,,,2024-06-16T12:46:31.365941-04:00
Ind54SColes_ADrinks_SAJuice_INudie Carrot Apple Orange & Ginger Juice Chilled | 2L,Nudie Carrot Apple Orange & Ginger Juice Chilled | 2L,Nudie,Drinks,Juice,Chilled juice,,$7.00,,$8.50,$3.50 per 1L,3118313,"Waltz into a fancy pants blend of five-star deliciousness. with double the goodness to boast about, you'll feel like serving these juice from a golden platter (we won't mind if you do!).
Made with 100% real fruit and veg

No added sugar

No preservatives

No artificial flavours

100% Australian Fruit and Veg",,,"Per 100g/ml
Per Serving
%DI
Energy
172kJ
430kJ
Protein
Less than 1g
1.0g
Total Fat
Less than 1g
Less than 1g
Saturated Fat
Less than 1g
Less than 1g
Carbohydrate
9.3g
23.3g
Sugars
8.1g
20.2g
Sodium
33mg
83mg
Dietary Fibre (total)
Less than 1g
1g
Potassium
100mg
250mg
* Percentage Daily Intakes are based on an average adult diet of 8700 kJ. Your daily intakes may be higher or lower depending on your energy needs.",,https://www.coles.com.au/product/nudie-carrot-apple-orange-and-ginger-juice-chilled-2l-3118313,,,2024-06-16T12:46:42.474150-04:00
Ind54SColes_ADrinks_SA_ISunraysia Juice Plus Cranberry | 1L,Sunraysia Juice Plus Cranberry | 1L,Sunraysia,Drinks,,,,$5.25,,$6.45,$5.25 per 1L,5622529,"100% Natural. No added colours or preservatives. Vitamins & Minerals, Prebiotic Fibre for immunity support. 

Cranberry is known as the longevity berry and combined with Apple and Veggies takes this juice to a new level.  Enhanced with essential Vitamins C, B12, D, Potassium and Prebiotic Fibre to provide great immunity support which is also 50% less calories (per 100mL than the average of Standard Cranberry Juice drink from top selling brands).
100% Natural

Fruit & Vegetables Juice Blend

Vitamin C

Vitamin D

Vitamin B12

Potassium.

Source of Prebiotic Fibre.

No Added Cane Sugar.",,,,"Formulated Beverage: Reconstituted Juices (Sweet Potato, Apple, Cranberry 8%, Black Carrot), Water, Acacia Fibre, Sweetener (Erythritol, Steviol Glycosides), Natural Flavour, Vitamin C, Vitamin D, Vitamin B12.",https://www.coles.com.au/product/sunraysia-juice-plus-cranberry-1l-5622529,,,2024-06-16T12:46:51.706362-04:00
Ind54SColes_ADrinks_SAJuice_IV8 Healthy Greens Power Blend Juice | 300mL,V8 Healthy Greens Power Blend Juice | 300mL,V8,Drinks,Juice,Plastic juice bottles,,$2.30,,$2.70,$7.67 per 1L,3447632,"V8 Power Blend Healthy Greens juice is a healthy antioxidant boost. This sweet potato, apple, yellow carrot, spinach and kale juice is packed with vitamins to put a powerful pep in your step. Grab this ambient juice for a healthy morning pick-me-up. Or if you're short on time, it's the perfect lunchbox drink for an on-the-go afternoon top up. Grab yourself a V8 fuel up!
No artificial flavours or colours
No added preservatives or added sugar
Source of antioxidant vitamin C",,,"Per 100g/ml
Per Serving
%DI
Energy
185kJ
555kJ
0
Protein
0.4g
1.2g
0
Total Fat
0.1g
0.3g
0
Saturated Fat
<0.1g
0.1g
0
Carbohydrate
10.2g
30.6g
0
Sugars
9.4g
28.1g
0
Sodium
29mg
88mg
0
Monounsaturated
0
0
0
Vitamin C
2mg
6mg
Energy (Cal)
44Cal
133Cal
0
Dietary Fibre (total)
0.1g
0.3g
0
Polyunsaturated
0
0
0
Trans
0
0
0
* Percentage Daily Intakes are based on an average adult diet of 8700 kJ. Your daily intakes may be higher or lower depending on your energy needs.",,https://www.coles.com.au/product/v8-healthy-greens-power-blend-juice-300ml-3447632,,,2024-06-16T12:47:02.664431-04:00
Ind54SColes_ADrinks_SAJuice_IGolden Circle Tropical Punch Fruit Drink Lunch Box Multipack Poppers 6x250mL | 6 pack,Golden Circle Tropical Punch Fruit Drink Lunch Box Multipack Poppers 6x250mL | 6 pack,Golden Circle,Drinks,Juice,Multi pack juice,,$5.10,Pick any 2 for $8,,$3.40 per 1L,384354,"Delicious Golden Circle Tropical Punch Fruit Drink has all your favourite tropical flavours, and is sure to be a hit at birthday parties and events. As soon as the sun comes out, it's time to bring out Golden Circle Tropical Punch Fruit Drink. A fruit drink with a good source of vitamin C, Golden Circle Tropical Punch Fruit Drink is made with no artificial colours, flavours or preservatives. Enjoy it straight from the carton or make homemade ice blocks. Golden Circle, Share the Sunshine.
No artificial colours

No artificial flavours

No preservatives

Good source of vitamin C

Perfect size for bringing to picnics and beach trips",,,"Per 100g/ml
Per Serving
%DI
Energy
175 kJ
440 kJ
Protein
0 g
0 g
Total Fat
0 g
0 g
Saturated Fat
0 g
0 g
Carbohydrate
9.6 g
24.0 g
Sugars
9.4 g
23.5 g
Sodium
9 mg
23 mg
Vitamin C
15 mg
37 mg (92% RDI*)
15 mg
* Percentage Daily Intakes are based on an average adult diet of 8700 kJ. Your daily intakes may be higher or lower depending on your energy needs.",,https://www.coles.com.au/product/golden-circle-tropical-punch-fruit-drink-lunch-box-multipack-poppers-6x250ml-6-pack-384354,,,2024-06-16T12:47:13.597571-04:00
Ind54SColes_ADrinks_SAJuice_IJust Juice Orange Juice Multipack 200mL | 6 pack,Just Juice Orange Juice Multipack 200mL | 6 pack,Just Juice,Drinks,Juice,Multi pack juice,,$5.50,,$6.30,$4.58 per 1L,5001281,"No added sugar
- High in Vitamin C
- No Preservatives
- No Artificial Colours or Flavours
- 1 Serve of Fruit per 125mL (as part of a balanced intake, fruit juice can be a serve of fruit (Australian Dietary Guidelines)).
No Added Sugar

High in Vitamin C

No Preservatives

No Artificial Colours

No Artifical Flavours

125mL of fruit juice as part of a balanced diet.",,,"Per 100g/ml
Per Serving
%DI
Energy
168kJ
336kJ
4%
Protein
0.6g
1.2g
2%
Total Fat
<1.0g
<1.0g
<1%
Saturated Fat
0.0g
0.0g
0%
Carbohydrate
9.0g
18.0g
6%
Sugars
8.3g
16.6g
18%
Sodium
2.5mg
5.0mg
<1%
Vitamin C
20mg
40mg
100% RDI#
Dietary Fibre (total)
0.2g
0.4g
1%
* Percentage Daily Intakes are based on an average adult diet of 8700 kJ. Your daily intakes may be higher or lower depending on your energy needs.",,https://www.coles.com.au/product/just-juice-orange-juice-multipack-200ml-6-pack-5001281,,,2024-06-16T12:47:24.541755-04:00
Ind54SColes_ADrinks_SAJuice_IGolden Circle 100% Juice Orange | 2L,Golden Circle 100% Juice Orange | 2L,Golden Circle,Drinks,Juice,Plastic juice bottles,,$4.80,,,$2.40 per 1L,5487445,"Enjoy the delicious taste of oranges with Golden Circle Orange Juice. Made with no added sugar, Golden Circle Orange Juice is a great way to start off your day. Satisfy your craving for the taste of oranges with Golden Circle Orange Juice. This delightful juice is made with no added sugar, making it a great way to start your day. With no preservatives and no artificial colors or flavors, Golden Circle Orange Juice is a good source of Vitamin C. Enjoy it chilled in a glass with ice on a hot summer's day to keep your whole family refreshed. You can also add this juice to a fruity punch, blend it into your favorite fruit smoothies, or even mix it into a salad dressing to add a burst of citrus flavor. As part of the Golden Circle brand, this juice represents the essence of sharing and spreading sunshine. So, indulge in the delicious taste of Golden Circle Orange Juice and let it brighten up your day.
No added sugar

No artificial colours, flavours or preservatives

Delicious on its own or blended into a smoothie

Served chilled

Good source of vitamin C",,,"Per 100g/ml
Per Serving
%DI
Energy
175 kJ
350 kJ
Protein
0.5 g
1.0 g
Total Fat
0.1 g
0.2 g
Saturated Fat
0 g
0 g
Carbohydrate
9.3 g
18.6 g
Sugars
7.6 g
15.2 g
Sodium
8 mg
16 mg
Vitamin C
40 mg
80 mg (200% RDI*)
Dietary Fibre (total)
0.2 g
0.4 g
* Percentage Daily Intakes are based on an average adult diet of 8700 kJ. Your daily intakes may be higher or lower depending on your energy needs.",,https://www.coles.com.au/product/golden-circle-100percent-juice-orange-2l-5487445,,,2024-06-16T12:47:35.336297-04:00
Ind54SColes_ADrinks_SAJuice_IHarcourt Apple Juice Chilled | 375mL,Harcourt Apple Juice Chilled | 375mL,Harcourt,Drinks,Juice,Chilled juice,,$2.90,,,$7.73 per 1L,7323198,"Harcourt Fresh Apple Juice 375mL. Harcourt Apple Juice is Australia's best pure fresh apple juice, bar none.Harcourt Apple Juice is 100% Australian grown and made. It is pure, fresh apple juice, cold pressed by traditional methods from locally grown Harcourt apples.",,,,,https://www.coles.com.au/product/harcourt-apple-juice-chilled-375ml-7323198,,,2024-06-16T12:47:44.092800-04:00
Ind54SColes_ADrinks_SAJuice_IApple Grove Sparkling 750ml | 750mL,Apple Grove Sparkling 750ml | 750mL,Apple Grove,Drinks,Juice,Glass juice bottles,,$2.90,,,$3.87 per 1L,4753587,"Apple Grove is a deliciously crisp, sparkling apple juice made with natural ingredients. No Added Sugar, No Preservatives, Natural Flavours, No Colours.",,,"Per 100g/ml
Per Serving
%DI
Energy
184kJ
460kJ
5%
Protein
0.4g
1g
2%
Total Fat
<1g
<1g
1%
Saturated Fat
<1g
<1g
4%
Carbohydrate
10.7g
26.8g
9%
Sugars
9.6g
24g
27%
Sodium
3mg
8mg
0.30%
Dietary Fibre (total)
<1g
<3g
3%
* Percentage Daily Intakes are based on an average adult diet of 8700 kJ. Your daily intakes may be higher or lower depending on your energy needs.",,https://www.coles.com.au/product/apple-grove-sparkling-750ml-750ml-4753587,,,2024-06-16T12:47:55.133876-04:00
Ind54SColes_ADrinks_SAJuice_IGrove Juice Orange Pulp Free | 1.5L,Grove Juice Orange Pulp Free | 1.5L,Grove Juice,Drinks,Juice,Chilled juice,,$6.95,,,$4.63 per 1L,7016100,100% Australian Owned and Grown.,,,"Per 100g/ml
Per Serving
%DI
Energy
174kJ
348kJ
Protein
0.5g
1g
Total Fat
0.1g
0.2g
Saturated Fat
<0.1g
<0.1g
Carbohydrate
9.4g
18.8g
Sugars
9.1g
18.2g
Sodium
<5mg
<5mg
* Percentage Daily Intakes are based on an average adult diet of 8700 kJ. Your daily intakes may be higher or lower depending on your energy needs.",,https://www.coles.com.au/product/grove-juice-orange-pulp-free-1.5l-7016100,,,2024-06-16T12:48:06.048881-04:00
Ind54SColes_ADrinks_SA_IJust Juice Apple Juice | 1L,Just Juice Apple Juice | 1L,Just Juice,Drinks,,,,$3.10,,,$3.10 per 1L,494807,"Enjoy Just Juice Apple Juice with the whole family. Drink with breakfast or as an afternoon pick me up! With no added sugar, no preservatives and no artificial colours or flavours.
No Added Sugar

High in Vitamin C

No Preservatives

No Artificial Colours

No Artificial Flavours

Convenient 1L pack.",,,"Per 100g/ml
Per Serving
%DI
Energy
185kJ
370kJ
4.0%
Protein
<1.0g
<1.0g
<1%
Total Fat
<1.0g
<1.0g
<1%
Saturated Fat
0.0g
0.0g
0.0%
Carbohydrate
10.5g
21.0g
7.000000000000001%
Sugars
10.1g
20.2g
22.0%
Sodium
8mg
16mg
1.0%
Vitamin C
10mg
20mg
Dietary Fibre (total)
0.1g
0.2g
1.0%
* Percentage Daily Intakes are based on an average adult diet of 8700 kJ. Your daily intakes may be higher or lower depending on your energy needs.",,https://www.coles.com.au/product/just-juice-apple-juice-1l-494807,,,2024-06-16T12:48:18.064371-04:00
Ind54SColes_ADrinks_SAJuice_IBickford's Grape Juice | 1L,Bickford's Grape Juice | 1L,Bickfords,Drinks,Juice,Glass juice bottles,,$5.50,,$6.50,$5.50 per 1L,3913156,"Our luscious red grape juice is a taste sensation that's also a fabulously fruity way to build some antioxidants into your day. There's no added sugar, no preservatives and nothing artificial because we know that's important to you.",,,"Per 100g/ml
Per Serving
%DI
Energy
306kJ
765kJ
Protein
<0.4g
<1g
Total Fat
0g
0g
Saturated Fat
0g
0g
Carbohydrate
17.6g
44g
Sugars
16.8g
42g
Sodium
5mg
13mg
Monounsaturated
0g
0g
Dietary Fibre (total)
0g
0g
Polyunsaturated
0g
0g
Trans
0g
0g
* Percentage Daily Intakes are based on an average adult diet of 8700 kJ. Your daily intakes may be higher or lower depending on your energy needs.",,https://www.coles.com.au/product/bickford's-grape-juice-1l-3913156,,,2024-06-16T12:48:29.113016-04:00
Ind54SColes_ADrinks_SAJuice_IYoufoodz Youjuice Guava Pineapple Energy | 350mL,Youfoodz Youjuice Guava Pineapple Energy | 350mL,Youfoodz,Drinks,Juice,Chilled juice,,$4.00,,,$11.43 per 1L,4849551,"Boost your energy levels and quench your thirst with Youfoodz Guava Pineapple Energy (350ml). It's a bright blend of guava, apple & pineapple juice with added guarana, taurine, caffeine & B vitamins. Youfoodz' Resident Dietitian says “guava is incredibly rich in Vitamin C, helping boost immunity levels, preparing our bodies to fight common infections. Paired with pineapple, this juice will give you a boost of energy, whilst also promoting a healthy digestive tract.”",,,"Per 100g/ml
Per Serving
%DI
Energy
195kJ
684kJ
Protein
Less than 1g
1.2g
Total Fat
Less than 1g
Less than 1g
Saturated Fat
Less than 1g
Less than 1g
Carbohydrate
10g
35.1g
Sugars
8.7g
30.3g
Taurine
280mg
980mg
Inositol
14mg
49mg
Glucuronolactone
168mg
588mg
Vitamin B12
1.4 ug
4.9 ug
Sodium
0.6mg
2mg
Energy (Cal)
47Cal
164Cal
Vitamin B6
1.4mg
4.9mg
Caffeine
22mg
78mg
* Percentage Daily Intakes are based on an average adult diet of 8700 kJ. Your daily intakes may be higher or lower depending on your energy needs.",,https://www.coles.com.au/product/youfoodz-youjuice-guava-pineapple-energy-350ml-4849551,,,2024-06-16T12:48:40.064346-04:00
Ind54SColes_ADrinks_SAJuice_IColes Tomato Juice | 2L,Coles Tomato Juice | 2L,Coles,Drinks,Juice,Plastic juice bottles,,$2.80,,,$1.40 per 1L,2531562,Coles 2L Tomato juice. Made with no added sugar and is a good source of vitamin C,,,"Per 100g/ml
Per Serving
%DI
Energy
86.42
216.05
Protein
0.40
1.00
Carbohydrate
4.00
10.00
Sugars
3.50
8.75
Sodium
190.00
475.00
Saturated
0.09
0.23
Vitamin C
10.00
25.00
Energy (Cal)
20.67
51.69
Fat
0.10
0.25
Dietary Fibre (total)
0.99
2.48
* Percentage Daily Intakes are based on an average adult diet of 8700 kJ. Your daily intakes may be higher or lower depending on your energy needs.",,https://www.coles.com.au/product/coles-tomato-juice-2l-2531562,,,2024-06-16T12:48:50.987301-04:00
Ind54SColes_ADrinks_SAJuice_IColes Apple & Raspberry Fruit Drink Multipack 250mL | 6 pack,Coles Apple & Raspberry Fruit Drink Multipack 250mL | 6 pack,Coles,Drinks,Juice,Multi pack juice,,$3.50,,,$2.33 per 1L,2535596,No Artificial Sweeteners35% Fruit Juice,,,"Per 100g/ml
Per Serving
%DI
Energy
152.4
381
Protein
LESS THAN 1g
LESS THAN 1g
1
Total Fat
LESS THAN 1g
LESS THAN 1g
0
Carbohydrate
8.6
21.5
7
Sugars
8.1
20.25
Sodium
LESS THAN 5mg
8
0
Saturated
0.1
0.25
Energy (Cal)
36.46
91.15
Fat
0.1
0.25
Dietary Fibre (total)
0.1
0.25
* Percentage Daily Intakes are based on an average adult diet of 8700 kJ. Your daily intakes may be higher or lower depending on your energy needs.",,https://www.coles.com.au/product/coles-apple-and-raspberry-fruit-drink-multipack-250ml-6-pack-2535596,,,2024-06-16T12:49:02.148941-04:00
Ind54SColes_ADrinks_SAJuice_IGolden Circle Refreshers Berry Burst Flavoured Water Drink 250mL | 6 pack,Golden Circle Refreshers Berry Burst Flavoured Water Drink 250mL | 6 pack,Golden Circle,Drinks,Juice,Multi pack juice,,$5.80,Pick any 2 for $8,,$3.87 per 1L,5633718,"Golden Circle Refreshers Berry Burst brings an exciting and new blend of fruity flavours. Perfect for cooling off on those hot summer days. Low sugar, with no artificial colours, flavours or preservatives., Golden Circle Refreshers Berry Burst is the perfect drink option to serve to any crowd. It's a delicious blend of still water,fruit juice and berry flavours. Best served chilled.
Convenient on-the-go size

Refreshing berry flavours

Low sugar

No artificial flavours or colours

No preservatives",,,"Per 100g/ml
Per Serving
%DI
Energy
50kJ
125kJ
Protein
0g
0g
Total Fat
0g
0g
Saturated Fat
0g
0g
Carbohydrate
2.4g
6.0g
Sugars
2.4g
6.0g
Sodium
10mg
25mg
Dietary Fibre (total)
0.1g
0.3g
* Percentage Daily Intakes are based on an average adult diet of 8700 kJ. Your daily intakes may be higher or lower depending on your energy needs.",,https://www.coles.com.au/product/golden-circle-refreshers-berry-burst-flavoured-water-drink-250ml-6-pack-5633718,,,2024-06-16T12:49:13.189406-04:00
Ind54SColes_ADrinks_SAJuice_IColes Green Juice | 2L,Coles Green Juice | 2L,Coles,Drinks,Juice,Chilled juice,,$5.50,,,$2.75 per 1L,5641294,,,,"Per 100g/ml
Per Serving
%DI
Energy
221
551
6
Protein
LESS THAN 1g
2.0
4
Total Fat
LESS THAN 1g
LESS THAN 1g
1
Saturated Fat
LESS THAN 1g
LESS THAN 1g
1
Carbohydrate
11.5
28.8
9
Sodium
5
13
1
Energy (Cal)
53
132
* Percentage Daily Intakes are based on an average adult diet of 8700 kJ. Your daily intakes may be higher or lower depending on your energy needs.",,https://www.coles.com.au/product/coles-green-juice-2l-5641294,,,2024-06-16T12:49:25.052863-04:00
Ind54SColes_ADrinks_SAJuice_IRemedy Kombucha Raspberry Lemonade Drink | 330mL,Remedy Kombucha Raspberry Lemonade Drink | 330mL,Remedy,Drinks,Juice,Chilled juice,,$4.30,,,$13.03 per 1L,3320391,"No sugar. No Nasties. Just REAL kombucha made the old-school way, brewed over 30 days. Our Raspberry Lemonade is a nostalgic childhood flavour upgraded to an all-natural kombucha filled with live cultures, organic acids and antioxidants. This guilt-free, no-sugar fizzy drink is safe for kids and allergen-free. Remedy Kombucha contains:
No Sugar, for real
All Natural
Certified Organic
Low on Caloriesl
Vegan
Gluten Free",,,"Per 100g/ml
Per Serving
%DI
Energy
12kJ
40kJ
Protein
<1g
<1g
Total Fat
<1g
<1g
Saturated Fat
<1g
<1g
Carbohydrate
<1g
<1g
Sugars
0g
0g
Sodium
<5mg
<5mg
Dietary Fibre (total)
<1g
<1g
* Percentage Daily Intakes are based on an average adult diet of 8700 kJ. Your daily intakes may be higher or lower depending on your energy needs.",,https://www.coles.com.au/product/remedy-kombucha-raspberry-lemonade-drink-330ml-3320391,,,2024-06-16T12:49:36.211966-04:00
Ind54SColes_ADrinks_SA_IImpressed Easy Greens Juice | 1L,Impressed Easy Greens Juice | 1L,Impressed,Drinks,,,,$5.00,,$5.50,$5.00 per 1L,3183880,"Impressed Juices are cold pressed from the freshest produce. Each juice contains Aussie-grown fresh vegetables, fruits and herbs which we carefully cold press and bottle locally resulting in full flavoured and irresistibly aromatic fresh juice.
A delicious blend of cucumber, apple, celery, pineapple, spinach and kale  Easy Greens is where it's at. Now in a handy 1L bottle, there's more than enough to go around.
For our full range of products & more, visit our website www.impressedlife.com.au and follow us @impressedlife",,,"Per 100g/ml
Per Serving
%DI
Energy
136kJ
339kJ
Protein
0.5g
1.3g
Total Fat
0.1g
0.3g
Saturated Fat
0.1g
0.1g
Carbohydrate
7.7g
19.3g
Sugars
7.2g
17.9g
Sodium
6mg
15mg
* Percentage Daily Intakes are based on an average adult diet of 8700 kJ. Your daily intakes may be higher or lower depending on your energy needs.","Cucumber (34%), Pink Lady Apple (32%), Pineapple (18%), Granny Smith Apple (8%), Celery (5%), Kale (3%), Spinach (1%).",https://www.coles.com.au/product/impressed-easy-greens-juice-1l-3183880,,,2024-06-16T12:49:48.044137-04:00
Ind54SColes_ADrinks_SA_IGolden Circle  Tropical Punch Tetra Fruit Drink | 1L,Golden Circle  Tropical Punch Tetra Fruit Drink | 1L,Golden Circle,Drinks,,,,$2.70,,,$2.70 per 1L,325730,"Pour yourself a glass of delicious Golden Circle Tropical Punch Fruit Drink. Packed with all your favourite tropical flavours, this fruit drink is sure to be a hit at birthday parties and events. As soon as the sun comes out, it's time to bring out Golden Circle Tropical Punch Fruit Drink. A fruit drink that is a good source of vitamin C, Golden Circle Tropical Punch Fruit Drink is made with no artificial colours, flavours or preservatives. Enjoy it served over ice, use it to sweeten up a smoothie or make homemade ice blocks. Golden Circle, Share the Sunshine.
No artificial colours, flavours or preservatives

A good source of vitamin C

Refreshing blend of apple or pear, pineapple, orange, peach & passionfruit

Can be mixed into your favourite cocktails or mocktails

Best served chilled",,,"Per 100g/ml
Per Serving
%DI
Energy
175 kJ
350 kJ
Protein
0 g
0 g
Total Fat
0 g
0 g
Saturated Fat
0 g
0 g
Carbohydrate
9.6 g
19.2 g
Sugars
9.4 g
18.8 g
Sodium
9 mg
18 mg
Vitamin C
15 mg
30 mg (75% RDI)*
15 mg
* Percentage Daily Intakes are based on an average adult diet of 8700 kJ. Your daily intakes may be higher or lower depending on your energy needs.",,https://www.coles.com.au/product/golden-circle-tropical-punch-tetra-fruit-drink-1l-325730,,,2024-06-16T12:50:00.036271-04:00
Ind54SColes_ADrinks_SAStationery & media_IPapermate Flair Scented | 12 Pack,Papermate Flair Scented | 12 Pack,Papermate,Drinks,Stationery & media,Stationery,,$9.00,,$15.00,$0.75 per 1ea,5245570,"Delight your senses with the smell of sweet Sugared Grapefruit and rich Hazelnut Latte with Paper Mate Flair Scented Sunday Brunch-Themed Pens. The same vivid Flair colours you know and love with a lightly added scent! With 12 scents and colours inspired by Sunday Brunch, these Flair pens will transport you to your favourite meal as you write, colour, and doodle. Flair pens won't bleed through paper and feature Point Guard technology and smear-resistant ink so your work stays neat. Order up the fun of Sunday Brunch for your bullet journaling, adult colouring, note taking, and more, with Paper Mate Flair!
Sunday Brunch-Themed Scented Flair Pens; includes 12 lightly scented colours

Medium point (0.7mm) felt tip produces clear, expressive lines to match your personality

Smear resistant so smudges are officially history

Water-based ink won't bleed through paper so your writing stays put

Point Guard prevents felt tip pens from fraying, so the party never stops

Eligible for Box Tops for Education redemption.",,,,,https://www.coles.com.au/product/papermate-flair-scented-12-pack-5245570,,,2024-06-16T12:50:08.811990-04:00
Ind54SColes_ADrinks_SABeverages_IThe Juice Lab Wellness Multidose Shot Immunity | 350mL,The Juice Lab Wellness Multidose Shot Immunity | 350mL,The Juice Lab,Drinks,Beverages,Water & juices,,$11.00,,,"$31.43 per 1L
Was $12.00 on Jun 2024",5624659,Need an immune boost? I'm packing serious citrus which makes me naturally high in Vitamin C and antioxidants. Just what your immune system needs to stay healthy and strong.,,,"Per 100g/ml
Per Serving
%DI
Energy
132kJ
92kJ
Protein
<1g
<1g
Total Fat
<1g
<1g
Saturated Fat
<1g
<1g
Carbohydrate
6.5g
4.6g
Sugars
6g
4.2g
Sodium
8mg
6mg
Vitamin C
60mg
42mg
105%
Dietary Fibre (total)
<1g
<1g
* Percentage Daily Intakes are based on an average adult diet of 8700 kJ. Your daily intakes may be higher or lower depending on your energy needs.",,https://www.coles.com.au/product/the-juice-lab-wellness-multidose-shot-immunity-350ml-5624659,,,2024-06-16T12:50:19.894769-04:00
Ind54SColes_ADrinks_SAJuice_IOriginal Juice Co. Black Label Chilled Orange Juice | 600mL,Original Juice Co. Black Label Chilled Orange Juice | 600mL,Original Juice Co,Drinks,Juice,Chilled juice,,$3.80,,,$6.33 per 1L,8818094,"Australia's premium fresh juice in a compact, convenient size, with bold, sweet flavour and no added sugar.",,,"Per 100g/ml
Per Serving
%DI
Energy
215kJ
425kJ
Protein
0.7g
1.5g
Total Fat
0.1g
0.2g
Saturated Fat
0g
0g
Carbohydrate
10.8g
21.6g
Sugars
8.6g
17.6g
Sodium
1mg
2mg
Vitamin C
40mg
80mg
Dietary Fibre (total)
0g
0g
* Percentage Daily Intakes are based on an average adult diet of 8700 kJ. Your daily intakes may be higher or lower depending on your energy needs.",,https://www.coles.com.au/product/original-juice-co.-black-label-chilled-orange-juice-600ml-8818094,,,2024-06-16T12:50:31.160745-04:00
Ind54SColes_ADrinks_SAJuice_IGolden Circle  Golden Pash Tetra | 1L,Golden Circle  Golden Pash Tetra | 1L,Golden Circle,Drinks,Juice,Packs & Pouches,,$2.70,,,$2.70 per 1L,5127235,"No birthday party, backyard barbecue or picnic in the park is complete without Golden Circle Golden Pash Fruit Drink. This fruit drink is sure to be a hit with your friends and family. Nothing quite beats a nice cold glass of delicious Golden Circle Golden Pash Fruit Drink. Made with no artificial colours, flavours or preservatives, this fruit drink is best served straight from the fridge with ice. Golden Circle, Share the Sunshine.
No artificial colours, flavours or preservatives

A good source of vitamin C

Bursting with the fruity flavours of apple or pear, pineapple and passionfruit

Use as the base of a fruity punch

Mix into smoothies, cocktails or mocktails",,,"Per 100g/ml
Per Serving
%DI
Energy
175kJ
350kJ
Protein
0g
0g
Total Fat
0g
0g
Saturated Fat
0g
0g
Carbohydrate
9.5g
19.0g
Sugars
9.3g
18.6g
Sodium
9mg
18mg
Vitamin C
15 mg
30 mg (75% RDI)*
15 mg
* Percentage Daily Intakes are based on an average adult diet of 8700 kJ. Your daily intakes may be higher or lower depending on your energy needs.",,https://www.coles.com.au/product/golden-circle-golden-pash-tetra-1l-5127235,,,2024-06-16T12:50:42.286305-04:00
Ind54SColes_ADrinks_SAJuice_IColes Juice Apple & Mango 6pk | 6 pack,Coles Juice Apple & Mango 6pk | 6 pack,Coles,Drinks,Juice,Multi pack juice,,$4.00,,,$2.67 per 1L,5934678,No Added SugarGood Source of Vitamin C,,,"Per 100g/ml
Per Serving
%DI
Energy
185.34
463.35
Protein
0.09
0.23
Carbohydrate
10.40
26.00
Sugars
9.60
24.00
Sodium
8.00
20.00
Saturated
0.06
0.15
Vitamin C
10.00
25.00
Energy (Cal)
44.34
110.85
Fat
0.09
0.23
Dietary Fibre (total)
0.46
1.15
* Percentage Daily Intakes are based on an average adult diet of 8700 kJ. Your daily intakes may be higher or lower depending on your energy needs.",,https://www.coles.com.au/product/coles-juice-apple-and-mango-6pk-6-pack-5934678,,,2024-06-16T12:50:53.239390-04:00
Ind54SColes_ADrinks_SAJuice_IJust Juice Apple Juice Multipack 200mL | 6 pack,Just Juice Apple Juice Multipack 200mL | 6 pack,Just Juice,Drinks,Juice,Multi pack juice,,$5.50,,$6.30,$4.58 per 1L,8147115,"No added sugar
- High in Vitamin C
- No Preservatives
- No Artificial Colours or Flavours
- 1 Serve of Fruit per 125mL (as part of a balanced intake, fruit juice can be a serve of fruit (Australian Dietary Guidelines)).
No Added Sugar

High in Vitamin C

No Preservatives

No Artificial Colours

No Artifical Flavours

1 serve of fruit per 125mL of fruit Juice as part of a balanced diet.",,,"Per 100g/ml
Per Serving
%DI
Energy
184kJ
368kJ
4%
Protein
<1.0g
<1.0g
<1%
Total Fat
<1.0g
<1.0g
<1%
Saturated Fat
0.0g
0.0g
0%
Carbohydrate
10.5g
21.0g
7%
Sugars
10.1g
20.2g
22%
Sodium
8mg
16mg
1%
Vitamin C
10mg
20mg
50% RDI#
Dietary Fibre (total)
0.1g
0.2g
1%
* Percentage Daily Intakes are based on an average adult diet of 8700 kJ. Your daily intakes may be higher or lower depending on your energy needs.",,https://www.coles.com.au/product/just-juice-apple-juice-multipack-200ml-6-pack-8147115,,,2024-06-16T12:51:04.636363-04:00
Ind54SColes_ADrinks_SAJuice_IGolden Circle Aussie Blends Queensland Quencher | 1.5L,Golden Circle Aussie Blends Queensland Quencher | 1.5L,Golden Circle,Drinks,Juice,Plastic juice bottles,,$5.50,Pick any 2 for $7,,$3.67 per 1L,6824121,"Golden Circle Aussie Blends Queensland Quencher Apple & Pineapple Fruit Drink flavour brings a refreshing combo of sweetness and citrus zing. Best served chilled, it's perfect for pairing with your favourite meals or just sipping on its own. Golden Circle Aussie Blends Queensland Quencher Apple & Pineapple Fruit Drink is a sweet and tangy tropical fruit drink with a zesty kick. Proudly made with Australian-grown fruit, it contains no added sugar and no artificial colours, flavours or preservatives. Enjoy it chilled or served over ice.
Refreshing tropical fruit drink

No artificial colours, flavours or preservatives

No added sugar

Contains 99% Australian ingredients

Proudly made with Australian-grown fruit",,,"Per 100g/ml
Per Serving
%DI
Energy
110 kJ
220 kJ
Protein
0.1 g
0.2 g
Total Fat
0 g
0 g
Saturated Fat
0 g
0 g
Carbohydrate
6.0 g
12.0 g
Sugars
5.7 g
11.4 g
Sodium
13 mg
26 mg
Vitamin C
33 mg
66 mg (165% RDI*)
Dietary Fibre (total)
0.1 g
0.2 g
* Percentage Daily Intakes are based on an average adult diet of 8700 kJ. Your daily intakes may be higher or lower depending on your energy needs.",,https://www.coles.com.au/product/golden-circle-aussie-blends-queensland-quencher-1.5l-6824121,,,2024-06-16T12:51:15.935092-04:00
Ind54SColes_ADrinks_SAJuice_IPop Tops Apple Blackcurrant Fruit Drink 30% Juice Poppers Multipack Lunch Box Bottles 250mL X 6 Pack | 6 pack,Pop Tops Apple Blackcurrant Fruit Drink 30% Juice Poppers Multipack Lunch Box Bottles 250mL X 6 Pack | 6 pack,Pop Tops,Drinks,Juice,Multi pack juice,,$5.90,,,$3.93 per 1L,8147374,"Pop Tops Fruit Drink Apple Blackcurrant contains 30% fruit juice with no preservatives, no artificial colours, flavours and sweeteners.
30% Fruit Juice

No Preservatives

No Artificial Colours, Flavours or Sweeteners",,,"Per 100g/ml
Per Serving
%DI
Energy
112kJ
280kJ
3%
Protein
<1.0g
<1.0g
<1%
Total Fat
<1.0g
<1.0g
<1%
Saturated Fat
0.0g
0.0g
0%
Carbohydrate
6.2g
15.5g
5%
Sugars
6.1g
15.3g
17%
Sodium
3mg
8mg
<1%
Dietary Fibre (total)
<1.0g
<1.0g
<1%
* Percentage Daily Intakes are based on an average adult diet of 8700 kJ. Your daily intakes may be higher or lower depending on your energy needs.",,https://www.coles.com.au/product/pop-tops-apple-blackcurrant-fruit-drink-30percent-juice-poppers-multipack-lunch-box-bottles-250ml-x-6-pack-6-pack-8147374,,,2024-06-16T12:51:27.024015-04:00
Ind54SColes_ADrinks_SAJuice_IRemedy Limited Batch Kombucha | 330mL,Remedy Limited Batch Kombucha | 330mL,Remedy,Drinks,Juice,Chilled juice,,$4.30,,,$13.03 per 1L,4468004,"Quench your thirst this summer with our refreshingly light and incredibly juicy Limited Batch, Watermelon & Mint. It's clean, juicy, refreshing and perfect for hot summer days. Pop the top and sip on a slice of summer. Remedy Kombucha is:
Sugar free, for real
All natural
Certified Organic
Low on Calories
Vegan
Gluten Free
A-Ok in or out of the fridge",,,"Per 100g/ml
Per Serving
%DI
Energy
18kJ
11kJ
Protein
<1g
<1g
Total Fat
<1g
<1g
Saturated Fat
<1g
<1g
Carbohydrate
<1g
<1g
Sugars
0g
0g
Sodium
<5mg
<5mg
* Percentage Daily Intakes are based on an average adult diet of 8700 kJ. Your daily intakes may be higher or lower depending on your energy needs.",,https://www.coles.com.au/product/remedy-limited-batch-kombucha-330ml-4468004,,,2024-06-16T12:51:38.765475-04:00
Ind54SColes_ADrinks_SAJuice_IImpressed Essentials Orange Juice With Pulp | 1L,Impressed Essentials Orange Juice With Pulp | 1L,Impressed,Drinks,Juice,Chilled juice,,$4.80,,,$4.80 per 1L,4845619,"Simple and delicious pressed juice crafted with nothing but 100% local Aussie fruit.
Each juice contains Aussie-grown fresh fruits which we carefully pressed and bottle locally resulting in full flavoured and irresistibly aromatic fresh juice.
Pressed juice
Fresh Australian produce
Naturally nutritious
Vibrant and fresh
For our full range of products & more, visit our website www.impressedlife.com.au and follow us @impressedlife",,,"Per 100g/ml
Per Serving
%DI
Energy
197kJ
493kJ
Protein
0.6g
1.5g
Total Fat
<0.1g
<0.1g
Saturated Fat
<0.1g
<0.1g
Carbohydrate
10.9g
27.3g
Sugars
8.5g
21.3g
Sodium
<1mg
<1mg
* Percentage Daily Intakes are based on an average adult diet of 8700 kJ. Your daily intakes may be higher or lower depending on your energy needs.",,https://www.coles.com.au/product/impressed-essentials-orange-juice-with-pulp-1l-4845619,,,2024-06-16T12:51:49.701413-04:00
Ind54SColes_ADrinks_SABeverages_IThe Juice Lab Wellness Shot Kids Strawberry Immune | 60mL,The Juice Lab Wellness Shot Kids Strawberry Immune | 60mL,The Juice Lab,Drinks,Beverages,Water & juices,,$2.25,,,"$37.51 per 1L
Was $3.50 on Jun 2024",7027264,,,,,,https://www.coles.com.au/product/the-juice-lab-wellness-shot-kids-strawberry-immune-60ml-7027264,,,2024-06-16T12:51:59.159384-04:00
Ind54SColes_ADrinks_SAJuice_IGolden Circle 100% Apple Juice No Added Sugar Fruit Juice | 2L,Golden Circle 100% Apple Juice No Added Sugar Fruit Juice | 2L,Golden Circle,Drinks,Juice,Plastic juice bottles,,$3.50,,$4.80,$1.75 per 1L,5487456,"Golden Circle Apple Juice is the perfect drink to keep you cool during summer. This juice is made with no added sugar and contains no artificial colours, flavours or preservatives. Looking for a refreshing juice to enjoy this summer? Look no further than Golden Circle Apple Juice! Made with no added sugar and no artificial colors, flavors, or preservatives, it's the perfect Juice to keep you cool and hydrated on scorching days.Whether you enjoy it poured over ice or frozen into ice blocks, Golden Circle Apple Juice is a delicious and refreshing beverage choice. It's also a great addition to breakfast, providing a tasty and refreshing start to your day.So next time you're looking for a refreshing drink, choose Golden Circle Apple Juice and Share the Sunshine with those around you. With its no added sugar Apple Juice and delicious flavor, it's sure to become a new favorite in your household!
No added sugar

No artificial colours, flavours or preservatives

The perfect drink to keep you cool during summer

Serve chilled

Delicious on its own or with a meal",,,"Per 100g/ml
Per Serving
%DI
Energy
210 kJ
420 kJ
Protein
0.1 g
0.2 g
Total Fat
0 g
0 g
Saturated Fat
0 g
0 g
Carbohydrate
11.7 g
23.4 g
Sugars
11.7 g
23.4 g
Sodium
8 mg
16 mg
Vitamin C
40 mg
80 mg (200% RDI*)
Dietary Fibre (total)
0.2 g
0.4 g
* Percentage Daily Intakes are based on an average adult diet of 8700 kJ. Your daily intakes may be higher or lower depending on your energy needs.",,https://www.coles.com.au/product/golden-circle-100percent-apple-juice-no-added-sugar-fruit-juice-2l-5487456,,,2024-06-16T12:52:10.491229-04:00
Ind54SColes_ADrinks_SAJuice_IJust Juice Paradise Punch Juice Multipack 200mL | 6 pack,Just Juice Paradise Punch Juice Multipack 200mL | 6 pack,Just Juice,Drinks,Juice,Multi pack juice,,$5.50,,$6.30,$4.58 per 1L,5424365,"No added sugar
- High in Vitamin C
- No Preservatives
- No Artificial Colours or Flavours
- 1 Serve of Fruit per 125mL (as part of a balanced intake, fruit juice can be a serve of fruit (Australian Dietary Guidelines)).
No Added Sugar

High in Vitamin C

No Preservatives

No Artificial Colours

No Artificial Flavours

1 serve of fruit per 125mL of fruit juice as part of a balanced diet..",,,"Per 100g/ml
Per Serving
%DI
Energy
190kJ
380kJ
4%
Protein
0.2g
0.4g
1%
Total Fat
<1g
<1g
0%
Saturated Fat
0g
0g
0%
Carbohydrate
10.6g
21.2g
7%
Sugars
10.1g
20.2g
22%
Sodium
8mg
16mg
1%
Vitamin C
8mg
16mg
50% RDI#
Dietary Fibre (total)
0.2g
0.4g
1%
* Percentage Daily Intakes are based on an average adult diet of 8700 kJ. Your daily intakes may be higher or lower depending on your energy needs.",,https://www.coles.com.au/product/just-juice-paradise-punch-juice-multipack-200ml-6-pack-5424365,,,2024-06-16T12:52:21.636707-04:00
Ind54SColes_ADrinks_SA_IYoufoodz Youjuice Go-Go Greens | 1L,Youfoodz Youjuice Go-Go Greens | 1L,Youfoodz,Drinks,,,,$5.20,,$5.80,$5.20 per 1L,7019200,"Get up 'n GO-GO with a hit of green goodness thanks to apple, pineapple, cucumber, kale, spinach, broccoli, spirulina and a minty fresh finish. Plus, added Vitamin C to boost your wellbeing*. Now available in 1 litre to be shared around, and enjoyed sip after sip!Squeezed full of real Aussie fruit & veg. No added sugar, artificial colours, flavours, concentrates, or preservatives.*Vitamin C contributes to normal immune system function in the context of a healthy diet involving the consumption of a variety of foods.",,,"Per 100g/ml
Per Serving
%DI
Energy
196 kJ
491 kJ
Protein
Less than 1 g
Less than 1 g
Total Fat
Less than 1 g
Less than 1 g
Saturated Fat
Less than 1 g
Less than 1 g
Carbohydrate
11.1 g
27.8 g
Sugars
10.6 g
26.2 g
Sodium
Less than 5 mg
5 mg
Vitamin C
15.0 mg
37.4 mg
Energy (Cal)
47 Cal
117 Cal
* Percentage Daily Intakes are based on an average adult diet of 8700 kJ. Your daily intakes may be higher or lower depending on your energy needs.",,https://www.coles.com.au/product/youfoodz-youjuice-go-go-greens-1l-7019200,,,2024-06-16T12:52:32.867877-04:00
Ind54SColes_ADrinks_SA_IRemedy Kombucha Ginger & Lemon | 750mL,Remedy Kombucha Ginger & Lemon | 750mL,Remedy,Drinks,,,,$5.90,,,"$7.87 per 1L
Was $7.50 on May 2024",2746966,"A classic with a twist. A no-sugar, guilt-free take on ginger beer. Hot and sour, fiery and tangy, made with natural ingredients, Remedy Kombucha Ginger Lemon is the perfect tummy-tamer. Fresh ginger adds warmth and spice, while real lemon adds a citrus spark. Remedy Kombucha contains:
No Sugar, for real
All Natural
Certified Organic
Low on Caloriesl
Vegan
Gluten Free",,,"Per 100g/ml
Per Serving
%DI
Energy
12kJ
40kJ
Protein
<1g
<1g
Total Fat
<1g
<1g
Saturated Fat
<1g
<1g
Carbohydrate
<2g
<1g
Sugars
0g
0g
Sodium
<5mg
<5mg
Dietary Fibre (total)
<1g
<1g
* Percentage Daily Intakes are based on an average adult diet of 8700 kJ. Your daily intakes may be higher or lower depending on your energy needs.",,https://www.coles.com.au/product/remedy-kombucha-ginger-and-lemon-750ml-2746966,,,2024-06-16T12:52:43.942572-04:00
Ind54SColes_ADrinks_SA_IGolden Circle Refreshers Island Punch 6x250mL | 6 pack,Golden Circle Refreshers Island Punch 6x250mL | 6 pack,Golden Circle,Drinks,,,,$5.80,Pick any 2 for $8,,$5.80 per 1L,6823606,"Low sugar, Golden Circle Refreshers Island Punch is an excellent ready-to-drink option for cooling off on hot days. Enjoy chilled or in a glass over ice cubes. Golden Circle Refreshers Island Punch is a refreshing mix of still water, fruit juice and delicious mango, peach & lychee flavours. It contains no artificial colours or flavours and no preservatives. Keep it in your fridge for entertaining or take it on the go to enjoy at work or outdoors.
Convenient on-the-go size

Mango, Peach & Lychee Flavours

Low sugar

No artificial colours, flavours or preservatives

Serve chilled for a refreshing taste",,,"Per 100g/ml
Per Serving
%DI
Energy
45KJ
115kJ
Protein
0.1g
0.3g
Total Fat
0g
0g
Saturated Fat
0g
0g
Carbohydrate
2.4g
6.0g
Sugars
2.3g
5.8g
Sodium
9mg
23mg
Dietary Fibre (total)
0.1g
0.3g
* Percentage Daily Intakes are based on an average adult diet of 8700 kJ. Your daily intakes may be higher or lower depending on your energy needs.",,https://www.coles.com.au/product/golden-circle-refreshers-island-punch-6x250ml-6-pack-6823606,,,2024-06-16T12:52:55.335559-04:00
Ind54SColes_ADrinks_SAJuice_IPrima Apple Raspberry Fruit Drink Multipack 200mL | 6 pack,Prima Apple Raspberry Fruit Drink Multipack 200mL | 6 pack,Prima,Drinks,Juice,Multi pack juice,,$4.10,,,"$3.42 per 1L
Was $4.60 on Apr 2024",3530306,"Enjoy Prima Apple Raspberry 200mL on the go or at home. As an accompaniment to lunch or an afternoon pick me up! With no preservatives or artificial colours or flavours. Available in a 6 pack of 200mL juice boxes.
20% fruit juice

No added sugar

No preservatives

No artificial colour

No artificial flavours

Convenient pack size.

6 x 200mL Packs.",,,"Per 100g/ml
Per Serving
%DI
Energy
84kJ
168kJ
Protein
0.0g
0.0g
Total Fat
0.0g
0.0g
Saturated Fat
0.0g
0.0g
Carbohydrate
4.9g
9.8g
Sugars
2.0g
4.0g
Sodium
2mg
4mg
Dietary Fibre (total)
0.0g
0.0g
* Percentage Daily Intakes are based on an average adult diet of 8700 kJ. Your daily intakes may be higher or lower depending on your energy needs.","Water, Reconstituted fruit juice [Apple (19%), Raspberry (1%)], Natural Sweeteners (Erythritol, Steviol Glycosides), Acidity regulator (citric acid), Natural flavours.",https://www.coles.com.au/product/prima-apple-raspberry-fruit-drink-multipack-200ml-6-pack-3530306,,,2024-06-16T12:53:06.427324-04:00
Ind54SColes_ADrinks_SAJuice_IDaily Juice No Added Sugar Orange Juice | 2L,Daily Juice No Added Sugar Orange Juice | 2L,Daily Juice,Drinks,Juice,Chilled juice,,$6.20,,,$3.10 per 1L,5129900,"Daily Juice has been working since 1989 to create great tasting juice, great for the whole family to enjoy! With fruit ripened in the sun and no added sugar, Daily Juice is packed with good stuff to help kick start your day. 

For a delicious kick start to your day, pair a glass of delicious Daily Juice Orange Juice with a bowl of delicious and nutritious granola muesli with berries. 

Proudly Australian owned, made and loved. 

Contains fresh, reconstituted and from time to time, cold-stored juice.  
No Added Sugar

5 Star Health rating

With the goodness of Vitamin C

1 serve of fruit per 125mL of fruit Juice as part of a balanced diet

Perfect for breakfast or as a refreshment/snack

Manufactured in Australia.",,,"Per 100g/ml
Per Serving
%DI
Energy
167kJ
334kJ
4%
Protein
0.6g
1.2g
2%
Total Fat
<1.0g
<1.0g
<1%
Saturated Fat
0g
0g
0%
Carbohydrate
8.9g
17.8g
6%
Sugars
8.2g
16.4g
18%
Sodium
2mg
4mg
<1%
Vitamin C
37mg
74mg
185% RDI*
Energy (Cal)
40Cal
80Cal
Dietary Fibre (total)
0.2g
0.4g
1%
Potassium
180mg
360mg
* Percentage Daily Intakes are based on an average adult diet of 8700 kJ. Your daily intakes may be higher or lower depending on your energy needs.",,https://www.coles.com.au/product/daily-juice-no-added-sugar-orange-juice-2l-5129900,,,2024-06-16T12:53:17.244203-04:00
Ind54SColes_ADrinks_SAJuice_IPrima Apple Raspberry Fruit Drink Multipack 200mL | 6 pack,Prima Apple Raspberry Fruit Drink Multipack 200mL | 6 pack,Prima,Drinks,Juice,Multi pack juice,,$4.10,,,"$3.42 per 1L
Was $4.60 on Apr 2024",6631831,"Enjoy Prima Apple Raspberry 200mL on the go or at home. As an accompaniment to lunch or an afternoon pick me up! With no preservatives or artificial colours or flavours. Available in a 6 pack of 200mL juice boxes.
20% fruit juice

No preservatives

No artificial colour

No artifical flavours

Convenient pack size

6 x 200mL Packs.",,,"Per 100g/ml
Per Serving
%DI
Energy
161kJ
322kJ
Protein
0.0g
0.0g
Total Fat
0.0g
0.0g
Saturated Fat
0.0g
0.0g
Carbohydrate
9.4g
18.8g
Sugars
8.9g
17.8g
Sodium
8mg
16mg
* Percentage Daily Intakes are based on an average adult diet of 8700 kJ. Your daily intakes may be higher or lower depending on your energy needs.",,https://www.coles.com.au/product/prima-apple-raspberry-fruit-drink-multipack-200ml-6-pack-6631831,,,2024-06-16T12:53:28.238248-04:00
Ind54SColes_ADrinks_SAJuice_IGolden Circle Fruit Drink Pineapple Burst 250mL | 6 pack,Golden Circle Fruit Drink Pineapple Burst 250mL | 6 pack,Golden Circle,Drinks,Juice,Multi pack juice,,$5.10,Pick any 2 for $8,,$3.40 per 1L,6823898,"Golden Circle Pineapple Burst Fruit Drink is great for work lunches and on the go. This fruit drink is made with no artificial colours, flavours or preservatives. Golden Circle Pineapple Burst Fruit Drink is a delicious and excellent option for backyard family barbecues. Made with no artificial colours, flavours or preservatives, Golden Circle Pineapple Burst Fruit Drink is even better frozen and a delicious way to stay cool in summer. Golden Circle, Share the Sunshine.
No artificial colours

No artificial flavours

No preservatives

Good source of vitamin C

Perfect size for bringing to picnics and beach trips",,,"Per 100g/ml
Per Serving
%DI
Energy
175 kJ
440 kJ
Protein
0 g
0 g
Total Fat
0 g
0 g
Saturated Fat
0 g
0 g
Carbohydrate
9.6 g
24.0 g
Sugars
9.6 g
24.0 g
Sodium
8 mg
20 mg
Vitamin C
15 mg
37 mg (92% RDI*)
15 mg
* Percentage Daily Intakes are based on an average adult diet of 8700 kJ. Your daily intakes may be higher or lower depending on your energy needs.",,https://www.coles.com.au/product/golden-circle-fruit-drink-pineapple-burst-250ml-6-pack-6823898,,,2024-06-16T12:53:39.252775-04:00
Ind54SColes_ADrinks_SAJuice_ICampbell's V8 Powerblend Immunity Juice | 1.25L,Campbell's V8 Powerblend Immunity Juice | 1.25L,Campbells V8,Drinks,Juice,Plastic juice bottles,,$4.80,,$6.00,$3.84 per 1L,4750523,"V8 Power Blend Purple Power juice is a healthy antioxidant boost. This apple, yellow carrot, sweet potato, pineapple and turmeric juice contains vitamins. Share this immunity juice with a friend for a healthy morning pick-me-up. Or if you're short on time, it's the perfect ambient juice for an on-the-go afternoon top up. Grab yourself a V8 Power Blend fuel up!
No artificial flavours or colours
No added preservatives or added sugar
Source of vitamin C to help support your immune system",,,"Per 100g/ml
Per Serving
%DI
Energy
164kJ
411kJ
0
Protein
0.2g
0.6g
0
Total Fat
0.2g
0.5g
0
Saturated Fat
<0.1g
0.1g
0
Carbohydrate
8.9g
22.3g
0
Sugars
8.4g
21.1g
0
Sodium
30mg
75mg
0
Monounsaturated
0
0
0
Vitamin C
6mg
15mg
Energy (Cal)
39Cal
98Cal
0
Dietary Fibre (total)
<0.1g
0.1g
0
Polyunsaturated
0
0
0
Trans
0
0
0
* Percentage Daily Intakes are based on an average adult diet of 8700 kJ. Your daily intakes may be higher or lower depending on your energy needs.",,https://www.coles.com.au/product/campbell's-v8-powerblend-immunity-juice-1.25l-4750523,,,2024-06-16T12:53:50.845076-04:00
Ind54SColes_ADrinks_SAJuice_IColes Apple Juice 250mL | 6 pack,Coles Apple Juice 250mL | 6 pack,Coles,Drinks,Juice,Multi pack juice,,$4.00,,,$2.67 per 1L,2535654,Coles Apple Juice 250ml Apple 6 Pack No added sugar good source of vitamin C,,,"Per 100g/ml
Per Serving
%DI
Energy
181.09
452.73
Protein
0.09
0.23
Carbohydrate
10.30
25.75
Sugars
9.40
23.50
Sodium
8.00
20.00
Saturated
0.09
0.23
Vitamin C
10.00
25.00
Energy (Cal)
43.32
108.31
Fat
0.06
0.15
Dietary Fibre (total)
0.28
0.70
* Percentage Daily Intakes are based on an average adult diet of 8700 kJ. Your daily intakes may be higher or lower depending on your energy needs.",,https://www.coles.com.au/product/coles-apple-juice-250ml-6-pack-2535654,,,2024-06-16T12:54:01.759086-04:00
Ind54SColes_ADrinks_SA_IGolden Circle Aussie Blends Whitsunday Wonder Apple & Plum Fruit Drink | 1.5L,Golden Circle Aussie Blends Whitsunday Wonder Apple & Plum Fruit Drink | 1.5L,Golden Circle,Drinks,,,,$5.50,Pick any 2 for $7,,$3.67 per 1L,6824074,"A sweet and refreshing fruit drink! Taste the summer with Golden Circle Aussie Blends Whitsunday Wonder Apple & Plum Fruit Drink with no added sugar, artificial colours, flavours or preservatives. Golden Circle Aussie Blends Whitsunday Wonder Apple & Plum Fruit Drink flavour offers a refreshing balance of sweet and tangy, perfect for gatherings or casual sipping. Proudly made with Australian grown fruit, it has no added sugar, artificial colours, flavours or preservatives. Enjoy chilled or served with ice.
Refreshing fruit drink with Apple & Plum flavour

No artificial colours, flavours or preservatives

No added sugar

Contains 99% Australian ingredients

Proudly made with Australian grown fruit",,,"Per 100g/ml
Per Serving
%DI
Energy
100 kJ
200 kJ
Protein
0.1 g
0.2 g
Total Fat
0 g
0 g
Saturated Fat
0 g
0 g
Carbohydrate
5.1 g
10.2 g
Sugars
4.6 g
9.2 g
Sodium
11 mg
22 mg
Vitamin C
27 mg
54 mg (135% RDI*)
Dietary Fibre (total)
0.1 g
0.2 g
* Percentage Daily Intakes are based on an average adult diet of 8700 kJ. Your daily intakes may be higher or lower depending on your energy needs.",,https://www.coles.com.au/product/golden-circle-aussie-blends-whitsunday-wonder-apple-and-plum-fruit-drink-1.5l-6824074,,,2024-06-16T12:54:12.693780-04:00
Ind54SColes_ADrinks_SAJuice_INudie Probiotic Mango & Passionfruit Smoothie | 400mL,Nudie Probiotic Mango & Passionfruit Smoothie | 400mL,Nudie,Drinks,Juice,Chilled juice,,$4.50,,,$11.25 per 1L,4477752,"Smooth sailing ahead!
Imagine lying on the beach on a tropical island getaway. The sun is shining, the waves are crashing in the distance and the out of office is on for the rest of time. And what's that in your hand? Oh, it's this bottle! The scent of 100% real mango, passionfruit, pear, orange and banana fills the air - and added probiotics leave you feeling happy, inside and out.
80 million cultures per serve* *Contains at least 80 million cultures until the use by date when product is stored at 0-4 C.

No concentrates

No added sugar

No artifical flavours or colours

No preservatives

Made with 100% real fruit.

Contains 3.2 serves of fruit.",,,"Per 100g/ml
Per Serving
%DI
Energy
216kJ
540kJ
Protein
Less than 1g
Less than 1g
Total Fat
Less than 1g
Less than 1g
Saturated Fat
Less than 1g
Less than 1g
Carbohydrate
12.4g
31.0g
Sugars
8.7g
21.8g
Sodium
Less than 5mg
Less than 5mg
Dietary Fibre (total)
Less than 1g
Less than 1g
* Percentage Daily Intakes are based on an average adult diet of 8700 kJ. Your daily intakes may be higher or lower depending on your energy needs.",,https://www.coles.com.au/product/nudie-probiotic-mango-and-passionfruit-smoothie-400ml-4477752,,,2024-06-16T12:54:23.810298-04:00
Ind54SColes_ADrinks_SAJuice_IMildura Sunrise Orange And Mango Fruit Drink | 3L,Mildura Sunrise Orange And Mango Fruit Drink | 3L,Mildura,Drinks,Juice,Chilled juice,,$5.80,,,$1.93 per 1L,1418178,"Midura Refreshing Fruit Drink is aussie owned and loved. 

Available in a convenient 3L family sized bottle, a glass of delicious and vibrant juice drink is a refreshing addition to your day!

Proudly packed in NSW and QLD by and for the Bega Group using local and imported ingredients. The local ingredients are sourced Australia wide.
With real fruit juice

Family sized pack

Easy to pour, resealable pack

Delicious and full flavoured

Refreshing drink

Manufactured in Australia.

Packed in Australia from at least 84% Australian ingredients.",,,"Per 100g/ml
Per Serving
%DI
Energy
159kJ
318kJ
4.0%
Protein
<1g
<1g
<1%
Total Fat
0.0g
0.0g
0.0%
Saturated Fat
0.0g
0.0g
0.0%
Carbohydrate
9.2g
18.4g
6.0%
Sugars
8.8g
17.6g
20.0%
Sodium
8mg
16mg
1.0%
* Percentage Daily Intakes are based on an average adult diet of 8700 kJ. Your daily intakes may be higher or lower depending on your energy needs.",,https://www.coles.com.au/product/mildura-sunrise-orange-and-mango-fruit-drink-3l-1418178,,,2024-06-16T12:54:34.758941-04:00
Ind54SColes_ADrinks_SA_IThe Juice Lab Wellness Shot Immunity | 60mL,The Juice Lab Wellness Shot Immunity | 60mL,The Juice Lab,Drinks,,,,$2.50,,$3.50,$41.67 per 1L,3960746,Need an immune boost? I'm packing serious citrus which makes me naturally high in Vitamin C and antioxidants. Just what your immune system needs to stay healthy and strong!,,,"Per 100g/ml
Per Serving
%DI
Energy
132kJ
79kJ
Protein
<1g
<1g
Total Fat
<1g
<1g
Saturated Fat
<1g
<1g
Carbohydrate
6.5g
3.9g
Sugars
6g
3.6g
Sodium
8mg
5mg
Vitamin C
133mg
80mg
200%
Dietary Fibre (total)
<1g
<1g
* Percentage Daily Intakes are based on an average adult diet of 8700 kJ. Your daily intakes may be higher or lower depending on your energy needs.","Orange Juice (66%), Orange Peel Extract (19%), Lemon Juice (7%), Ginger Juice (7%), Turmeric Powder (0.4%), Ginseng Extract (0.2%), Acidity Regulator (Citric Acid).",https://www.coles.com.au/product/the-juice-lab-wellness-shot-immunity-60ml-3960746,,,2024-06-16T12:54:46.889801-04:00
Ind54SColes_ADrinks_SAJuice_IPop Tops Apple Poppers Fruit Drink 30% Juice Poppers Multipack Lunch Box Bottles 250mL X 6 Pack | 6 pack,Pop Tops Apple Poppers Fruit Drink 30% Juice Poppers Multipack Lunch Box Bottles 250mL X 6 Pack | 6 pack,Pop Tops,Drinks,Juice,Multi pack juice,,$5.90,,,$3.93 per 1L,6914188,"Pop Tops Fruit Drink Apple contains 30% fruit juice with no preservatives, no artificial colours, flavours and sweeteners.
30% Fruit Juice

No Preservatives

No Artificial Colours, Sweeteners or Flavours",,,"Per 100g/ml
Per Serving
%DI
Energy
112kJ
280kJ
3%
Protein
<1.0g
<1.0g
<1%
Total Fat
<1.0g
<1.0g
<1%
Saturated Fat
0.0g
0.0g
0%
Carbohydrate
6.2g
15.5g
5%
Sugars
6.2g
15.5g
17%
Sodium
3mg
8mg
<1%
Dietary Fibre (total)
<1.0g
<1.0g
<1%
* Percentage Daily Intakes are based on an average adult diet of 8700 kJ. Your daily intakes may be higher or lower depending on your energy needs.",,https://www.coles.com.au/product/pop-tops-apple-poppers-fruit-drink-30percent-juice-poppers-multipack-lunch-box-bottles-250ml-x-6-pack-6-pack-6914188,,,2024-06-16T12:54:57.917472-04:00
Ind54SColes_ADrinks_SAColes Finest_IColes Finest Orange Juice Pulp Free | 2L,Coles Finest Orange Juice Pulp Free | 2L,Coles,Drinks,Coles Finest,Fruit & Fruit Juice,,$5.00,,,$2.50 per 1L,2690920,"Coles chilled pure Australian Orange juice Pulp free, 2L. Made with 100% Australian oranges and no added sugar. The perfect beverage to start your morning.",,,"Per 100g/ml
Per Serving
%DI
Energy
170.73
426.83
Protein
0.90
2.25
Carbohydrate
8.90
22.25
Sugars
8.50
21.25
Sodium
0.01
0.03
Saturated
0.09
0.23
Vitamin C
20.00
50.00
Energy (Cal)
40.84
102.11
Fat
0.09
0.23
Dietary Fibre (total)
0.10
0.25
* Percentage Daily Intakes are based on an average adult diet of 8700 kJ. Your daily intakes may be higher or lower depending on your energy needs.",,https://www.coles.com.au/product/coles-finest-orange-juice-pulp-free-2l-2690920,,,2024-06-16T12:55:09.890484-04:00
Ind54SColes_ADrinks_SAJuice_IGolden Circle Mango Nectar | 2L,Golden Circle Mango Nectar | 2L,Golden Circle,Drinks,Juice,Plastic juice bottles,,$3.50,,$4.80,$1.75 per 1L,7796225,"Reminisce on days spent in the sunshine with Golden Circle Mango Nectar. This nectar is made with no artificial colours, flavours or preservatives and brings bright and sweet flavour to smoothies, desserts and even savoury recipes. Golden Circle Mango Nectar saves you time in the kitchen, adding mango flavour to sauces, curries, smoothies and desserts with no preparation needed. A good source of vitamin C, Golden Circle Mango Nectar is a summertime barbecue staple. Try blending with frozen banana and pineapple for a tropical smoothie, or using this sweet nectar as a marinade for chicken or pork. Golden Circle, Share the Sunshine.
No artificial colours, flavours or preservatives

Serve chilled

Great in smoothies and mocktails

Adds a sweet flavour hit to savoury recipes

Good source of vitamin C",,,"Per 100g/ml
Per Serving
%DI
Energy
240 kJ
480 kJ
Protein
0.1 g
0.2 g
Total Fat
0.1 g
0.2 g
Saturated Fat
0 g
0 g
Carbohydrate
13.3 g
26.6 g
Sugars
13.0 g
26.0 g
Sodium
11 mg
22 mg
Vitamin C
15 mg
30 mg (75% RDI*)
* Percentage Daily Intakes are based on an average adult diet of 8700 kJ. Your daily intakes may be higher or lower depending on your energy needs.",,https://www.coles.com.au/product/golden-circle-mango-nectar-2l-7796225,,,2024-06-16T12:55:20.838309-04:00
Ind54SColes_ADrinks_SAJuice_IBickfords 100% Pure Cherry Juice | 1L,Bickfords 100% Pure Cherry Juice | 1L,Bickfords,Drinks,Juice,Plastic juice bottles,,$5.50,,$6.50,$5.50 per 1L,3049618,"Our Pure Cherry juice is a genius balance of sweet red and tart black cherry that's a pretty irresistible way to get a daily dose of antioxidants. There's no added sugar, no preservatives and nothing artificial because we know that's important to you.",,,"Per 100g/ml
Per Serving
%DI
Energy
281kJ
705kJ
Protein
<0g
<0g
Total Fat
0g
0g
Saturated Fat
0g
0g
Carbohydrate
15g
37.5g
Sugars
11g
27.5g
Sodium
7mg
13mg
Monounsaturated
0g
0g
Dietary Fibre (total)
0g
0g
Polyunsaturated
0g
0g
Trans
0g
0g
* Percentage Daily Intakes are based on an average adult diet of 8700 kJ. Your daily intakes may be higher or lower depending on your energy needs.",,https://www.coles.com.au/product/bickfords-100percent-pure-cherry-juice-1l-3049618,,,2024-06-16T12:55:33.022134-04:00
Ind54SColes_ADrinks_SAJuice_IGolden Circle Sunshine Punch Fruit Drink | 1L,Golden Circle Sunshine Punch Fruit Drink | 1L,Golden Circle,Drinks,Juice,Packs & Pouches,,$2.70,,,$2.70 per 1L,6909461,"Whether you're going camping, to the beach, or on a road trip, you're sure to get thirsty along the way. Golden Circle Sunshine Punch Fruit Drink is here to quench your thirst with a delicious fruit drink made with no artificial colours or flavours. Enjoy a taste of summer in a glass with Golden Circle Sunshine Punch Fruit Drink. Containing no artificial colours, flavours or preservatives, this fruit drink with a good source of vitamin C is full of flavour. Enjoy a glass at any time of the day, bring the carton along on big days out, or use it as a base for fruit punch to keep the whole family smiling. Golden Circle, Share the Sunshine.
No artificial colours, flavours or preservatives

Sunshine Punch fruit drink with flavours including apple or pear, pineapple, orange, passionfruit and peach

Tasty drink to have alongside any meal

A good source of vitamin C

Delicious base for punches and mocktails",,,"Per 100g/ml
Per Serving
%DI
Energy
175kJ
350kJ
Protein
0g
0g
Total Fat
0g
0g
Saturated Fat
0g
0g
Carbohydrate
9.8g
19.6g
Sugars
9.6g
19.2g
Sodium
9mg
18mg
Vitamin C
15 mg
30 mg (75% RDI)*
15 mg
* Percentage Daily Intakes are based on an average adult diet of 8700 kJ. Your daily intakes may be higher or lower depending on your energy needs.",,https://www.coles.com.au/product/golden-circle-sunshine-punch-fruit-drink-1l-6909461,,,2024-06-16T12:55:44.263287-04:00
Ind54SColes_ADrinks_SAJuice_IMildura Sunrise Orange And Passionfruit Drink | 3L,Mildura Sunrise Orange And Passionfruit Drink | 3L,Mildura,Drinks,Juice,Chilled juice,,$5.80,,,$1.93 per 1L,1418167,"Midura Refreshing Fruit Drink is aussie owned and loved. 

Available in a convenient 3L family sized bottle, a glass of delicious and vibrant juice drink is a refreshing addition to your day!

Proudly packed in NSW and QLD by and for the Bega Group using local and imported ingredients. The local ingredients are sourced Australia wide.
With fruit juice

Family sized pack

Easy to pour, resealable pack

Delicious and full flavoured

Refreshing drink

Manufactured in Australia.",,,"Per 100g/ml
Per Serving
%DI
Energy
163kJ
326kJ
4.0%
Protein
<1g
<1g
<1%
Total Fat
0.0g
0.0g
0.0%
Saturated Fat
0.0g
0.0g
0.0%
Carbohydrate
9.4g
18.8g
6.0%
Sugars
8.9g
17.8g
20.0%
Sodium
2.5mg
5.0mg
<1%
* Percentage Daily Intakes are based on an average adult diet of 8700 kJ. Your daily intakes may be higher or lower depending on your energy needs.",,https://www.coles.com.au/product/mildura-sunrise-orange-and-passionfruit-drink-3l-1418167,,,2024-06-16T12:55:55.304556-04:00
Ind54SColes_ADrinks_SA_IThe Juice Brothers Orange Juice Pulp Free | 1L,The Juice Brothers Orange Juice Pulp Free | 1L,The Juice Brothers,Drinks,,,,$5.50,,,$5.50 per 1L,7829211,"Extraordinary tasting juice that cares? You're holding it!

Our orange juice is squeezed rather than crushed to preserve the fruit peels. Our orange, apple and pear fruit peels (including the seeds and cores) are reused as local animal feed.

We're also owned, grown and squeezed right here in Australia because we love what we do and want to keep it local.

No added sugar, just natural sweetness of fruit.",,,,Orange Juice (100%),https://www.coles.com.au/product/the-juice-brothers-orange-juice-pulp-free-1l-7829211,,,2024-06-16T12:56:04.148670-04:00
Ind54SColes_ADrinks_SAJuice_ILo Bros Kombucha Lemon Lime Bitters | 750mL,Lo Bros Kombucha Lemon Lime Bitters | 750mL,Lo Bros,Drinks,Juice,Chilled juice,,$7.70,Pick any 2 for $9,,$10.27 per 1L,3952533,"Everyone's favourite mixerÂ¦minus all the sugar. Kombucha blended with raw apple cider with aromatic bitters made from botanical herbs, spices, and citrus extract. Add to a refreshing cocktail or just enjoy it on its own.
It's time to rethink your drink! Lo Bros brews better-for-you drinks using a little process we like to call the Cycle of Doin' Good. It kicks off with old-school fermentation and know-how using the best organic ingredients, then transforms those bad old sugars into tasty drinks and positive change.
Naturally low in sugar, bubbling with millions of living cultures, bursting with refreshing feel good flavour & giving the planet a helping hand too.",,,,"Kombucha* (Filtered Water, Kombucha Culture*, Black Tea*, Green Tea*, Raw Sugar*), Sweeteners* (Naturally Fermented Glucose (Erythritol), Stevia Leaf (Steviol Glycosides)), Apple Cider Vinegar*, Acacia Fibre*, Natural Flavour (Lemon, Lime, Bitters), Black Carrot Concentrate, Probiotics .",https://www.coles.com.au/product/lo-bros-kombucha-lemon-lime-bitters-750ml-3952533,,,2024-06-16T12:56:12.954454-04:00
Ind54SColes_ADrinks_SAJuice_IImpressed Sunny Side Up Juice | 325mL,Impressed Sunny Side Up Juice | 325mL,Impressed,Drinks,Juice,Chilled juice,,$3.60,,,$11.08 per 1L,3062365,"Wake up on the bright side with Sunny Side Up  our fresh new blend is a delicious mix of orange, coconut water, pineapple and passionfruit.
Impressed Juices are cold pressed from the freshest produce.
Each juice contains Aussie-grown fresh vegetables, fruits and herbs which we carefully cold press and bottle locally resulting in full flavoured and irresistibly aromatic fresh juice.",,,"Per 100g/ml
Per Serving
%DI
Energy
162kJ
527kJ
Protein
0.3g
0.8g
Total Fat
0.1g
0.2g
Saturated Fat
0.1g
0.1g
Carbohydrate
9.6g
31.1g
Sugars
8.2g
26.6g
Sodium
6mg
21mg
Dietary Fibre (total)
0.1g
0.4g
* Percentage Daily Intakes are based on an average adult diet of 8700 kJ. Your daily intakes may be higher or lower depending on your energy needs.",,https://www.coles.com.au/product/impressed-sunny-side-up-juice-325ml-3062365,,,2024-06-16T12:56:24.704900-04:00
Ind54SColes_ADrinks_SAJuice_IPure Tassie Organic Apple Juice Chilled | 1.5L,Pure Tassie Organic Apple Juice Chilled | 1.5L,Pure Tassie,Drinks,Juice,Chilled juice,,$5.70,,$6.40,$3.80 per 1L,3061103,"Founded and operating in Tasmania for over 40 years, we take great pride in the quality of the ingredients we use in our range of juices. Our Organic Apples are sourced from local family farms and then pressed and bottled here in Tasmania. We think our fruit is grown in the cleanest air, the best soil and the purist water on earth. That's why our juice taste is so clean, fresh and pure.",,,"Per 100g/ml
Per Serving
%DI
Energy
186kJ
465kJ
Protein
<1g
<1g
Total Fat
<1g
<1g
Saturated Fat
<1g
<1g
Carbohydrate
10.4g
26.3g
Sugars
10.4g
26g
Sodium
<5mg
<5mg
Vitamin C
38mg
95mg
Dietary Fibre (total)
<0.5g
<0.5g
Trans
<1g
<1g
* Percentage Daily Intakes are based on an average adult diet of 8700 kJ. Your daily intakes may be higher or lower depending on your energy needs.",,https://www.coles.com.au/product/pure-tassie-organic-apple-juice-chilled-1.5l-3061103,,,2024-06-16T12:56:35.915701-04:00
Ind54SColes_ADrinks_SA_IOcean Spray Low Sugar Cranberry Pineapple Drink | 1.5L,Ocean Spray Low Sugar Cranberry Pineapple Drink | 1.5L,Ocean Spray,Drinks,,,,$6.40,,,$4.27 per 1L,4753383,"With less than 10 little calories and 1 gram of sugar, enjoy the delicious blend of sweet pineapple and crisp clean cranberries throughout the day!",,,"Per 100g/ml
Per Serving
%DI
Energy
15kJ
38kJ
Protein
0g
0g
Total Fat
0g
0g
Saturated Fat
0g
0g
Carbohydrate
0.4g
1g
Sugars
0.4g
1g
Sodium
10mg
25mg
Vitamin C
3.2mg
8mg
20%
Potassium
6mg
15mg
* Percentage Daily Intakes are based on an average adult diet of 8700 kJ. Your daily intakes may be higher or lower depending on your energy needs.",,https://www.coles.com.au/product/ocean-spray-low-sugar-cranberry-pineapple-drink-1.5l-4753383,,,2024-06-16T12:56:46.939208-04:00
Ind54SColes_ADrinks_SABeverages_IRemedy Kombucha Pink Lady Apple | 750mL,Remedy Kombucha Pink Lady Apple | 750mL,Remedy,Drinks,Beverages,Water & juices,,$5.90,,,"$7.87 per 1L
Was $7.50 on May 2024",4973030,"This is not just another kombucha - It's fresh and crisp with a light juicy effervescence! All you need to do to relish in the tantalising aroma of sweet apple is crack open the top. The clean and crisp flavours of ripe apples are delicately balanced to create a truly smashable bevvie. Grab a glass, grab some ice and enjoy. This all-natural thirst-quenching flavour is packed full of live cultures and antioxidants. Remedy Kombucha is:
Sugar free, for real
All natural
Certified Organic
Low on Calories
Vegan
Gluten Free
A-Ok in or out of the fridge",,,"Per 100g/ml
Per Serving
%DI
Energy
12kJ
40kJ
Protein
<1g
<1g
Total Fat
<1g
<1g
Saturated Fat
<1g
<1g
Carbohydrate
<1g
<1g
Sugars
0g
0g
Sodium
<5mg
<5mg
* Percentage Daily Intakes are based on an average adult diet of 8700 kJ. Your daily intakes may be higher or lower depending on your energy needs.",,https://www.coles.com.au/product/remedy-kombucha-pink-lady-apple-750ml-4973030,,,2024-06-16T12:56:57.936219-04:00
Ind54SColes_ADrinks_SAJuice_IBickford's Cranberry Juice Drink | 1L,Bickford's Cranberry Juice Drink | 1L,Bickfords,Drinks,Juice,Glass juice bottles,,$5.50,,,$5.50 per 1L,9097249,"There's nothing like a chilled glass of Cranberry to make you smile. Not only does it taste amazing, there's an antioxidant hit and some Vitamin C too! And best of all, there's nothing artificial and no preservatives because we know that's important to you.",,,"Per 100g/ml
Per Serving
%DI
Energy
221kJ
553kJ
Protein
<0g
<0g
Total Fat
0g
0g
Saturated Fat
0g
0g
Carbohydrate
13g
32.3g
Sugars
12g
30g
Sodium
1mg
2.5mg
Monounsaturated
0g
0g
Dietary Fibre (total)
0g
0g
Polyunsaturated
0g
0g
Trans
0g
0g
* Percentage Daily Intakes are based on an average adult diet of 8700 kJ. Your daily intakes may be higher or lower depending on your energy needs.",,https://www.coles.com.au/product/bickford's-cranberry-juice-drink-1l-9097249,,,2024-06-16T12:57:09.072315-04:00
Ind54SColes_ADrinks_SAJuice_INuris Organic Wild Pomegranate Juice Bottle | 1L,Nuris Organic Wild Pomegranate Juice Bottle | 1L,Nuris,Drinks,Juice,Glass juice bottles,,$7.85,,,$7.85 per 1L,5972291,"Nuris Organic wild pomegranate juice is NFC - Not From Concentrate. Squeezed from fresh, certified organic wild pomegranates. No additives of any kind whatsoever, no colouring, flavour enhancing agents or preservatives. Premium, pure 100% juice Offered in high quality glass bottles",,,"Per 100g/ml
Per Serving
%DI
Energy
246.9kJ
617.3kJ
Protein
<1g
<1g
Total Fat
<1g
<1g
Saturated Fat
<1g
<1g
Carbohydrate
14.5g
36.2g
Sugars
13.5g
33.7g
Sodium
6mg
15mg
* Percentage Daily Intakes are based on an average adult diet of 8700 kJ. Your daily intakes may be higher or lower depending on your energy needs.",,https://www.coles.com.au/product/nuris-organic-wild-pomegranate-juice-bottle-1l-5972291,,,2024-06-16T12:57:20.691667-04:00
Ind54SColes_ADrinks_SAJuice_ISunraysia Pouch 99.9% Apple & Mango Juice | 200mL,Sunraysia Pouch 99.9% Apple & Mango Juice | 200mL,Sunraysia,Drinks,Juice,Plastic juice bottles,,$1.50,Pick any 5 for $5.30,,$7.50 per 1L,4158969,"Sunraysia pouches are a wholesome great tasting range of juices with added sugar, no artificial colours, flavours or preservatives. Available in a convenient, durable 200ml single serve pouch that won't split or break. Also great frozen or as a slushie - the perfect addition to any lunchbox.
- 100% Natural.
- Non genetically modified.
- Nothing Artificial.
- No added sugars or preservatives.
- Good Source of Vitamin C.
- 99.9 % Juice.
- BPA Free.
100% Natural

1 Serve of Fruit*

Good Source of Vitamin C

99.9 % Juice, no added sugar

Non genetically modified

Vegetarian & Vegan Friendly.

No artificial colours, flavours or preservatives.

Great Frozen.",,,"Per 100g/ml
Per Serving
%DI
Energy
200kJ
400kJ
Protein
0.2g
0.4g
Total Fat
0.1g
0.2g
Saturated Fat
0.0g
0.0g
Carbohydrate
11.2g
22.4g
Sugars
10.7g
21.4g
Sodium
6mg
12mg
Vitamin C
20mg
40mg
100% RDI#
Energy (Cal)
48Cal
96Cal
Trans
0.0g
0.0g
* Percentage Daily Intakes are based on an average adult diet of 8700 kJ. Your daily intakes may be higher or lower depending on your energy needs.","Reconstituted Apple Juice 80%, Mango pulp 19.9%, Vitamin C, Natural Flavour.",https://www.coles.com.au/product/sunraysia-pouch-99.9percent-apple-and-mango-juice-200ml-4158969,,,2024-06-16T12:57:31.731911-04:00
Ind54SColes_ADrinks_SAJuice_IColes Orange Juice 250mL | 6 pack,Coles Orange Juice 250mL | 6 pack,Coles,Drinks,Juice,Multi pack juice,,$4.00,,,$2.67 per 1L,2535665,,,,,,https://www.coles.com.au/product/coles-orange-juice-250ml-6-pack-2535665,,,2024-06-16T12:57:40.574172-04:00
Ind54SColes_ADrinks_SAJuice_IJust Juice Orange Mango Juice Multipack 200mL | 6 pack,Just Juice Orange Mango Juice Multipack 200mL | 6 pack,Just Juice,Drinks,Juice,Multi pack juice,,$5.50,,$6.30,$4.58 per 1L,5001270,"No added sugar
- High in Vitamin C
- No Preservatives
- No Artificial Colours or Flavours
- 1 Serve of Fruit per 125mL (as part of a balanced intake, fruit juice can be a serve of fruit (Australian Dietary Guidelines)).
No Added Sugar

High in Vitamin C

No Preservatives

No Artificial Colours

No Artificial Flavours

1 serve of fruit per 125mL of fruit juice as part of a balanced diet..",,,"Per 100g/ml
Per Serving
%DI
Energy
169kJ
338kJ
4%
Protein
0.6g
1.2g
2%
Total Fat
<1.0g
<1.0g
<1%
Saturated Fat
0.0g
0.0g
0%
Carbohydrate
9.0g
18.0g
6%
Sugars
8.3g
16.5g
18%
Sodium
2.5mg
5.0mg
<1%
Vitamin C
20mg
40mg
100% RDI#
Dietary Fibre (total)
0.2g
0.4g
1%
* Percentage Daily Intakes are based on an average adult diet of 8700 kJ. Your daily intakes may be higher or lower depending on your energy needs.",,https://www.coles.com.au/product/just-juice-orange-mango-juice-multipack-200ml-6-pack-5001270,,,2024-06-16T12:57:51.613146-04:00
Ind54SColes_ADrinks_SAJuice_IRemedy Kombucha Pink Grapefruit | 330mL,Remedy Kombucha Pink Grapefruit | 330mL,Remedy,Drinks,Juice,Chilled juice,,$4.30,,,$13.03 per 1L,7682441,"We're shaking up fizzy drinks for good with our fresh and fruity Pink Grapefruit. Experience the delicately luscious, fizzy and refreshing Remedy Kombucha Pink Grapefruit pairing the real taste of ripe Grapefruit with just the right balance of sweet and sour. It's low in calories, full of goodness, all natural and bursting with flavour. Remedy Kombucha is:
Sugar free, for real
All natural
Certified Organic
Low on Calories
Vegan
Gluten Free
A-Ok in or out of the fridge",,,"Per 100g/ml
Per Serving
%DI
Energy
9kJ
40kJ
Protein
<1g
<1g
Total Fat
<1g
<1g
Saturated Fat
<1g
<1g
Carbohydrate
<1g
<1g
Sugars
0g
0g
Sodium
<5mg
<5mg
* Percentage Daily Intakes are based on an average adult diet of 8700 kJ. Your daily intakes may be higher or lower depending on your energy needs.",,https://www.coles.com.au/product/remedy-kombucha-pink-grapefruit-330ml-7682441,,,2024-06-16T12:58:02.715423-04:00
Ind54SColes_ADrinks_SAJuice_IColes Green Smoothie | 1L,Coles Green Smoothie | 1L,Coles,Drinks,Juice,Chilled juice,,$5.10,,,$5.10 per 1L,2806616,"Coles Green smoothie, 1L. A blend of Pear, mango, banana, apple, lemon, spinach, kale and spirulina all make up this 2018 product of the year smoothie. Not made from concentrate, no added sugar and 1 portion of fruit in each serving makes this a great beverage for any time of day.",,,"Per 100g/ml
Per Serving
%DI
Energy
237.70
594.25
Protein
0.40
1.00
Carbohydrate
12.10
30.25
Sugars
11.00
27.50
Sodium
5.40
13.50
Saturated
0.00
0.00
Vitamin C
89.08
222.70
Energy (Cal)
56.87
142.17
Fat
0.40
1.00
Dietary Fibre (total)
1.30
3.25
* Percentage Daily Intakes are based on an average adult diet of 8700 kJ. Your daily intakes may be higher or lower depending on your energy needs.",,https://www.coles.com.au/product/coles-green-smoothie-1l-2806616,,,2024-06-16T12:58:13.595424-04:00
Ind54SColes_ADrinks_SAJuice_IGolden Circle 100% Juice Tropical | 2L,Golden Circle 100% Juice Tropical | 2L,Golden Circle,Drinks,Juice,Plastic juice bottles,,$3.50,,$4.80,$1.75 per 1L,5487558,"This tropical combination of flavours is great for any time of the day. Enjoy a glass of Golden Circle Tropical Juice with breakfast, or freeze into ice blocks for an afternoon cool down treat. Golden Circle Tropical Juice contains no added sugar and is made with no artificial colours, flavours or preservatives. Serve chilled with a glass of ice or mix with refrigerated sparkling water for a summertime punch. Golden Circle, Share the Sunshine.
No added sugar

No artificial colours or flavours

No preservatives

Served chilled

Delicious on its own or with savoury snacks and meals",,,"Per 100g/ml
Per Serving
%DI
Energy
190 kJ
380 kJ
Protein
0.1 g
0.2 g
Total Fat
0 g
0 g
Saturated Fat
0 g
0 g
Carbohydrate
10.0 g
20.0 g
Sugars
9.0 g
18.0 g
Sodium
11 mg
22 mg
Vitamin C
40 mg
80 mg (200% RDI*)
Dietary Fibre (total)
0.4 g
0.8 g
* Percentage Daily Intakes are based on an average adult diet of 8700 kJ. Your daily intakes may be higher or lower depending on your energy needs.",,https://www.coles.com.au/product/golden-circle-100percent-juice-tropical-2l-5487558,,,2024-06-16T12:58:24.458945-04:00
Ind54SColes_ADrinks_SAJuice_ICampbells V8 Power Blend Prebiotics Juice Berry | 1.25L,Campbells V8 Power Blend Prebiotics Juice Berry | 1.25L,Campbells,Drinks,Juice,Plastic juice bottles,,$4.80,,$6.00,$3.84 per 1L,7220242,"Refreshingly delicious, V8 Prebiotic Berry gives you the benefits of blended fruit and veggies, as well as added fibre to support gut health in one drink. Enjoy for breakfast or bring to work for a nutritious drink. This healthy juice is a source of  Vitamin C, contains no added sugar and provides 2 serves of vegetables per 250mL serve. 

V8 Prebiotic Berry is a delicious, refreshing blend of juicy apple, strawberry and raspberry with sweet potato, carrot  and beetroot. It also contains added fibre to support gut health. Increase your fruit and veg intake with every sip whilst also supporting a healthy gut


Source of fibre to support gut health
No added sugar
Source of Vitamin C
Plant Based
2  serves of veg per 250ml serve
No added preservatives, no artificial flavours, no artificial colours",,,"Per 100g/ml
Per Serving
%DI
Energy
203kJ
507kJ
0
Protein
0.5g
1.2g
0
Total Fat
0.1g
0.2g
0
Saturated Fat
<0.1g
0.1g
0
Carbohydrate
10.7g
26.8g
0
Sugars
8.9g
22.2g
0
Sodium
35mg
86mg
0
Monounsaturated
0
0
0
Vitamin C
7mg
17mg
Energy (Cal)
48Cal
121Cal
0
Dietary Fibre (total)
1.1g
2.8g
0
Polyunsaturated
0
0
0
Trans
0
0
0
* Percentage Daily Intakes are based on an average adult diet of 8700 kJ. Your daily intakes may be higher or lower depending on your energy needs.",,https://www.coles.com.au/product/campbells-v8-power-blend-prebiotics-juice-berry-1.25l-7220242,,,2024-06-16T12:58:35.445768-04:00
Ind54SColes_ADrinks_SAJuice_ICampbell's V8 Hot & Spicy Juice | 1.25L,Campbell's V8 Hot & Spicy Juice | 1.25L,Campbells,Drinks,Juice,Plastic juice bottles,,$5.50,,,$4.40 per 1L,1165436,"V8 Vegetable Hot & Spicy juice is a healthy antioxidant boost. This hot and spicy tomato, carrot, celery and chilli juice contains vitamins. Share this vegetable juice with a friend for a healthy morning pick-me-up. Or if you're short on time, it's the perfect ambient juice for an on-the-go afternoon top up. Grab yourself a V8 fuel up!",,,"Per 100g/ml
Per Serving
%DI
Energy
80kJ
200kJ
0
Protein
0.7g
1.7g
0
Total Fat
0.1g
0.1g
0
Saturated Fat
0.1g
0.1g
0
Carbohydrate
3.4g
8.4g
0
Sugars
2.8g
7.1g
0
Vitamin A
75ug
188ug
Sodium
286mg
716mg
0
Monounsaturated
0
0
0
Vitamin C
16mg
40mg
Energy (Cal)
19Cal
48Cal
0
Dietary Fibre (total)
1.1g
2.7g
0
Polyunsaturated
0
0
0
Trans
0
0
0
* Percentage Daily Intakes are based on an average adult diet of 8700 kJ. Your daily intakes may be higher or lower depending on your energy needs.","Each bottle contains the juice of: Tomato (81.5%)(Reconstituted Juice), Carrot (7%), Celery (4.3%), Lemon (3.2%)(Reconstituted Juice), Beetroot (<1%), Parsley (<1%), Lettuce (<1%), Watercress (<1), Spinach (<1%), Natural Flavours (Contains Barley), Salt, Vitamin C, Yeast Extract, Food Acid (Citric Acid), Chilli Spice Extract, Colour (E160c).",https://www.coles.com.au/product/campbell's-v8-hot-and-spicy-juice-1.25l-1165436,,,2024-06-16T12:58:46.554022-04:00
Ind54SColes_ADrinks_SA_IGolden Circle Pineapple Juice Sweetened Fruit Juice Pineapples | 1L,Golden Circle Pineapple Juice Sweetened Fruit Juice Pineapples | 1L,Golden Circle,Drinks,,,,$2.60,,,$2.60 per 1L,280086,"Best served chilled, Golden Circle Sweetened Pineapple Juice is a great pick for summer picnics. Enjoy a glass over ice or mix with sparkling water. Golden Circle Sweetened Pineapple Juice provides a good source of vitamin C, and also contains no artificial colours, flavours or preservatives. Enjoy the delicious taste of this pineapple juice with a meal or snack during the day. It's a great pick for hot summer days at the beach. Golden Circle, Share the Sunshine.
Good source of vitamin C

Best served chilled

No artificial colours

No artificial flavours

No preservatives",,,"Per 100g/ml
Per Serving
%DI
Energy
260 kJ
520 kJ
Protein
0.3 g
0.6 g
Total Fat
0.1 g
0.2 g
Saturated Fat
0 g
0 g
Carbohydrate
14.6 g
29.2 g
Sugars
14.4 g
28.8 g
Sodium
5 mg
10 mg
Vitamin C
40 mg
80 mg (200% RDI)*
* Percentage Daily Intakes are based on an average adult diet of 8700 kJ. Your daily intakes may be higher or lower depending on your energy needs.",,https://www.coles.com.au/product/golden-circle-pineapple-juice-sweetened-fruit-juice-pineapples-1l-280086,,,2024-06-16T12:59:43.223474-04:00
Ind54SColes_ADrinks_SA_IFruit Co Juice Plus + Apple Banana Mango | 2L,Fruit Co Juice Plus + Apple Banana Mango | 2L,Fruit Co,Drinks,,,,$3.50,,,$1.75 per 1L,3752272,"Made from 99% Juice and enriched with the goodness of Vitamin C and Fibre, FruitCo Juice is the perfect juice for any occasion. FruitCo Juice comes in a convenient and ergonomic 2L PET grip bottle.",,,"Per 100g/ml
Per Serving
%DI
Energy
187kJ
468kJ
5%
Protein
<1g
<1g
1%
Total Fat
<1g
<1g
1%
Saturated Fat
<1g
<1g
1%
Carbohydrate
11g
27.5g
9%
Sugars
10.7g
26.8g
30%
Sodium
5mg
13mg
1%
Vitamin C
10mg
25mg
0%
Dietary Fibre (total)
<1g
<1g
8%
* Percentage Daily Intakes are based on an average adult diet of 8700 kJ. Your daily intakes may be higher or lower depending on your energy needs.",,https://www.coles.com.au/product/fruit-co-juice-plus-+-apple-banana-mango-2l-3752272,,,2024-06-16T12:59:55.095202-04:00
Ind54SColes_ADrinks_SAJuice_ICampbell's V8 Tropical Juice Multipack 250mL | 3 pack,Campbell's V8 Tropical Juice Multipack 250mL | 3 pack,Campbells,Drinks,Juice,Multi pack juice,,$4.00,,$4.50,$5.33 per 1L,7945223,"V8 Tropical juice is a healthy antioxidant boost. This apple, pineapple, passionfruit and carrot juice contains vitamins. Take one of these perfectly sized lunchbox drinks with your packed lunch to enjoy anywhere. Share this multipack of fruit and vegetable juices with a friend for a healthy morning pick-me-up. Or if you're short on time, it's the perfect ambient juice for an on-the-go afternoon top up. Grab yourself a V8 fuel up!
No artificial flavours or colours
No added preservatives or added sugar
Source of vitamin A and antioxidant vitamin C",,,"Per 100g/ml
Per Serving
%DI
Energy
184kJ
459kJ
0
Protein
0.4g
1.0g
0
Total Fat
0.1g
0.2g
0
Saturated Fat
<0.1
0.1g
0
Carbohydrate
10.0g
25.1g
0
Sugars
8.6g
21.4g
0
Vitamin A
75ug
188ug
Sodium
22mg
54mg
0
Monounsaturated
0
0
0
Vitamin C
2mg
4mg
Energy (Cal)
44Cal
110Cal
0
Dietary Fibre (total)
0.4g
0.9g
0
Polyunsaturated
0
0
0
Trans
0
0
0
* Percentage Daily Intakes are based on an average adult diet of 8700 kJ. Your daily intakes may be higher or lower depending on your energy needs.","Each pack contains the juice of: Apple (37.5%)(Reconstituted Juice), Carrot (30%)(Reconstituted Juice), Orange (14%)(Reconstituted Juice), Pear (9.2%)(Reconstituted Juice), Pineapple (7.5%)(Reconstituted Juice), Passionfruit (1%)(Reconstituted Juice), Banana (<1%), Food Acids (Malic Acid, Citric Acid), Vitamin C, Natural Flavours.",https://www.coles.com.au/product/campbell's-v8-tropical-juice-multipack-250ml-3-pack-7945223,,,2024-06-16T13:00:07.182710-04:00
Ind54SColes_ADrinks_SAJuice_INudie Nothing But Juice Orange Pulp Free | 400mL,Nudie Nothing But Juice Orange Pulp Free | 400mL,Nudie,Drinks,Juice,Chilled juice,,$3.90,,,$9.75 per 1L,3893489,"It's not easy to concentrate, which is why we avoid it at all costs. But some juicers looove to concentrate so much, they use it in their juice! Concentrate is a kind of cryogenically frozen juice that's brought back to life years later by adding water, flavour, sugar and other stuff. Eww! That's why we made nothing but; good, simple, fruit juice - no preservatives, no additives, just Aussie fruit. And because we love to support local farmers and growers - we will always only use Australian oranges, right from our own backyard. What good could we do beyond the juice fridge? creatorsofgood@nudie.com.au
100% Australian fruit & veg

No added sugar

No preservatives

No artificial flavours

No concentrates",,,,,https://www.coles.com.au/product/nudie-nothing-but-juice-orange-pulp-free-400ml-3893489,,,2024-06-16T13:00:16.281331-04:00
Ind54SColes_ADrinks_SAJuice_ICampbell's V8 Vegetable Juice | 300mL,Campbell's V8 Vegetable Juice | 300mL,Campbells,Drinks,Juice,Plastic juice bottles,,$2.70,,,$9.00 per 1L,2047130,"V8 Original vegetable juice is a healthy antioxidant boost. This tomato, carrot and celery juice is packed with vitamins to put a powerful pep in your step. Grab this ambient juice for a healthy morning pick-me-up. Or if you're short on time, it's the perfect lunchbox drink for an on-the-go afternoon top up. Grab yourself a V8 fuel up!
No artificial flavours or colours
No added preservatives or added sugar
Source of vitamin A and antioxidant vitamin C
Four serves of vegetables per 250mL (based on the 2013 Australian Dietary Guidelines)",,,"Per 100g/ml
Per Serving
%DI
Energy
88kJ
263kJ
0
Protein
0.7g
2.2g
0
Total Fat
0.1g
0.2g
0
Saturated Fat
<0.1g
<0.1g
0
Carbohydrate
3.7g
11.2g
0
Sugars
2.9g
8.6g
0
Vitamin A
75ug
225ug
Sodium
237mg
710mg
0
Monounsaturated
0
0
0
Vitamin C
2mg
6mg
Energy (Cal)
21Cal
63Cal
0
Dietary Fibre (total)
1.0g
3.1g
0
Polyunsaturated
0
0
0
Trans
0
0
0
* Percentage Daily Intakes are based on an average adult diet of 8700 kJ. Your daily intakes may be higher or lower depending on your energy needs.",,https://www.coles.com.au/product/campbell's-v8-vegetable-juice-300ml-2047130,,,2024-06-16T13:00:27.253775-04:00
Ind54SColes_ADrinks_SAJuice_ICampbell's V8 Tropical Juice | 1.25L,Campbell's V8 Tropical Juice | 1.25L,Campbells,Drinks,Juice,Plastic juice bottles,,$5.50,,,$4.40 per 1L,1165378,"Refreshingly delicious, V8 Juice Tropical gives you the benefits of blended fruit and veggies in one drink. Enjoy for breakfast or bring to school or work for a nutritious drink to enjoy on breaks. This healthy juice gives you a source of Vitamin A and antioxidant Vitamin C in a quick, easy way. Also available in 300ml and 3x250ml varieties.
A mix of apple, pineapple, passionfruit and carrot.
Packed in a large 1.25L bottle
No artificial flavours, colours or added preservatives
No added sugar
Source of Vitamin A and antioxidant Vitamin C 1 serve of fruit & 1 serve of veg er 250ml serve",,,"Per 100g/ml
Per Serving
%DI
Energy
184kJ
459kJ
0
Protein
0.4g
1.0g
0
Total Fat
0.1g
0.2g
0
Saturated Fat
<0.1g
0.1g
0
Carbohydrate
10.0g
25.1g
0
Sugars
8.6g
21.4g
0
Vitamin A
75ug
188ug
Sodium
22mg
54mg
0
Monounsaturated
0
0
0
Vitamin C
2mg
4mg
Energy (Cal)
44Cal
110Cal
0
Dietary Fibre (total)
0.4g
0.9g
0
Polyunsaturated
0
0
0
Trans
0
0
0
* Percentage Daily Intakes are based on an average adult diet of 8700 kJ. Your daily intakes may be higher or lower depending on your energy needs.",,https://www.coles.com.au/product/campbell's-v8-tropical-juice-1.25l-1165378,,,2024-06-16T13:00:38.345051-04:00
Ind54SColes_ADrinks_SAStationery & media_ISharpie Permanent Markers Fine Tip | 2 pack,Sharpie Permanent Markers Fine Tip | 2 pack,Sharpie,Drinks,Stationery & media,Stationery,,$3.36,,$5.60,$1.68 per 1ea,3251142,"Bold to the max and permanent to the core, Sharpie Permanent Markers inspire you to transform ordinary surfaces into passionately creative statements. Made to write practically everywhere, vivid Sharpie markers eliminate dull and boring. The original permanent marker, Sharpie has iconic ink that dries quickly and resists both water and fading. While pale imitations wither away, Sharpie markers make creations that endure. Featuring a bold fine point built for jaw-dropping marks, Sharpie Permanent Markers ignite courageous self-expression.
Proudly permanent ink marks on paper, plastic, metal, and most other surfaces

Intensely brilliant colours create eye-popping, vibrant impressions

Remarkably resilient ink dries quickly and resists fading and water; AP certified

Endlessly versatile fine tip makes impressively bold, detailed marks

Colourful options: Includes 2 Black Sharpie permanent markers",,,,,https://www.coles.com.au/product/sharpie-permanent-markers-fine-tip-2-pack-3251142,,,2024-06-16T13:00:47.954223-04:00
Ind54SColes_ADrinks_SAJuice_IOrchy Apple & Blackcurrant Juice Chilled | 375mL,Orchy Apple & Blackcurrant Juice Chilled | 375mL,Orchy,Drinks,Juice,Chilled juice,,$2.30,,,$6.13 per 1L,7452645,Orchy Apple Blackcurrant Pop Top Juice 375mL. Excellent for lunch boxes. Healthy Kids Registered Product. Australian owned.,,,"Per 100g/ml
Per Serving
%DI
Energy
211kJ
791kJ
Protein
0.8g
3.0g
Total Fat
0.6g
2.3g
Saturated Fat
<1g
<1g
Carbohydrate
11.2g
42g
Sugars
9.8g
36.8g
Sodium
15mg
56.3mg
Saturated
0g
0g
Vitamin C
20mg
75mg
Dietary Fibre (total)
0.3g
1.1g
Dietary Fibre
0.2g
0.8g
* Percentage Daily Intakes are based on an average adult diet of 8700 kJ. Your daily intakes may be higher or lower depending on your energy needs.",,https://www.coles.com.au/product/orchy-apple-and-blackcurrant-juice-chilled-375ml-7452645,,,2024-06-16T13:00:59.153022-04:00
Ind54SColes_ADrinks_SA_IThe Juice Lab Wellness Shot Digestion | 60mL,The Juice Lab Wellness Shot Digestion | 60mL,The Juice Lab,Drinks,,,,$2.50,,$3.50,$41.67 per 1L,3960757,"I'm a lean, green detox machine packed into one little bottle (recyclable glass, that's green too)! I'm specially formulated to aid digestion and help your body absorb nutrients.",,,"Per 100g/ml
Per Serving
%DI
Energy
200kJ
119kJ
Protein
<1g
<1g
Total Fat
<1g
<1g
Saturated Fat
<1g
<1g
Carbohydrate
8.8g
5.3g
Sugars
7.8g
4.7g
Sodium
19mg
11mg
Dietary Fibre (total)
2.4g
1.4g
* Percentage Daily Intakes are based on an average adult diet of 8700 kJ. Your daily intakes may be higher or lower depending on your energy needs.",,https://www.coles.com.au/product/the-juice-lab-wellness-shot-digestion-60ml-3960757,,,2024-06-16T13:01:56.011370-04:00
Ind54SColes_ADrinks_SAJuice_IMildura Orange And Mango Fruit Drink | 500mL,Mildura Orange And Mango Fruit Drink | 500mL,Mildura,Drinks,Juice,Chilled juice,,$2.50,,$2.80,$5.00 per 1L,3187473,"Midura Refreshing Fruit Drink is aussie owned and loved. 

Available in a convenient 500ml bottle, a glass of delicious and vibrant fruit drink is a refreshing addition to your day!

Proudly packed in NSW and QLD by and for the Bega Group using local and imported ingredients. The local ingredients are sourced Australia wide.
With fruit juice

Perfect to drink on the go

Easy to pour, resealable pack

Delicious and full flavoured

Refreshing drink

Manufactured in Australia.",,,"Per 100g/ml
Per Serving
%DI
Energy
159kJ
795kJ
9.0%
Protein
0.1g
0.5g
1.0%
Total Fat
0g
0g
0.0%
Saturated Fat
0g
0g
0.0%
Carbohydrate
9.2g
46.0g
15.0%
Sugars
8.8g
44.0g
49.0%
Sodium
2.5mg
12.5mg
1.0%
* Percentage Daily Intakes are based on an average adult diet of 8700 kJ. Your daily intakes may be higher or lower depending on your energy needs.",,https://www.coles.com.au/product/mildura-orange-and-mango-fruit-drink-500ml-3187473,,,2024-06-16T13:02:07.955906-04:00
Ind54SColes_ADrinks_SA_ICampbell's V8 Apple Berry Fusion Juice Multipack 250mL | 3 pack,Campbell's V8 Apple Berry Fusion Juice Multipack 250mL | 3 pack,Campbells,Drinks,,,,$4.00,,$4.50,$5.33 per 1L,1165298,"V8 Apple Berry juice is a healthy antioxidant boost. This apple, strawberry and purple juice is packed with vitamins to help you feel your best. We love mixing vegetables and fruits into delicious blends, so you never have to choose between taste or nutrition: you can enjoy both! With no artificial flavours, colours, preservatives or added sugar, it's the perfect juice. Go ahead - shake up the natural goodness in every bottle. Share this multipack of ambient juices for a healthy morning pick-me-up with friends. Or if you're short on time, it's the perfect lunchbox drink for an on-the-go afternoon top up. Grab yourself a V8 fuel up!
No artificial flavours or colours
No added preservatives or added sugar
Source of antioxidant vitamin C",,,"Per 100g/ml
Per Serving
%DI
Energy
210kJ
525kJ
0
Protein
0.2g
0.6g
0
Total Fat
<0.1g
0.1g
0
Saturated Fat
<0.1g
<0.1g
0
Carbohydrate
11.8g
29.6g
0
Sugars
9.9g
24.8g
0
Sodium
14mg
36mg
0
Monounsaturated
0
0
0
Vitamin C
16mg
40mg
Energy (Cal)
50Cal
125Cal
0
Dietary Fibre (total)
0.4g
0.9g
0
Polyunsaturated
0
0
0
Trans
0
0
0
* Percentage Daily Intakes are based on an average adult diet of 8700 kJ. Your daily intakes may be higher or lower depending on your energy needs.",,https://www.coles.com.au/product/campbell's-v8-apple-berry-fusion-juice-multipack-250ml-3-pack-1165298,,,2024-06-16T13:02:34.166293-04:00
Ind54SColes_ADrinks_SAJuice_IRemedy Shot Immune Plus | 60mL,Remedy Shot Immune Plus | 60mL,Remedy,Drinks,Juice,Chilled juice,,$2.50,,$3.50,$41.67 per 1L,4471440,"Your daily multivitamin just got a glow up! With Vitamin A, C and B6, Remedy Immune+ is the perfect friend to have on standby in the pantry, the fridge or your handbag when you've had one too many nights on the wines (we ain't judgin'), work is kickin' your butt, or you just need that extra immune boost. Remedy Shots are:
No sugar, for real
All Natural
Certified Organic
Full of flavour
Vegan
Gluten Free
A-Ok in or out of the fridge",,,"Per 100g/ml
Per Serving
%DI
Energy
18kJ
11kJ
Protein
<1g
<1g
Total Fat
<1g
<1g
Saturated Fat
<1g
<1g
Carbohydrate
<1g
<1g
Sugars
0g
0g
Vitamin A
125mg
75mg
10%
Sodium
<5mg
<5mg
Vitamin C
17mg
10mg
25%
Dietary Fibre (total)
<1g
<1g
Vitamin B6
0.3mg
0.2mg
11%
* Percentage Daily Intakes are based on an average adult diet of 8700 kJ. Your daily intakes may be higher or lower depending on your energy needs.",,https://www.coles.com.au/product/remedy-shot-immune-plus-60ml-4471440,,,2024-06-16T13:02:46.374574-04:00
Ind54SColes_ADrinks_SA_IColes Orange & Mango Fruit Drink 250Ml | 6 pack,Coles Orange & Mango Fruit Drink 250Ml | 6 pack,Coles,Drinks,,,,$3.50,,,$2.33 per 1L,2535610,Coles Mango orange fruit drink 250 ml 6 pack. 35% Fruit Juice No Artificial Sweeteners great for lunch boxes,,,"Per 100g/ml
Per Serving
%DI
Energy
146
364
4
Protein
LESS THAN 1g
LESS THAN 1g
1
Total Fat
LESS THAN 1g
LESS THAN 1g
0
Saturated Fat
0.1
0.25
Carbohydrate
8.2
20.5
7
Sodium
LESS THAN 5mg
8
0
Energy (Cal)
35
87
Dietary Fibre
0.1
0.25
* Percentage Daily Intakes are based on an average adult diet of 8700 kJ. Your daily intakes may be higher or lower depending on your energy needs.","INGREDIENTS: Water, Reconstituted Fruit Juices (35%) [Orange (34%), Mango (1%)], Sugar, Food Acid (Citric Acid), Natural Flavours, Natural Colours (161b, 163), Natural Sweetener (960).",https://www.coles.com.au/product/coles-orange-and-mango-fruit-drink-250ml-6-pack-2535610,,,2024-06-16T13:02:57.291973-04:00
Ind54SColes_ADrinks_SAJuice_IGolden Circle Aussie Blends Outback Sunrise | 1.5L,Golden Circle Aussie Blends Outback Sunrise | 1.5L,Golden Circle,Drinks,Juice,Plastic juice bottles,,$5.50,Pick any 2 for $7,,$3.67 per 1L,6824132,1.5L,,,"Per 100g/ml
Per Serving
%DI
Energy
85 kJ
170 kJ
Protein
0.1 g
0.2 g
Total Fat
0 g
0 g
Saturated Fat
0 g
0 g
Carbohydrate
4.5 g
9.0 g
Sugars
4.2 g
8.4 g
Sodium
12 mg
24 mg
Vitamin C
24 mg
48 mg (120% RDI*)
Dietary Fibre (total)
0.1 g
0.2 g
* Percentage Daily Intakes are based on an average adult diet of 8700 kJ. Your daily intakes may be higher or lower depending on your energy needs.",,https://www.coles.com.au/product/golden-circle-aussie-blends-outback-sunrise-1.5l-6824132,,,2024-06-16T13:03:08.212813-04:00
Ind54SColes_ADrinks_SA_ICampbell's V8 Breakfast Juice | 1.25L,Campbell's V8 Breakfast Juice | 1.25L,Campbells,Drinks,,,,$5.50,,,$4.40 per 1L,1165425,"V8 Breakfast juice is a healthy antioxidant boost. This apple, pineapple, orange and carrot juice contains vitamins. Share this fruit and vegetable juice with a friend for a healthy morning pick-me-up. Or if you're short on time, it's the perfect ambient juice for an on-the-go afternoon top-up. Grab yourself a V8 fuel up!
No artificial flavours or colours
No added preservatives or added sugar
Source of vitamin A and antioxidant vitamin C",,,"Per 100g/ml
Per Serving
%DI
Energy
204kJ
510kJ
0
Protein
0.4g
1.0g
0
Total Fat
0.1g
0.2g
0
Saturated Fat
<0.1g
<0.1g
0
Carbohydrate
11.4g
28.4g
0
Sugars
9.8g
24.5g
0
Vitamin A
75ug
188ug
Sodium
19mg
47mg
0
Monounsaturated
0
0
0
Vitamin C
2mg
5mg
Energy (Cal)
49Cal
122Cal
0
Dietary Fibre (total)
0.2g
0.5g
0
Polyunsaturated
0
0
0
Trans
0
0
0
* Percentage Daily Intakes are based on an average adult diet of 8700 kJ. Your daily intakes may be higher or lower depending on your energy needs.",,https://www.coles.com.au/product/campbell's-v8-breakfast-juice-1.25l-1165425,,,2024-06-16T13:03:19.329602-04:00
Ind54SColes_ADrinks_SA_INudie Pulp Oranges Juice Chilled | 2L,Nudie Pulp Oranges Juice Chilled | 2L,Nudie,Drinks,,,,$8.50,,,$4.25 per 1L,7895759,"It's not easy to concentrate, which is why we avoid it at all costs.

But some juicers looove to concentrate so much, they use it in their juice! Concentrate is a kind of cryogenically frozen juice that's brought back to life years later by adding water, flavour, sugar and other stuff. Eww! That's why we made nothing but; good, simple, fruit juice - no preservatives, no additives, just Aussie fruit. And because we love to support local farmers and growers - we will always only use Australian oranges, right from our own backyard.

What good could we do beyond the juice fridge? Visit our Website
Made with 100% real fruit
No added sugar
No preservatives
No artificial flavours
100% Australian Oranges
100% Australian Fruit.",,,"Per 100g/ml
Per Serving
%DI
Energy
180kJ
450kJ
Protein
Less than 1g
2g
Total Fat
Less than 1g
Less than 1g
Saturated Fat
Less than 1g
Less than 1g
Carbohydrate
10g
25g
Sugars
7.6g
19g
Sodium
Less than 5mg
Less than 5mg
Vitamin C
18mg
45mg
Dietary Fibre (total)
Less than 1g
Less than 1g
* Percentage Daily Intakes are based on an average adult diet of 8700 kJ. Your daily intakes may be higher or lower depending on your energy needs.",,https://www.coles.com.au/product/nudie-pulp-oranges-juice-chilled-2l-7895759,,,2024-06-16T13:03:30.046737-04:00
Ind54SColes_ADrinks_SA_IFruit Co Juice Plus + Grape | 2L,Fruit Co Juice Plus + Grape | 2L,Fruit Co,Drinks,,,,$3.50,,,$1.75 per 1L,3752319,"Made from 99% Juice and enriched with the goodness of Vitamin C and Fibre, FruitCo Juice is the perfect juice for any occasion. FruitCo Juice comes in a convenient and ergonomic 2L PET grip bottle.",,,"Per 100g/ml
Per Serving
%DI
Energy
238kJ
595kJ
7%
Protein
<1g
<1g
1%
Total Fat
<1g
<1g
1%
Saturated Fat
<1g
<1g
1%
Carbohydrate
14g
35g
12%
Sugars
13.7g
34.3g
39%
Sodium
5mg
13mg
1%
Vitamin C
10mg
25mg
0%
Dietary Fibre (total)
<1g
<1g
8%
* Percentage Daily Intakes are based on an average adult diet of 8700 kJ. Your daily intakes may be higher or lower depending on your energy needs.",,https://www.coles.com.au/product/fruit-co-juice-plus-+-grape-2l-3752319,,,2024-06-16T13:03:42.069998-04:00
Ind54SColes_ADrinks_SAJuice_IColes Tropical Smoothie | 1L,Coles Tropical Smoothie | 1L,Coles,Drinks,Juice,Chilled juice,,$5.10,,,$5.10 per 1L,3048900,"Coles Tropical Smoothie, 1L. A blend banana, pineapple, mango, passionfruit, orange and pear all make up this fruit filled drink. Not made from concentrate, no added sugar and 1 portion of fruit in each serving makes this a great beverage for any time of day.",,,"Per 100g/ml
Per Serving
%DI
Energy
216.10
540.25
Protein
0.40
1.00
Carbohydrate
11.00
27.50
Sugars
11.00
27.50
Sodium
1.40
3.50
Saturated
0.00
0.00
Vitamin C
64.45
161.13
Energy (Cal)
51.70
129.25
Fat
0.30
0.75
Dietary Fibre (total)
1.40
3.50
* Percentage Daily Intakes are based on an average adult diet of 8700 kJ. Your daily intakes may be higher or lower depending on your energy needs.",,https://www.coles.com.au/product/coles-tropical-smoothie-1l-3048900,,,2024-06-16T13:03:53.264895-04:00
Ind54SColes_ADrinks_SAJuice_ISunraysia Pouch 99.9% Tropical Juice | 200mL,Sunraysia Pouch 99.9% Tropical Juice | 200mL,Sunraysia,Drinks,Juice,Plastic juice bottles,,$1.50,Pick any 5 for $5.30,,$7.50 per 1L,4159112,"Sunraysia pouches are a wholesome great tasting range of juices with added sugar, no artificial colours, flavours or preservatives. Available in a convenient, durable 200ml single serve pouch that won't split or break. Also great frozen or as a slushie - the perfect addition to any lunchbox.
- 100% Natural.
- Non genetically modified.
- Nothing Artificial.
- No added sugars or preservatives.
- Good Source of Vitamin C.
- 99.9 % Juice.
- BPA Free.
100% Natural

1 Serve of Fruit*

Good Source of Vitamin C

99.9 % Juice, no added sugar

Non genetically modified

Vegetarian & Vegan Friendly.

No artificial colours, flavours or preservatives.

Great Frozen.",,,"Per 100g/ml
Per Serving
%DI
Energy
201kJ
402kJ
Protein
0.1g
0.2g
Total Fat
0.0g
0.0g
Saturated Fat
0.0g
0.0g
Carbohydrate
11.7g
23.4g
Sugars
11.3g
22.6g
Sodium
9mg
18mg
Vitamin C
15mg
30mg
75% RDI#
Energy (Cal)
47Cal
94Cal
Trans
0.0g
0.0g
* Percentage Daily Intakes are based on an average adult diet of 8700 kJ. Your daily intakes may be higher or lower depending on your energy needs.",,https://www.coles.com.au/product/sunraysia-pouch-99.9percent-tropical-juice-200ml-4159112,,,2024-06-16T13:04:05.268988-04:00
Ind54SColes_ADrinks_SA_IDaily Juice No added Sugar Breakfast Juice | 500mL,Daily Juice No added Sugar Breakfast Juice | 500mL,Daily Juice,Drinks,,,,$3.00,,,$6.00 per 1L,8757058,"With great flavour, no added sugar and packed in a convenient 500ml bottle, Daily Juice Breakfast Juice is the ideal 'on-the-go' pick me up to support your busy lifestyle!

Recharge with Vitamin C, which supports energy and reduces feelings of tiredness and fatigue when consumed as part of a balanced diet. 

Proudly Australian owned, made and loved. 

Contains fresh, reconstituted and from time to time, cold-stored juice. 
No Added Sugar

5 Star Health rating

1 serve of fruit per 125mL of fruit juice. As part of a balanced intake, fruit juice can be a serve of fruit (Australian Dietary Guidelines)

Perfect for breakfast or as a refreshment/snack",,,"Per 100g/ml
Per Serving
%DI
Energy
176kJ
880kJ
10%
Protein
0.4g
2.0g
4%
Total Fat
<1.0g
<1.0g
<1%
Saturated Fat
0.0g
0.0g
0%
Carbohydrate
9.6g
48.0g
15%
Sugars
9.0g
45.0g
50%
Vitamin A
80ug
400ug
53% RDI*
Sodium
2.0mg
10.0mg
<1%
Vitamin C
34mg
170mg
425% RDI*
Energy (Cal)
42Cal
210Cal
Dietary Fibre (total)
0.2g
1.0g
3%
Potassium
140mg
700mg
* Percentage Daily Intakes are based on an average adult diet of 8700 kJ. Your daily intakes may be higher or lower depending on your energy needs.","Orange Juice & Reconstituted Orange Juice (52.8%), Reconstituted Fruit Juices [Apple (38.6%), Pineapple (4.5%), Mango (3%) & Passionfruit (1%)], Vitamin A, Preservative (202), Vitamin C, Flavours, Acidity Regulator (330).",https://www.coles.com.au/product/daily-juice-no-added-sugar-breakfast-juice-500ml-8757058,,,2024-06-16T13:04:16.210544-04:00
Ind54SColes_ADrinks_SA_IDevondale Sparkling Juice Apple | 750mL,Devondale Sparkling Juice Apple | 750mL,Devondale,Drinks,,,,$3.20,,$3.65,$4.27 per 1L,4412622,"Australian owned and made
100% natural
No added sugar, colours or preservatives.
100% Sparkling Juice

100% Natural

No added sugar.

No added colours or preservatives.

Kosher",,,"Per 100g/ml
Per Serving
%DI
Energy
206kJ
515kJ
Protein
0g
0g
Total Fat
0g
0g
Saturated Fat
0g
0g
Carbohydrate
12.1g
30.3g
Sugars
9.7g
24.3g
Sodium
5mg
13mg
Energy (Cal)
49Cal
123Cal
* Percentage Daily Intakes are based on an average adult diet of 8700 kJ. Your daily intakes may be higher or lower depending on your energy needs.",,https://www.coles.com.au/product/devondale-sparkling-juice-apple-750ml-4412622,,,2024-06-16T13:04:27.119004-04:00
Ind54SColes_ADrinks_SAJuice_IOrchy Orange & Passionfruit Juice Chilled | 375mL,Orchy Orange & Passionfruit Juice Chilled | 375mL,Orchy,Drinks,Juice,Chilled juice,,$2.30,,,$6.13 per 1L,7452656,Orchy Orange Passionfruit Pop Top Juice 375mL. Excellent for lunch boxes. Healthy Kids Registered Product. Australian owned.,,,"Per 100g/ml
Per Serving
%DI
Energy
170kJ
638kJ
Protein
0.7g
2.6g
Total Fat
0.2
0.8g
Saturated Fat
<1g
<1g
Carbohydrate
6.6g
33g
Sugars
6.6g
24.8g
Sodium
28mg
105mg
Saturated
0g
0g
Vitamin C
40mg
150mg
375%
Dietary Fibre (total)
0.3g
1.1g
Dietary Fibre
0.3g
1.1g
* Percentage Daily Intakes are based on an average adult diet of 8700 kJ. Your daily intakes may be higher or lower depending on your energy needs.",,https://www.coles.com.au/product/orchy-orange-and-passionfruit-juice-chilled-375ml-7452656,,,2024-06-16T13:04:37.925733-04:00
Ind54SColes_ADrinks_SAJuice_IGolden Circle 100 Percent Apple Blackcurrant Juice | 2L,Golden Circle 100 Percent Apple Blackcurrant Juice | 2L,Golden Circle,Drinks,Juice,Plastic juice bottles,,$3.50,,$4.80,$1.75 per 1L,2044539,"With two favourite juice flavours in one, Golden Circle Apple Blackcurrant Juice is a must have in any fridge. This classic juice is a family favourite and made with no added sugar. Whether you're spending the day at a backyard barbecue, lying by the pool or reading a book in the sun, you're sure to want an ice cold drink to cool you down. Enjoy a glass of Golden Circle Apple Blackcurrant Juice poured over ice, or mix with sparkling water for something a little more exciting. Golden Circle Apple Blackcurrant Juice contains no artificial colours or flavours and is made with no preservatives either. Golden Circle, Share the Sunshine.
No added sugar

No artificial colours or flavours

No preservatives

Tastes great chilled

Mix with sparkling water for a special treat",,,"Per 100g/ml
Per Serving
%DI
Energy
210 kJ
420 kJ
Protein
0.1 g
0.2 g
Total Fat
0 g
0 g
Saturated Fat
0 g
0 g
Carbohydrate
11.6 g
23.2 g
Sugars
11.4 g
22.8 g
Sodium
8 mg
16 mg
Vitamin C
40 mg
80 mg (200% RDI*)
Dietary Fibre (total)
0.2 g
0.4 g
* Percentage Daily Intakes are based on an average adult diet of 8700 kJ. Your daily intakes may be higher or lower depending on your energy needs.",,https://www.coles.com.au/product/golden-circle-100-percent-apple-blackcurrant-juice-2l-2044539,,,2024-06-16T13:04:49.123500-04:00
Ind54SColes_ADrinks_SAJuice_INudie Nothing But 100% Fresh Orange Juice | 1L,Nudie Nothing But 100% Fresh Orange Juice | 1L,Nudie,Drinks,Juice,Chilled juice,,$6.00,,,$6.00 per 1L,8738530,"It's not easy to concentrate, which is why we avoid it at all costs. But some juicers looove to concentrate so much, they use it in their juice! Concentrate is a kind of cryogenically frozen juice that's brought back to life years later by adding water, flavour, sugar and other stuff. Eww! That's why we made nothing but; good, simple, fruit juice - no preservatives, no additives, just Aussie fruit. And because we love to support local farmers and growers - we will always only use Australian oranges, right from our own backyard. What good could we do beyond the juice fridge? creatorsofgood@nudie.com.au
Made with 100% real fruit

No added sugar

No preservatives

No artificial flavours

100% Australian Oranges

100% Australian Fruit.",,,"Per 100g/ml
Per Serving
%DI
Energy
180kJ
450kJ
Protein
Less than 1g
2g
Total Fat
Less than 1g
Less than 1g
Saturated Fat
Less than 1g
Less than 1g
Carbohydrate
10g
25g
Sugars
7.6g
19g
Sodium
Less than 5mg
Less than 5mg
Vitamin C
18mg
Dietary Fibre (total)
Less than 1g
Less than 1g
* Percentage Daily Intakes are based on an average adult diet of 8700 kJ. Your daily intakes may be higher or lower depending on your energy needs.",,https://www.coles.com.au/product/nudie-nothing-but-100percent-fresh-orange-juice-1l-8738530,,,2024-06-16T13:05:00.890431-04:00
Ind54SColes_ADrinks_SA_IArepa Nootropic Brain Drink Lite & Sparkling | 300mL,Arepa Nootropic Brain Drink Lite & Sparkling | 300mL,Arepa,Drinks,,,,$7.00,,,$23.33 per 1L,3986499,"Arepa Nootropic Brain Drink Lite & Sparkling 300mL. Designed to keep you calm and thinking clear, from procrastination, brain fog, stress and mental blocks. Formulated by our world-renowned Neuroscientist. ?repay is based on decades of clinical research along with our own independent studies on our finished formula. 100% Natural, Caffeine-free, Effects you can feel.",,,"Per 100g/ml
Per Serving
%DI
Energy
33kJ
99kJ
Protein
7.9g
23.7g
Total Fat
0.1g
0.3g
Saturated Fat
0g
0g
Carbohydrate
2.3g
6.9g
Sugars
0.6g
1.8g
Sodium
0.5mg
1.5mg
* Percentage Daily Intakes are based on an average adult diet of 8700 kJ. Your daily intakes may be higher or lower depending on your energy needs.",,https://www.coles.com.au/product/arepa-nootropic-brain-drink-lite-and-sparkling-300ml-3986499,,,2024-06-16T13:05:11.890531-04:00
Ind54SColes_ADrinks_SAColes Finest_IColes Finest Orange Juice | 2L,Coles Finest Orange Juice | 2L,Coles,Drinks,Coles Finest,Fruit & Fruit Juice,,$5.20,,,$2.60 per 1L,2690908,"Coles chilled pure Australian orange juice, 2L. Made with 100% Australian oranges and no added sugar. The perfect beverage to start your morning.",,,"Per 100g/ml
Per Serving
%DI
Energy
172.72
431.80
Protein
0.83
2.08
Carbohydrate
9.00
22.50
Sugars
8.20
20.50
Sodium
0.10
0.25
Saturated
0.09
0.23
Vitamin C
20.00
50.00
Energy (Cal)
41.32
103.30
Fat
0.13
0.33
Dietary Fibre (total)
0.10
0.25
* Percentage Daily Intakes are based on an average adult diet of 8700 kJ. Your daily intakes may be higher or lower depending on your energy needs.",,https://www.coles.com.au/product/coles-finest-orange-juice-2l-2690908,,,2024-06-16T13:05:22.808803-04:00
Ind54SColes_ADrinks_SAJuice_ISunraysia Pouch 99.9% Apple Juice | 200mL,Sunraysia Pouch 99.9% Apple Juice | 200mL,Sunraysia,Drinks,Juice,Plastic juice bottles,,$1.50,Pick any 5 for $5.30,,$7.50 per 1L,4158743,"Sunraysia pouches are a wholesome great tasting range of juices with added sugar, no artificial colours, flavours or preservatives. Available in a convenient, durable 200ml single serve pouch that won't split or break. Also great frozen or as a slushie - the perfect addition to any lunchbox.
- 100% Natural.
- Non genetically modified.
- Nothing Artificial.
- No added sugars or preservatives.
- Good Source of Vitamin C.
- 99.9 % Juice.
- BPA Free.
100% Natural

1 Serve of Fruit*

Good Source of Vitamin C

99.9 % Juice, no added sugar

Non genetically modified

Vegetarian & Vegan Friendly.

No artificial colours, flavours or preservatives.

Great Frozen.",,,"Per 100g/ml
Per Serving
%DI
Energy
188kJ
376kJ
Protein
0.2g
0.4g
Total Fat
0.0g
0.0g
Saturated Fat
0.0g
0.0g
Carbohydrate
10.6g
21.2g
Sugars
10.2g
20.4g
Sodium
8mg
16mg
Vitamin C
10mg
20mg
50% RDI#
Energy (Cal)
44Cal
88Cal
Trans
0.0g
0.0g
* Percentage Daily Intakes are based on an average adult diet of 8700 kJ. Your daily intakes may be higher or lower depending on your energy needs.",,https://www.coles.com.au/product/sunraysia-pouch-99.9percent-apple-juice-200ml-4158743,,,2024-06-16T13:05:33.815939-04:00
Ind54SColes_ADrinks_SAJuice_IGolden Circle Summer Berries Fruit Drink LunchBox Multipack Poppers 6x250mL | 6 pack,Golden Circle Summer Berries Fruit Drink LunchBox Multipack Poppers 6x250mL | 6 pack,Golden Circle,Drinks,Juice,Multi pack juice,,$5.10,Pick any 2 for $8,,$3.40 per 1L,2044561,"Golden Circle Summer Berries Fruit Drink. A fruit drink designed to be enjoyed in the sunshine, it contains no artificial colours, flavours or preservatives. Golden Circle Summer Berries Fruit Drink is best served chilled, or frozen into iceblocks. Packaged into convenient single serve cartons, which are perfect for when on the go, whether you're heading to work, school, spending the day at the beach or heading to a picnic at the park. Golden Circle, Share the Sunshine.
No artificial colours

No artificial flavours

No preservatives

Good source of vitamin C

Perfect size for bringing to picnics and beach trips",,,"Per 100g/ml
Per Serving
%DI
Energy
175 kJ
440 kJ
Protein
0 g
0 g
Total Fat
0 g
0 g
Saturated Fat
0 g
0 g
Carbohydrate
9.8 g
24.5 g
Sugars
9.8 g
24.5 g
Sodium
8 mg
20 mg
Vitamin C
16 mg
40 mg (100% RDI*)
16 mg
* Percentage Daily Intakes are based on an average adult diet of 8700 kJ. Your daily intakes may be higher or lower depending on your energy needs.",,https://www.coles.com.au/product/golden-circle-summer-berries-fruit-drink-lunchbox-multipack-poppers-6x250ml-6-pack-2044561,,,2024-06-16T13:05:46.112113-04:00
Ind54SColes_ADrinks_SA_IOriginal Juice Co Veggie Goodness Juice Beetroot | 1L,Original Juice Co Veggie Goodness Juice Beetroot | 1L,Original Juice Co,Drinks,,,,$6.00,,,$6.00 per 1L,6278520,"Loaded with highly nutritious purple carrot and beetroot, the sweetness of cloudy pear and the full bodied flavour of pumpkin juice, this smooth, deep blend delivers 2.3 delicious serves of veg per 250ml.",,,"Per 100g/ml
Per Serving
%DI
Energy
191kJ
478kJ
Protein
1g
2.5g
Total Fat
0.3g
0.8g
Saturated Fat
0.1g
0.2g
Carbohydrate
9.2g
23.1g
Sugars
7.2g
17.9g
Sodium
26mg
64mg
* Percentage Daily Intakes are based on an average adult diet of 8700 kJ. Your daily intakes may be higher or lower depending on your energy needs.",,https://www.coles.com.au/product/original-juice-co-veggie-goodness-juice-beetroot-1l-6278520,,,2024-06-16T13:05:57.850415-04:00
Ind54SColes_ADrinks_SAJuice_IPrima Tropical Fruit Drink Multipack 200mL | 6 pack,Prima Tropical Fruit Drink Multipack 200mL | 6 pack,Prima,Drinks,Juice,Multi pack juice,,$4.10,,,"$3.42 per 1L
Was $4.60 on Apr 2024",3530292,"Enjoy Prima Tropical 200mL on the go or at home. As an accompaniment to lunch or an afternoon pick me up! With no preservatives or artificial colours or flavours. Available in a 6 pack of 200mL juice boxes.
20% fruit juice

No added sugar

No preservatives

No artificial colour

No artificial flavours

Convenient pack size.

6 x 200mL Packs.",,,"Per 100g/ml
Per Serving
%DI
Energy
83kJ
166kJ
Protein
0.1g
0.2g
Total Fat
0.0g
0.0g
Saturated Fat
0.0g
0.0g
Carbohydrate
4.7g
9.4g
Sugars
1.7g
3.4g
Sodium
2mg
4mg
Dietary Fibre (total)
0.0g
0.0g
* Percentage Daily Intakes are based on an average adult diet of 8700 kJ. Your daily intakes may be higher or lower depending on your energy needs.",,https://www.coles.com.au/product/prima-tropical-fruit-drink-multipack-200ml-6-pack-3530292,,,2024-06-16T13:06:08.661858-04:00
Ind54SColes_ADrinks_SAJuice_IJust Juice Apple Blackcurrant Juice Multipack 200mL | 6 pack,Just Juice Apple Blackcurrant Juice Multipack 200mL | 6 pack,Just Juice,Drinks,Juice,Multi pack juice,,$5.50,,$6.30,$4.58 per 1L,5001248,"No added sugar
- High in Vitamin C
- No Preservatives
- No Artificial Colours or Flavours
- 1 Serve of Fruit per 125mL (as part of a balanced intake, fruit juice can be a serve of fruit (Australian Dietary Guidelines)).
No Added Sugar

High in Vitamin C

No Preservatives

No Artificial Colours

No Artificial Flavours

Convenient 1L pack.",,,"Per 100g/ml
Per Serving
%DI
Energy
185kJ
370kJ
4%
Protein
<1.0g
<1.0g
<1%
Total Fat
<1.0g
<1.0g
<1%
Saturated Fat
0.0g
0.0g
0%
Carbohydrate
10.5g
21.0g
7%
Sugars
10.1g
10.2g
22%
Sodium
8mg
16mg
1%
Vitamin C
10mg
20.0mg
50% RDI#
Dietary Fibre (total)
0.1
0.2g
1%
* Percentage Daily Intakes are based on an average adult diet of 8700 kJ. Your daily intakes may be higher or lower depending on your energy needs.",,https://www.coles.com.au/product/just-juice-apple-blackcurrant-juice-multipack-200ml-6-pack-5001248,,,2024-06-16T13:06:19.611519-04:00
Ind54SColes_ADrinks_SA_IExpo Whiteboard Markers Fine Tip | 8 pack,Expo Whiteboard Markers Fine Tip | 8 pack,Expo,Drinks,,,,$10.80,,$18.00,$1.35 per 1ea,3887329,"Fine tip assorted whiteboard markers are suitable for everyday office, home and school use. 8 pack.",,,,,https://www.coles.com.au/product/expo-whiteboard-markers-fine-tip-8-pack-3887329,,,2024-06-16T13:06:28.493457-04:00
Ind54SColes_ADrinks_SAJuice_ISunraysia Prune Juice Bottle | 250mL,Sunraysia Prune Juice Bottle | 250mL,Sunraysia,Drinks,Juice,Glass juice bottles,,$2.70,,$3.20,$10.80 per 1L,5051042,"All Natural.

Nothing artificial. 

Put the Spring Back in Your Step!

Prunes are a well-known remedy for keeping your digestive system running at its best; potassium, which contributes to normal nervous system function and iron which contributes to normal cognitive function. Like good wine, our prune juices vary from season to season - as it's all natural!
100% Juice

All Natural

Source of Iron

Source of Fibre, Gut Health Boost

Naturally contains potassium

No added sugar.

No Artificial Colours.

No artificial Flavours.",,,"Per 100g/ml
Per Serving
%DI
Energy
272kJ
680kJ
Protein
0.0g
0.0g
Total Fat
0.0g
0.0g
Saturated Fat
0.0g
0.0g
Carbohydrate
15.3g
38.3g
Sugars
8.0g
20.0g
Sodium
13mg
33mg
Energy (Cal)
65Cal
162Cal
Dietary Fibre (total)
1.0g
2.5g
Iron
1.2mg
3.0mg
Potassium
270mg
675mg
Trans
0.0g
0.0g
* Percentage Daily Intakes are based on an average adult diet of 8700 kJ. Your daily intakes may be higher or lower depending on your energy needs.",,https://www.coles.com.au/product/sunraysia-prune-juice-bottle-250ml-5051042,,,2024-06-16T13:06:39.318027-04:00
Ind54SColes_ADrinks_SAJuice_IMildura Juice Apple Guava | 3L,Mildura Juice Apple Guava | 3L,Mildura,Drinks,Juice,Chilled juice,,$5.80,,,$1.93 per 1L,7680560,,,,,,https://www.coles.com.au/product/mildura-juice-apple-guava-3l-7680560,,,2024-06-16T13:06:48.051594-04:00
Ind54SColes_ADrinks_SAJuice_IFruit Co Juice Plus + 10 Fruits | 2L,Fruit Co Juice Plus + 10 Fruits | 2L,Fruit Co,Drinks,Juice,Plastic juice bottles,,$3.50,,,$1.75 per 1L,3752283,"Made from 99% Juice and enriched with the goodness of Vitamin C and Fibre, FruitCo Juice is the perfect juice for any occasion. FruitCo Juice comes in a convenient and ergonomic 2L PET grip bottle.",,,"Per 100g/ml
Per Serving
%DI
Energy
187kJ
468kJ
6%
Protein
<1g
<1g
1%
Total Fat
<1g
<1g
1%
Saturated Fat
<1g
<1g
1%
Carbohydrate
11g
27.5g
9%
Sugars
10.7g
26.8g
30%
Sodium
5mg
13mg
1%
Vitamin C
10mg
25mg
0%
Dietary Fibre (total)
<1g
<1g
8%
* Percentage Daily Intakes are based on an average adult diet of 8700 kJ. Your daily intakes may be higher or lower depending on your energy needs.",,https://www.coles.com.au/product/fruit-co-juice-plus-+-10-fruits-2l-3752283,,,2024-06-16T13:06:59.100442-04:00
Ind54SColes_ADrinks_SAJuice_IYoufoodz Youjuice Pink Oasis | 1L,Youfoodz Youjuice Pink Oasis | 1L,Youfoodz,Drinks,Juice,Chilled juice,,$5.20,,$5.80,$5.20 per 1L,7019357,"Escape to pink paradise with a refreshingly sweet blend of guava + apple + strawberry. Plus, added Vitamin C to boost your wellbeing*. Now available in 1 litre to be shared around, and enjoyed sip after sip!Squeezed full of real Aussie fruit & veg. No added sugar, artificial colours, flavours, or preservatives.*Vitamin C contributes to normal immune system function in the context of a healthy diet involving the consumption of a variety of foods.",,,"Per 100g/ml
Per Serving
%DI
Energy
199kJ
496kJ
Protein
Less than 1g
Less than 1g
Total Fat
Less than 1g
Less than 1g
Saturated Fat
Less than 1g
Less than 1g
Carbohydrate
11.2g
28.0g
Sugars
11.2g
28.0g
Sodium
Less than 5mg
Less than 5mg
Vitamin C
15.0mg
37.4mg
Energy (Cal)
47Cal
119Cal
* Percentage Daily Intakes are based on an average adult diet of 8700 kJ. Your daily intakes may be higher or lower depending on your energy needs.",,https://www.coles.com.au/product/youfoodz-youjuice-pink-oasis-1l-7019357,,,2024-06-16T13:07:10.233281-04:00
Ind54SColes_ADrinks_SAJuice_INudie Nothing But Apple Juice | 3L,Nudie Nothing But Apple Juice | 3L,Nudie,Drinks,Juice,Chilled juice,,$10.00,,,$3.33 per 1L,3184704,"Our mission: To create good. Simple enough, but where do you start? We got going on our local juice aisle. It was 2003 and we couldn't find ANY juices free from concentrates, preservatives, colours or artificial flavours. So we decided to create good ourselves, blending fruit (and only fruit) and bottling it up for lovers of legitimate fruity goodness. Since then, we've created good with Aussie farmers, local communities, charities and sports teams. When the opportunity to create good arises, so do we! Mission Accomplish-ing. Got some good you want to see created? Tell us! creatorsofgood@nudie.com.au
100% Australian fruit
No added sugar
No preservatives
No artificial flavours
No concentrates",,,"Per 100g/ml
Per Serving
%DI
Energy
211kJ
528kJ
Protein
Less than 1g
Less than 1g
Total Fat
Less than 1g
Less than 1g
Saturated Fat
Less than 1g
Less than 1g
Carbohydrate
12.3g
30.7g
Sugars
10.8g
27g
Sodium
Less than 5mg
Less than 5mg
Dietary Fibre (total)
Less than 1g
Less than 1g
* Percentage Daily Intakes are based on an average adult diet of 8700 kJ. Your daily intakes may be higher or lower depending on your energy needs.",,https://www.coles.com.au/product/nudie-nothing-but-apple-juice-3l-3184704,,,2024-06-16T13:07:21.283201-04:00
Ind54SColes_ADrinks_SAJuice_ISunraysia Pouch 99.9% Apple & Blackcurrent Juice | 200mL,Sunraysia Pouch 99.9% Apple & Blackcurrent Juice | 200mL,Sunraysia,Drinks,Juice,Plastic juice bottles,,$1.50,Pick any 5 for $5.30,,$7.50 per 1L,4158958,"Sunraysia pouches are a wholesome great tasting range of juices with added sugar, no artificial colours, flavours or preservatives. Available in a convenient, durable 200ml single serve pouch that won't split or break. Also great frozen or as a slushie - the perfect addition to any lunchbox.
- 100% Natural.
- Non genetically modified.
- Nothing Artificial.
- No added sugars or preservatives.
- 99.9 % Juice.
- BPA Free.
100% Natural

1 Serve of Fruit*

99.9 % Juice, no added sugar

Non genetically modified

Vegetarian & Vegan Friendly

No artificial colours, flavours or preservatives.

Great Frozen.",,,"Per 100g/ml
Per Serving
%DI
Energy
203kJ
406kJ
Protein
0.0g
0.0g
Total Fat
0.0g
0.0g
Saturated Fat
0.0g
0.0g
Carbohydrate
11.9g
23.8g
Sugars
11.4g
22.8g
Sodium
7mg
14mg
Energy (Cal)
49Cal
98Cal
Trans
0.0g
0.0g
* Percentage Daily Intakes are based on an average adult diet of 8700 kJ. Your daily intakes may be higher or lower depending on your energy needs.",,https://www.coles.com.au/product/sunraysia-pouch-99.9percent-apple-and-blackcurrent-juice-200ml-4158958,,,2024-06-16T13:07:32.976883-04:00
Ind54SColes_ADrinks_SA_IBoost Energy Lift Juice Chilled | 1L,Boost Energy Lift Juice Chilled | 1L,Boost,Drinks,,,,$6.20,,,$6.20 per 1L,4866812,"Boost Energy Lift Juice is a blend of pear, orange, mango, pineapple, and apple, perfect as a refreshing drink to go with your meals or for during an afternoon break.
It has the tastiest infusions, deliciously thirst-quenching for everyone to enjoy.",,,"Per 100g/ml
Per Serving
%DI
Energy
197kJ
394kJ
Protein
0.4g
0.8g
Total Fat
<0.1g
<0.1g
Saturated Fat
<0.1g
<0.1g
Carbohydrate
10.8g
21.6g
Sugars
10g
20g
Vitamin A
100ug
200ug
25%
Sodium
<1mg
<1mg
Vitamin C
50mg
100mg
250%
Dietary Fibre (total)
0.7g
1.4g
* Percentage Daily Intakes are based on an average adult diet of 8700 kJ. Your daily intakes may be higher or lower depending on your energy needs.",,https://www.coles.com.au/product/boost-energy-lift-juice-chilled-1l-4866812,,,2024-06-16T13:07:43.816133-04:00
Ind54SColes_ADrinks_SA_ISunraysia Prune Juice Bottle | 1L,Sunraysia Prune Juice Bottle | 1L,Sunraysia,Drinks,,,,$5.50,,$6.50,$5.50 per 1L,1386118,"All Natural.

Nothing artificial. 

Put the Spring Back in Your Step!

Prunes are a well-known remedy for keeping your digestive system running at its best; potassium, which contributes to normal nervous system function and iron which contributes to normal cognitive function. Like good wine, our prune juices vary from season to season - as it's all natural!
100% Juice

All Natural

Source of Iron

Source of Fibre, Gut Health Boost

Naturally contains potassium

No added sugar.

No Artificial Colours.

No artificial Flavours.",,,"Per 100g/ml
Per Serving
%DI
Energy
272kJ
680kJ
Protein
0.0g
0.0g
Total Fat
0.0g
0.0g
Saturated Fat
0.0g
0.0g
Carbohydrate
15.3g
38.3g
Sugars
8.0g
20.0g
Sodium
13mg
33mg
Energy (Cal)
65Cal
162Cal
Dietary Fibre (total)
1.0g
2.5g
Iron
1.2mg
3.0mg
Potassium
270mg
675mg
Trans
0.0g
0.0g
* Percentage Daily Intakes are based on an average adult diet of 8700 kJ. Your daily intakes may be higher or lower depending on your energy needs.",,https://www.coles.com.au/product/sunraysia-prune-juice-bottle-1l-1386118,,,2024-06-16T13:07:54.786365-04:00
Ind54SColes_ADrinks_SALong-Life Milk_IOatly Oat Milk Barista Edition | 1L,Oatly Oat Milk Barista Edition | 1L,Oatly,Drinks,Long-Life Milk,Oat & Rice Milks,,$4.40,,$5.50,$4.40 per 1L,3488980,"Here you are reading about Barista Edition oat milk. That's a great start. If you happen to be a barista you will want to know that liquid oats aren't overly sweet or excessively heavy. What they are is fully foamable putting you in total control over the density and performance of your foam so you can showcase your latte art skillz, sorry, we mean skills.You should probably give it a try and see what you think.
If you don't happen to be a barista, that's cool. Just heat this Barista Edition oat milk in a container while giving it a whirl until it foams up nicely and then pour yourself an oat latte. And if you don't feel like a latte you will be happy to know that this product tastes just as amazing if you drink it straight or pour it on your granola or put it to work with your cooking skills. But let's keep that to us non-baristas, okay?
100% cool for vegans. Free from dairy and soy.",,,"Per 100g/ml
Per Serving
%DI
Energy
247kJ
617kJ
Protein
1g
2.5g
Total Fat
3g
7.5g
Saturated Fat
0.3g
0.8g
Carbohydrate
6.6g
16.5g
Sugars
4g
10g
Vitamin B2
0.2mg
0.5mg
31%
Calcium
120mg
300mg
37%
Sodium
42mg
105mg
Dietary Fibre (total)
0.8g
2g
Vitamin B12
0.4ug
1ug
48%
Potassium
222mg
555mg
* Percentage Daily Intakes are based on an average adult diet of 8700 kJ. Your daily intakes may be higher or lower depending on your energy needs.",,https://www.coles.com.au/product/oatly-oat-milk-barista-edition-1l-3488980,,,2024-06-16T13:10:11.279487-04:00
Ind54SColes_ADrinks_SALong Life-Milk_IAustralia's Own A2 Protein Full Cream Milk | 1L,Australia's Own A2 Protein Full Cream Milk | 1L,Australias Own,Drinks,Long Life-Milk,Long-Life-Milk,,$2.80,,,$2.80 per 1L,3179680,"Our milk owes its goodness to the land and its caretakers.

We source our milk from trusted Australian dairy farmers, then test it ourselves to ensure that it contains the A2 Protein type, and not A1.

No Added Permeate.

Australia's Own is proudly part of the Noumi Limited family of brands.

 Full Cream

Naturally A1 Protein Free

No Added Permeate",,,"Per 100g/ml
Per Serving
%DI
Energy
264
659
8
Protein
3.3
8.3
17
Total Fat
3.4
8.5
12
Saturated Fat
2.3
5.7
24
Carbohydrate
4.8
12.0
4
Sugars
4.8
12.0
13
Calcium
120
300
38
Sodium
40mg
100mg
4
Energy (Cal)
63
158
* Percentage Daily Intakes are based on an average adult diet of 8700 kJ. Your daily intakes may be higher or lower depending on your energy needs.",,https://www.coles.com.au/product/australia's-own-a2-protein-full-cream-milk-1l-3179680,,,2024-06-16T13:10:22.335357-04:00
Ind54SColes_ADrinks_SALong Life-Milk_IColes Full Cream Milk Powder | 1kg,Coles Full Cream Milk Powder | 1kg,Coles,Drinks,Long Life-Milk,Powdered Long Life Milk,,$10.00,,,$1.00 per 100g,7910535,Coles Milk Powder Full Cream 1 Kg a versatile product with many uses and allows you to make your own milk,,,"Per 100g/ml
Per Serving
%DI
Energy
292.30
730.75
Protein
3.40
8.50
Total Fat
3.70
9.25
Carbohydrate
5.60
14.00
Sugars
5.60
14.00
Calcium
125.00
312.50
Sodium
36.00
90.00
Saturated
2.50
6.25
Energy (Cal)
69.93
174.82
Dietary Fibre (total)
0.30
0.75
Potassium
151.00
377.50
* Percentage Daily Intakes are based on an average adult diet of 8700 kJ. Your daily intakes may be higher or lower depending on your energy needs.",,https://www.coles.com.au/product/coles-full-cream-milk-powder-1kg-7910535,,,2024-06-16T13:10:33.238292-04:00
Ind54SColes_ADrinks_SALong Life-Milk_ISanitarium So Good Almond Vanilla Long Life Milk | 1L,Sanitarium So Good Almond Vanilla Long Life Milk | 1L,Sanitarium,Drinks,Long Life-Milk,Almond Long Life Milk,,$2.00,,$3.20,$2.00 per 1L,1760101,"So Good Vanilla Almond Milk has a smooth and creamy taste with a hint of vanilla flavour.

It's also high in calcium with added vitamins and minerals.

It's delicious straight from the glass, added to your favourite smoothie blend, or used in baking.

Aussie Made

High in Calcium

Vitamins B12 + B2 + E
No Artificial Colours or Flavours

No Lactose

No Gluten

No Cholesterol

No Dairy",,,"Per 100g/ml
Per Serving
%DI
Energy
143kJ
357kJ
Protein
0.5g
1.3g
Total Fat
1.3g
3.2g
Saturated Fat
0.1g
0.3g
Carbohydrate
5.0g
12.4g
Sugars
4.8g
12.1g
Vitamin B2
0.17mg
0.43mg
25%
Calcium
120mg
300mg
37%
Vitamin B12
0.4ug
1.0ug
50%
Cholesterol
0.0mg
0.0mg
Lactose
0.0g
0.0g
Sodium
32mg
79mg
Vitamin E
0.6mg
1.5mg
15%
Monounsaturated
0.8g
2.0g
Energy (Cal)
34Cal
85Cal
Dietary Fibre (total)
0.2g
0.6g
Polyunsaturated
0.4g
0.9g
Galactose
0.0g
0.0g
Gluten
Not Detected
Not Detected
Potassium
16mg
41mg
Trans
0.0g
0.0g
* Percentage Daily Intakes are based on an average adult diet of 8700 kJ. Your daily intakes may be higher or lower depending on your energy needs.",,https://www.coles.com.au/product/sanitarium-so-good-almond-vanilla-long-life-milk-1l-1760101,,,2024-06-16T13:10:44.029736-04:00
Ind54SColes_ADrinks_SALong Life-Milk_IMinor Figures Everyday Oat Milk Barista | 1L,Minor Figures Everyday Oat Milk Barista | 1L,Minor Figures,Drinks,Long Life-Milk,Long-Life Flavoured Milk,,$3.90,Buy 2 for $6,,$3.90 per 1L,6522621,"Better for your coffee. Better for the planet. Minor Figures Oat Milk is formulated by baristas, for baristas.",,,"Per 100g/ml
Per Serving
%DI
Energy
205kJ
410kJ
Protein
0.2g
0.4g
Total Fat
2.1g
4.2g
Saturated Fat
0.2g
0.4g
Carbohydrate
7.1g
14.2g
Sugars
3.4g
6.8g
Calcium
120mg
240mg
15%
Sodium
45mg
90mg
* Percentage Daily Intakes are based on an average adult diet of 8700 kJ. Your daily intakes may be higher or lower depending on your energy needs.",,https://www.coles.com.au/product/minor-figures-everyday-oat-milk-barista-1l-6522621,,,2024-06-16T13:10:58.161248-04:00
Ind54SColes_ADrinks_SALong Life-Milk_IOak Uht Flavoured Miilk Chocolate 6x200mL | 6 pack,Oak Uht Flavoured Miilk Chocolate 6x200mL | 6 pack,Oak,Drinks,Long Life-Milk,Long-Life Flavoured Milk,,$6.50,,$7.50,$5.42 per 1L,7749815,"OAK really hits the spot when you're hungrythirsty. With over 50 years' experience and a choice of creamy and authentic flavours, OAK is always the answer.
Source of protein

High in calcium",,,"Per 100g/ml
Per Serving
%DI
Energy
360 kJ
720 kJ
Protein
3.6 g
7.2 g
Total Fat
2.0 g
4.0 g
Saturated Fat
1.3 g
2.6 g
Carbohydrate
13.1 g
26.2 g
Sugars
12.2 g
24.2 g
Calcium
115 mg
230 mg
29%
Sodium
51 mg
102 mg
* Percentage Daily Intakes are based on an average adult diet of 8700 kJ. Your daily intakes may be higher or lower depending on your energy needs.",,https://www.coles.com.au/product/oak-uht-flavoured-miilk-chocolate-6x200ml-6-pack-7749815,,,2024-06-16T13:11:09.481095-04:00
Ind54SColes_ADrinks_SA_IDevondale Moo Vanilla 6X200Ml | 6 pack,Devondale Moo Vanilla 6X200Ml | 6 pack,Devondale,Drinks,,,,$7.45,,,$6.21 per 1L,6538585,"Delicious Devondale Moo Vanilla Flavoured Milk is made with the natural goodness of full cream milk. Packed in a convenient lunch box friendly stay-fresh UHT pack, kids will love the creamy taste of Devondale Moo when they are on-the-go.- High in calcium- A source of protein - No added artificial colours or flavours- Convenient lunchbox multipack- Long life UHT Milk",,,"Per 100g/ml
Per Serving
%DI
Energy
340kJ
680kJ
Protein
3.2g
6.4g
Total Fat
3.4g
6.8g
Saturated Fat
2.3g
4.6g
Carbohydrate
9.4g
18.8g
Sugars
9.3g
18.6g
Calcium
110mg
220mg
28%
Sodium
37mg
74mg
* Percentage Daily Intakes are based on an average adult diet of 8700 kJ. Your daily intakes may be higher or lower depending on your energy needs.",,https://www.coles.com.au/product/devondale-moo-vanilla-6x200ml-6-pack-6538585,,,2024-06-16T13:11:20.313159-04:00
Ind54SColes_ADrinks_SA_IBonsoy Soy Milk | 1L,Bonsoy Soy Milk | 1L,Bonsoy,Drinks,,,,$4.50,,,$4.50 per 1L,5357053,"Bonsoy has been doing it better since 83. While health fads come and go, and those hitching onto the vegan/health train have well and truly left the station, our commitment to quality, all-natural soy milk hasnt changed. Weve earned our place in the hearts, homes and businesses of our fans around the world (even on the bodies of several Bonsoy tattoo-sporting fanatics). We know because you tell us. You might love us because we use whole, certified vegan organic soybeans. And because lifes sweet enough already, we dont do artificial sweeteners. Plant-based, non-genetically modified food isnt a fad. At Bonsoy its our past, present and future. We humbly suggest it ought to be part of yours, too.",,,"Per 100g/ml
Per Serving
%DI
Energy
241kJ
483kJ
Protein
4.1g
8.2g
Total Fat
2.2g
4.4g
Saturated Fat
0.3g
0.6g
Carbohydrate
5.5g
11g
Sugars
2.2g
4.4g
Sodium
47mg
94mg
* Percentage Daily Intakes are based on an average adult diet of 8700 kJ. Your daily intakes may be higher or lower depending on your energy needs.",,https://www.coles.com.au/product/bonsoy-soy-milk-1l-5357053,,,2024-06-16T13:11:31.402836-04:00
Ind54SColes_ADrinks_SALong Life-Milk_ISanitarium So Good Barista Oat Uht Milk | 1L,Sanitarium So Good Barista Oat Uht Milk | 1L,Sanitarium,Drinks,Long Life-Milk,Long-Life Flavoured Milk,,$3.00,,$4.00,$3.00 per 1L,5318947,"So Good has worked with baristas to develop the ideal formulation, so you get that cafe quality experience in the comfort of your own home.

Aussie Made

High in Calcium

Vitamins B12 + B2 + A
No Artificial Colours or Flavours

No Lactose

No Cholesterol

No Dairy",,,"Per 100g/ml
Per Serving
%DI
Energy
239kJ
598kJ
Protein
1.0g
2.5g
Total Fat
3.1g
7.7g
Saturated Fat
0.4g
1.0g
Carbohydrate
6.0g
15.1g
Sugars
2.0g
5.1g
Vitamin B2
0.17mg
0.43mg
25%
Calcium
120mg
300mg
37%
Vitamin B12
0.4ug
1.0ug
50%
Cholesterol
0.0mg
0.0mg
Vitamin A
40ug
100ug
13%
Lactose
0.0g
0.0g
Sodium
41mg
102mg
Monounsaturated
1.3g
3.3g
Energy (Cal)
57Cal
143Cal
Dietary Fibre (total)
0.6g
1.6g
Polyunsaturated
1.4g
3.4g
Galactose
0.0g
0.0g
Potassium
237mg
593mg
Trans
0.0g
0.0g
* Percentage Daily Intakes are based on an average adult diet of 8700 kJ. Your daily intakes may be higher or lower depending on your energy needs.",,https://www.coles.com.au/product/sanitarium-so-good-barista-oat-uht-milk-1l-5318947,,,2024-06-16T13:11:42.446079-04:00
Ind54SColes_ADrinks_SALong Life-Milk_IAustralia's Own Cholesterol Lowering Milk | 1L,Australia's Own Cholesterol Lowering Milk | 1L,Australias Own,Drinks,Long Life-Milk,Long-Life-Milk,,$2.80,,,$2.80 per 1L,6506589,"Get your daily dose of plant sterols with Australia's Own and say goodbye to high cholesterol*.
Switch to a healthier option and enjoy fresh tasting dairy milk that is:

 Low fat
 98 % fat free
 Low in sodium
 Source of protein
 High in calcium
 5 Health Star rated
Available at Woolworths in the long-life milk section.

* One serve contains 0.8g plant sterols, which helps lower cholesterol as part of a healthy and varied diet low in saturated fat and containing 2g plant sterols a day. See pack for more information.

As we age, we are more likely to develop high cholesterol which may lead to heart disease.

Research shows that having foods or drinks enriched with plant sterols can help reduce LDL cholesterol levels, known as the “bad” cholesterol, which is associated with increased risk of heart disease^.

Milk is also a nutrient powerhouse, including protein, calcium and potassium, which can help support overall health and wellness.

^Ras, et al. Br J Nutr, 2014. 112(2): 214-9
What are plant sterols?
Plant sterols are naturally present in plants and have been scientifically proven to help lower total and LDL (Low-density lipoprotein) cholesterol by blocking the absorption of dietary cholesterol in the digestive system.
We have simply added the power of plant sterols to a 5 Health Star rated low fat milk which makes it a convenient and efficient way to take good care of your cholesterol each and everyday.
Lowers Cholesterol

98% fat free

Low in sodium

Source of protein

High in calcium

5 Health Star rated.",,,"Per 100g/ml
Per Serving
%DI
Energy
177
442
5
Protein
3.3
8.2
16
Total Fat
1.1
2.6
4
Saturated Fat
0.6
1.4
6
Carbohydrate
4.8
12.0
4
Sugars
4.8
12.0
13
Calcium
120mg
300
38
Lactose
4.8
12.0
Sodium
40mg
100mg
4
Monounsaturated
0.2
0.5
Energy (Cal)
42
106
5
Dietary Fibre (total)
0.0
0.0
0
Polyunsaturated
0.2
0.5
Trans
0.1
0.3
* Percentage Daily Intakes are based on an average adult diet of 8700 kJ. Your daily intakes may be higher or lower depending on your energy needs.","Skim Milk, Plant Sterol Ester (Plant Sterols 0.32%), Emulsifier (471)",https://www.coles.com.au/product/australia's-own-cholesterol-lowering-milk-1l-6506589,,,2024-06-16T13:11:54.897996-04:00
Ind54SColes_ADrinks_SA_IDevondale Moo Chocolate Flavoured Multipack Milk 200mL | 6 pack,Devondale Moo Chocolate Flavoured Multipack Milk 200mL | 6 pack,Devondale,Drinks,,,,$6.50,,$7.45,$5.42 per 1L,1262240,"Delicious Devondale Moo Chocolate Flavoured Milk is made with the natural goodness of full cream milk. Packed in a convenient lunch box friendly stay-fresh UHT pack, kids will love the creamy taste of Devondale Moo when they are on-the-go.- High in calcium- A source of protein - No added artificial colours or flavours- Convenient lunchbox multipack- Long life UHT Milk",,,"Per 100g/ml
Per Serving
%DI
Energy
333kJ
666kJ
Protein
3g
6g
Total Fat
3.4g
6.8g
Saturated Fat
2.3g
4.6g
Carbohydrate
9.2g
18.4g
Sugars
9.1g
18.2g
Calcium
104mg
208mg
26%
Sodium
50mg
100mg
* Percentage Daily Intakes are based on an average adult diet of 8700 kJ. Your daily intakes may be higher or lower depending on your energy needs.",,https://www.coles.com.au/product/devondale-moo-chocolate-flavoured-multipack-milk-200ml-6-pack-1262240,,,2024-06-16T13:12:05.754655-04:00
Ind54SColes_ADrinks_SALong Life-Milk_IColes Australian Skim Long Life Milk | 1L,Coles Australian Skim Long Life Milk | 1L,Coles,Drinks,Long Life-Milk,Long-Life-Milk,,$1.60,,,$1.60 per 1L,7667244,"Better Together with Australian Farmers The hard work and dedicated spirit of dairy farmers is embedded in the fabric of our country. That's why Coles is proud to directly partner with dairy farmers in New South Wales offering longer term agreements and helping farmers better plan for their future. We know each and every farmer we source our milk from and that's what makes us better together. The fresh, creamy goodness of milk is a source of protein and is rich in calcium for healthy teeth and bones. Enjoy the nourishment of Coles milk every day",,,"Per 100g/ml
Per Serving
%DI
Energy
141
354
4
Protein
3.3
8.3
17
Total Fat
LESS THAN 1g
LESS THAN 1g
0
Carbohydrate
4.8
12.0
4
Sugars
5
12.5
Calcium
120
300
Sodium
40
100
4
Saturated
0.1
0.25
Energy (Cal)
33.83
84.57
Fat
0.1
0.25
Dietary Fibre (total)
0
0
Potassium
149
372.5
* Percentage Daily Intakes are based on an average adult diet of 8700 kJ. Your daily intakes may be higher or lower depending on your energy needs.",,https://www.coles.com.au/product/coles-australian-skim-long-life-milk-1l-7667244,,,2024-06-16T13:12:17.117697-04:00
Ind54SColes_ADrinks_SALong Life-Milk_ISanitarium So Good Long Life Original Almond Milk | 1L,Sanitarium So Good Long Life Original Almond Milk | 1L,Sanitarium,Drinks,Long Life-Milk,Almond Long Life Milk,,$2.00,,$2.90,$2.00 per 1L,9089036,"So Good Almond Milk has a subtly sweet and nutty taste that's perfect with cereal, in a smoothie, or added to your favourite desserts and baking.

We're proud to use Australian almonds (supporting our local farming communities), which are roasted and churned into butter, making a delicious and nutritious nut milk.

Aussie Made

High in Calcium

Vitamins B12 + B2 + E
No Artificial Colours or Flavours

No Lactose

No Gluten

No Cholesterol

No Dairy",,,"Per 100g/ml
Per Serving
%DI
Energy
123kJ
308kJ
Protein
0.6g
1.4g
Total Fat
1.4g
3.4g
Saturated Fat
0.1g
0.3g
Carbohydrate
3.6g
9.0g
Sugars
3.4g
8.6g
Vitamin B2
0.17mg
0.43mg
25%
Calcium
120mg
300mg
37%
Vitamin B12
0.4ug
1.0ug
50%
Cholesterol
0.0mg
0.0mg
Lactose
0.0g
0.0g
Sodium
32mg
80mg
Vitamin E
0.6mg
1.5mg
15%
Monounsaturated
0.9g
2.2g
Energy (Cal)
29Cal
74Cal
Dietary Fibre (total)
0.3g
0.7g
Polyunsaturated
0.4g
1.0g
Galactose
0.0g
0.0g
Gluten
Not Detected
Not Detected
Potassium
19mg
48mg
Trans
0.0g
0.0g
* Percentage Daily Intakes are based on an average adult diet of 8700 kJ. Your daily intakes may be higher or lower depending on your energy needs.",,https://www.coles.com.au/product/sanitarium-so-good-long-life-original-almond-milk-1l-9089036,,,2024-06-16T13:12:27.955662-04:00
Ind54SColes_ADrinks_SALong Life-Milk_IPureharvest Organic Malt Free Long Life Soy Drink | 1L,Pureharvest Organic Malt Free Long Life Soy Drink | 1L,Pureharvest,Drinks,Long Life-Milk,Organic Long Life Milk,,$2.00,,,$2.00 per 1L,9553971,"Organic Soy Unsweetened is a delicious soy milk made using only certified organic whole soy beans. This product is completely unsweetened - it's made without cane sugar, maltodextrin, or any other artificial sweetener.

Our Organic Soy milks are creamy & nutritious due to being made from at least 15% whole organic soy beans. That means no soy flour, no soy isolates, and no emulsifiers or preservatives. Just simple organic ingredients produced right here in Australia.
Organic

Unsweetened

Gluten Free

No additives

No GMOs

No artificial colours or flavours.

No preservatives.",,,"Per 100g/ml
Per Serving
%DI
Energy
202
505
Protein
3.0
7.5
Total Fat
3.4
8.5
Saturated Fat
0.40g
1.0
Carbohydrate
1.5
3.8
Sugars
0.80g
2.0
Calcium
120mg
300mg
Sodium
15mg
38
Monounsaturated
1.8
4.5
Dietary Fibre (total)
<1
<1
Polyunsaturated
1.20g
3.0
Trans
Not Detected
Not Detected
* Percentage Daily Intakes are based on an average adult diet of 8700 kJ. Your daily intakes may be higher or lower depending on your energy needs.","Filtered Water, Organic Whole Soy Beans (Min 15%), Organic Hi Oleic Sunflower Oil, Plant Calcium, Sea Salt.",https://www.coles.com.au/product/pureharvest-organic-malt-free-long-life-soy-drink-1l-9553971,,,2024-06-16T13:12:38.838255-04:00
Ind54SColes_ADrinks_SALong Life-Milk_IBonsoy Almond Milk | 1L,Bonsoy Almond Milk | 1L,Bonsoy,Drinks,Long Life-Milk,Almond Long Life Milk,,$4.50,,,$4.50 per 1L,3740660,Our all-natural almond milk uses roasted almond paste. So you can put your mind to rest about questionable ingredients and unnatural nasties.,,,"Per 100g/ml
Per Serving
%DI
Energy
181kJ
362kJ
Protein
0.6g
1.2g
Total Fat
2.4g
4.8g
Saturated Fat
<1g
<1g
Carbohydrate
4.8g
9.6g
Sugars
2.1g
4.2g
Sodium
64mg
128mg
* Percentage Daily Intakes are based on an average adult diet of 8700 kJ. Your daily intakes may be higher or lower depending on your energy needs.","Filtered water, Tapioca Syrup, Roasted Almond Paste (2.65%), Rapeseed oil, Rapeseed lecithin, Sea salt, Sodium Bicarbonate (Baking soda), Gellan Gum.",https://www.coles.com.au/product/bonsoy-almond-milk-1l-3740660,,,2024-06-16T13:12:50.087656-04:00
Ind54SColes_ADrinks_SALong Life-Milk_IColes Organic Unsweetened Oat Milk | 1L,Coles Organic Unsweetened Oat Milk | 1L,Coles,Drinks,Long Life-Milk,Long-Life Flavoured Milk,,$2.25,,,$2.25 per 1L,3492932,"Our organic plant-based milk is a healthy, delicious dairy alternative. Its made with natural ingredients and for you to enjoy everyday! Dairy Free Only 5 ingredients Calcium Fortified No preservatives Lactose Free Low in Cholesterol Low saturated fat. Unleash the power of oats! 15% oats, fortified with calcium and low in cholesterol, our Organic Oat Milk is delicious, creamy and satisfying.",,,"Per 100g/ml
Per Serving
%DI
Energy
191.00
477.50
Protein
1.10
2.75
Carbohydrate
7.60
19.00
Sugars
2.80
7.00
Calcium
116.00
290.00
Saturated
0.20
0.50
Cholesterol
1.16
2.90
Lactose
0.00
0.00
Sodium
44.00
110.00
Monounsaturated
0.59
1.48
Energy (Cal)
45.69
114.23
Fat
1.10
2.75
Dietary Fibre (total)
0.30
0.75
Polyunsaturated
0.30
0.75
Galactose
0.00
0.00
Trans
0.01
0.03
* Percentage Daily Intakes are based on an average adult diet of 8700 kJ. Your daily intakes may be higher or lower depending on your energy needs.","INGREDIENTS: Filtered Water, Organic Oats (15%), Organic Sunflower Oil, Calcium Carbonate, Sea Salt.",https://www.coles.com.au/product/coles-organic-unsweetened-oat-milk-1l-3492932,,,2024-06-16T13:13:01.102281-04:00
Ind54SColes_ADrinks_SALong Life-Milk_ISanitarium So Good Long Life Regular Soy Milk | 1L,Sanitarium So Good Long Life Regular Soy Milk | 1L,Sanitarium,Drinks,Long Life-Milk,Soy Milk Long Life Milk,,$2.20,,,$2.20 per 1L,403029,"So Good Soy Milk has a deliciously rich and milky taste that makes it a great plant-based substitute for dairy.

It's also packed with good nutrition and is incredibly versatile.

Drink chilled on its own, add to muesli and smoothies, and use in cooking and baking.

Aussie Made

Half your Daily Calcium

8g of Plant Protein
No Artificial Colours or Flavours

No Lactose

No Gluten

No Cholesterol

No Dairy",,,"Per 100g/ml
Per Serving
%DI
Energy
273kJ
683kJ
Protein
3.2g
8.0g
Total Fat
3.5g
8.8g
Saturated Fat
0.4g
1.0g
Carbohydrate
5.1g
12.8g
Sugars
2.0g
5.0g
Vitamin B2
0.17mg
0.43mg
25%
Calcium
160mg
400mg
50%
Vitamin B12
0.4ug
1.0ug
50%
Cholesterol
0.0mg
0.0mg
Vitamin A
40ug
100ug
13%
Lactose
0.0g
0.0g
Vitamin D
2ug
5ug
50%
Sodium
40mg
100mg
Monounsaturated
1.4g
3.5g
Energy (Cal)
65Cal
163Cal
Dietary Fibre (total)
0.3g
0.8g
Polyunsaturated
1.7g
4.3g
Galactose
0.0g
0.0g
Gluten
Not Detected
Not Detected
Potassium
230mg
575mg
Trans
0.0g
0.0g
* Percentage Daily Intakes are based on an average adult diet of 8700 kJ. Your daily intakes may be higher or lower depending on your energy needs.",,https://www.coles.com.au/product/sanitarium-so-good-long-life-regular-soy-milk-1l-403029,,,2024-06-16T13:13:11.965338-04:00
Ind54SColes_ADrinks_SALong Life-Milk_ISanitarium So Good Oat Milk Chocolate | 1L,Sanitarium So Good Oat Milk Chocolate | 1L,Sanitarium,Drinks,Long Life-Milk,Long-Life Flavoured Milk,,$2.60,,$3.50,$2.60 per 1L,6501315,"So Good Chocolate Oat Milk is deliciously rich & velvety with added vitamins and minerals.

We proudly use Australian oats which are softly milled and blended with the best ingredients, making a delicious plant-based treat.

Drink cold, or warm gently in the microwave for an instant hot choc.

Aussie Made

High in Calcium

Vitamins B12 + B2 + D + A
No Artificial Colours or Flavours

No Lactose

Low in Saturated Fat

No Cholesterol

No Dairy",,,"Per 100g/ml
Per Serving
%DI
Energy
323kJ
808kJ
Protein
1.0g
2.5g
Total Fat
2.7g
6.8g
Saturated Fat
0.3g
0.8g
Carbohydrate
11.8g
30g
Sugars
7.2g
18g
Vitamin B2
0.17mg
0.43mg
25%
Calcium
120mg
300mg
38%
Vitamin B12
0.4ug
1.0ug
50%
Cholesterol
0.0mg
0.0mg
Vitamin A
40ug
100ug
13%
Lactose
0.0g
0.0g
Vitamin D
0.5ug
1.2ug
12%
Sodium
36mg
90mg
Monounsaturated
1.4g
3.5g
Energy (Cal)
77Cal
193Cal
Dietary Fibre (total)
0.9g
2.3g
Polyunsaturated
1.0g
2.5g
Galactose
0.0g
0.0g
Potassium
194mg
488mg
Trans
0.0g
0.0g
* Percentage Daily Intakes are based on an average adult diet of 8700 kJ. Your daily intakes may be higher or lower depending on your energy needs.",,https://www.coles.com.au/product/sanitarium-so-good-oat-milk-chocolate-1l-6501315,,,2024-06-16T13:13:22.908311-04:00
Ind54SColes_ADrinks_SALong Life-Milk_ICalifia Farms Barista Oat Milk Uht 1litre | 1L,Califia Farms Barista Oat Milk Uht 1litre | 1L,Califia Farms,Drinks,Long Life-Milk,Long-Life Flavoured Milk,,$4.90,,,$4.90 per 1L,7081055,,,,,,https://www.coles.com.au/product/califia-farms-barista-oat-milk-uht-1litre-1l-7081055,,,2024-06-16T13:13:31.570118-04:00
Ind54SColes_ADrinks_SA_IColes Organic Full Cream Milk UHT | 1L,Coles Organic Full Cream Milk UHT | 1L,Coles,Drinks,,,,$2.35,,,$2.35 per 1L,9456002,"Full Cream Milk Gently twist cap to break inner seal and pour Do not apply excessive force For detailed opening information, see base of pack. Our one-step easy-opening twist cap makes it simple and hygienic for you to enjoy our products. As you twist the cap, the inner seal is hygienically punctured, making the pack ready to pour. No need to manually detach the inner seal as the twist cap does it automatically for you; no fiddly tabs or ring pulls. After pouring, just recap and put in fridge. Please enjoy this quality product.",,,"Per 100g/ml
Per Serving
%DI
Energy
272.60
681.50
Protein
3.50
8.75
Carbohydrate
4.70
11.75
Sugars
4.50
11.25
Calcium
125.00
312.50
Sodium
39.00
97.50
Saturated
2.50
6.25
Energy (Cal)
65.22
163.04
Fat
3.60
9.00
Dietary Fibre (total)
0.00
0.00
Potassium
162.00
405.00
* Percentage Daily Intakes are based on an average adult diet of 8700 kJ. Your daily intakes may be higher or lower depending on your energy needs.",,https://www.coles.com.au/product/coles-organic-full-cream-milk-uht-1l-9456002,,,2024-06-16T13:13:42.523914-04:00
Ind54SColes_ADrinks_SA_IAustralia's Own Smooth As Almond Milk | 1L,Australia's Own Smooth As Almond Milk | 1L,Australias Own,Drinks,,,,$2.70,,,"$2.70 per 1L
Was $3.00 on Apr 2024",6494581,"Australia's Own Smooth as Almond milk is the perfect dairy free plant based milk with a smooth and neutral taste profile ideal for cereals, smoothies, coffee and tea. Enjoy the tasty Aussie-licious goodness made with 100% Aussie Almonds

This deliciously smooth Almond milk is made with 100% Aussie almonds from our good mates in the Murray and Riverina region.

Lactose Free
Gluten Free
38% of your daily calcium needs
Low Sugar
100% Aussie Almonds
Low Sugar

Free from dairy, lactose, gluten, and cholesterol

Good source of calcium

Made with Aussie Almonds

Source of Vitamin E",,,"Per 100g/ml
Per Serving
%DI
Energy
109
273
3
Protein
0.6g
1.6g
3
Total Fat
1.9g
4.8g
7
Saturated Fat
0.2
0.4g
2
Carbohydrate
1.2g
3.1g
1
Sugars
1.2g
2.9g
3
Calcium
120mg
300mg
5
Lactose
Not Detected
Not Detected
Not Detected
Sodium
42mg
104mg
5
Vitamin E
0.7mg
1.7mg
17
Monounsaturated
1.3g
3.1g
Energy (Cal)
26
65
Dietary Fibre (total)
<0.5g
<1g
3
Polyunsaturated
0.5g
1.2g
Galactose
Not Detected
Not Detected
Not Detected
Gluten
Not Detected
Not Detected
Not Detected
Trans
0.0
0.0g
0
* Percentage Daily Intakes are based on an average adult diet of 8700 kJ. Your daily intakes may be higher or lower depending on your energy needs.",,https://www.coles.com.au/product/australia's-own-smooth-as-almond-milk-1l-6494581,,,2024-06-16T13:13:54.021496-04:00
Ind54SColes_ADrinks_SALong Life-Milk_IPauls Zymil Full Cream Long Life Milk | 1L,Pauls Zymil Full Cream Long Life Milk | 1L,Pauls,Drinks,Long Life-Milk,Lactose Free-Milk,,$3.00,,,$3.00 per 1L,2807164,"At Pauls, we love dairy. We're pretty passionate about making great tasting products packed with real dairy goodness. We put that devotion into every Pauls milk, cream, custard and yoghurt we make. Milk is a natural source of protein, vitamins and minerals essential for good health. Rich in calcium, Pauls Zymil is simply milk which is easy to digest (As part of a healthy and varied diet, consuming Zymil instead of regular milk helps ease digestion in those who are sensitive to lactose). Plus Pauls Zymil is lactose free and made from real milk so it has all of the natural goodness of regular milk. Lactose free, easy to digest and rich in calcium.
Full cream milk
Lactose free
Gluten free",,,"Per 100g/ml
Per Serving
%DI
Energy
277
693
Protein
3.6
9.0
Total Fat
3.6
9.0
Saturated Fat
2.3
5.8
Carbohydrate
4.9
12.3
Sugars
4.9
12.3
Lactose
nil
nil
Calcium
123
308
39
Sodium
41
1.3
* Percentage Daily Intakes are based on an average adult diet of 8700 kJ. Your daily intakes may be higher or lower depending on your energy needs.",,https://www.coles.com.au/product/pauls-zymil-full-cream-long-life-milk-1l-2807164,,,2024-06-16T13:14:05.457918-04:00
Ind54SColes_ADrinks_SALong Life-Milk_IDevondale Semi Skim Long Life Milk | 2L,Devondale Semi Skim Long Life Milk | 2L,Devondale,Drinks,Long Life-Milk,Long-Life-Milk,,$3.90,,,$1.95 per 1L,5230926,"DDevondale Semi Skim Long Life Milk contains all the natural goodness of full cream milk, with only 2% fat and contains no added preservatives. Simply heated and sealed into a convenient stay-fresh pack, we lock in the goodness of farm-fresh milk. A natural source of essential nutrients including prosperous, magnesium, potassium and vitamin B12- High in calcium- Source of protein- No preservatives- Homogenised & pasteurised- Long life semi skim UHT Milk",,,"Per 100g/ml
Per Serving
%DI
Energy
143kJ
358kJ
Protein
3.3g
8.3g
Total Fat
0.1g
0.3g
Saturated Fat
0.1g
0.3g
Carbohydrate
4.9g
12.3g
Sugars
4.9g
12.3g
Calcium
120mg
300mg
38%
Sodium
45mg
113mg
* Percentage Daily Intakes are based on an average adult diet of 8700 kJ. Your daily intakes may be higher or lower depending on your energy needs.",,https://www.coles.com.au/product/devondale-semi-skim-long-life-milk-2l-5230926,,,2024-06-16T13:14:16.340781-04:00
Ind54SColes_ADrinks_SA_IVitasoy Natural Creamy Long Life Soy Milk 1L | 1L,Vitasoy Natural Creamy Long Life Soy Milk 1L | 1L,Vitasoy,Drinks,,,,$3.00,,,$3.00 per 1L,98592,"Your Vitasoy soy Milk Original is made from 100% Australian grown whole soybeans. The soybeans are carefully delivered to our factory in regional Victoria, where we dehull and grind our beans, then blend the good bits with filtered water and other important ingredients to provide benefits like calcium and essential vitamins A, B2, B12 and D. Naturally free from dairy, cholesterol and lactose, there are plenty of ways to enjoy our much loved soy milk, in a smoothie or on its own!
Made with 100% Australian grown soybeans

Naturally free from dairy, cholesterol and lactose

Natural source of protein

Contains vitamin A, B2 and B12

Suitable for vegans and vegetarians",,,"Per 100g/ml
Per Serving
%DI
Energy
257kJ
643kJ
7.00%
Protein
3.3g
8.2g
16.00%
Total Fat
3.0g
7.5g
11.00%
Saturated Fat
0.5g
1.3
5.00%
Carbohydrate
5.0g
12.5g
4.00%
Sugars
2.6g
6.5g
7.00%
Vitamin B2
0.22mg
0.55mf
Calcium
120mg
300mg
Vitamin B12
0.4ug
1.0ug
Cholesterol
0mg
0mg
Vitamin A
54ug
135ug
Lactose
0g
0g
Sodium
60mg
150mg
7.00%
Monounsaturated
1.3g
3.3g
Energy (Cal)
61Cal
153Cal
Dietary Fibre (total)
0.6g
1.5g
5.00%
Polyunsaturated
1.3g
3.3g
Galactose
0g
0g
Trans
0g
0g
* Percentage Daily Intakes are based on an average adult diet of 8700 kJ. Your daily intakes may be higher or lower depending on your energy needs.",,https://www.coles.com.au/product/vitasoy-natural-creamy-long-life-soy-milk-1l-1l-98592,,,2024-06-16T13:14:28.603336-04:00
Ind54SColes_ADrinks_SALong Life-Milk_IPureharvest Unsweetened Almond Milk | 1L,Pureharvest Unsweetened Almond Milk | 1L,Pureharvest,Drinks,Long Life-Milk,Almond Long Life Milk,,$3.40,,,$3.40 per 1L,2807109,"We make our organic almond milk from organic activated almonds. The almonds are soaked in the traditional manner and by soaking the nut, we begin the germination process which helps to bring the nut ‘to life'. Almond milk is a great addition to anyone's diet and our 100% natural recipe provides you with another delicious non-dairy milk to enjoy. All our products are carrageenan free.
Organic

Vegan

No added sugar

Made in Australia

No GMO

Gluten Free.

No artificial colours or flavours.",,,,"Filtered Water, Organic Whole Activated Almonds (7%), Organic Brown Rice, Plant Calcium, Sea Salt.",https://www.coles.com.au/product/pureharvest-unsweetened-almond-milk-1l-2807109,,,2024-06-16T13:14:37.901181-04:00
Ind54SColes_ADrinks_SALong Life-Milk_ISanitarium So Good Long Life Lite Soy Milk 1L | 1L,Sanitarium So Good Long Life Lite Soy Milk 1L | 1L,Sanitarium,Drinks,Long Life-Milk,Soy Milk Long Life Milk,,$2.20,,,$2.20 per 1L,5089883,"So Good Soy Milk Lite has a deliciously rich and milky taste that makes it a great plant-based substitute for dairy.

It contains 60% less fat than So Good Soy Milk Regular - and is still nutrition-packed.

Drink chilled on its own, add to muesli and smoothies, and use in cooking and baking.

Aussie Made

High in Calcium

8g Plant Protein

No Artificial Colours or Flavours

No Lactose

No Gluten

No Cholesterol

No Dairy",,,"Per 100g/ml
Per Serving
%DI
Energy
189kJ
473kJ
Protein
3.4g
8.5g
Total Fat
1.3g
3.3g
Saturated Fat
0.2g
0.4g
Carbohydrate
4.8g
12.1g
Sugars
2.0g
5.1g
Vitamin B2
0.17mg
0.43mg
25%
Calcium
120mg
300mg
37%
Vitamin B12
0.4ug
1.0ug
50%
Cholesterol
0.0mg
0.0mg
Vitamin A
40ug
100ug
13%
Lactose
0.0g
0.0g
Vitamin D
0.5ug
1.2ug
12%
Sodium
45mg
114mg
Monounsaturated
0.5g
1.4g
Energy (Cal)
45Cal
113Cal
Dietary Fibre (total)
0.0g
0.1g
Polyunsaturated
0.6g
1.6g
Galactose
0.0g
0.0g
Gluten
Not detected
Not detected
Potassium
260mg
651mg
Trans
0.0g
0.0g
* Percentage Daily Intakes are based on an average adult diet of 8700 kJ. Your daily intakes may be higher or lower depending on your energy needs.","Filtered water, soy protein (3.5%), corn maltodextrin, cane sugar, vegetable oils (sunflower, canola), acidity regulators (332, 450), minerals (calcium, phosphorus, magnesium), antioxidant (ascorbic acid), vitamins (B12, A, B2, D2, B1), natural flavour. (All ingredients are of non-animal origin).",https://www.coles.com.au/product/sanitarium-so-good-long-life-lite-soy-milk-1l-1l-5089883,,,2024-06-16T13:14:48.889964-04:00
Ind54SColes_ADrinks_SALong Life-Milk_IPureharvest Dairy Free Almond Long Life Milk | 1L,Pureharvest Dairy Free Almond Long Life Milk | 1L,Pureharvest,Drinks,Long Life-Milk,Almond Long Life Milk,,$3.60,,,$3.60 per 1L,5717137,"Pureharvest Organic Almond Milk is a full flavoured non-dairy milk made from real organic activated almonds. We make our almond milk from organic activated almonds. The almonds are soaked in the traditional manner and by soaking the nut, we begin the germination process which helps bring the nut ‘to life'.
Organic

Made with 7% Almonds

Vegan

GMO Free

No Cane Sugar

No artificial colours or flavours.

Gluten Free.",,,"Per 100g/ml
Per Serving
%DI
Energy
165
413
Protein
0.6g
1.5g
Total Fat
2.0
5.0g
Saturated Fat
0.2g
0.5g
Carbohydrate
4.6
11.5g
Sugars
1.6g
4.0g
Calcium
120mg
300mg
Cholesterol
NIL
NIL
Lactose
NIL
NIL
Sodium
59mg
148mg
Monounsaturated
1.4g
3.5g
Dietary Fibre (total)
<1g
<1g
Polyunsaturated
0.4g
1.0g
Galactose
NIL
NIL
Trans
NIL
NIL
* Percentage Daily Intakes are based on an average adult diet of 8700 kJ. Your daily intakes may be higher or lower depending on your energy needs.",,https://www.coles.com.au/product/pureharvest-dairy-free-almond-long-life-milk-1l-5717137,,,2024-06-16T13:15:01.635523-04:00
Ind54SColes_ADrinks_SA_IVitasoy UHT Oat Milk | 1L,Vitasoy UHT Oat Milk | 1L,Vitasoy,Drinks,,,,$3.30,,,$3.30 per 1L,7292254,"Your Vitasoy oat milk is made from Australian oats, whole kernels and oat flour. The oats are grown in the fertile soils of South Australia, Victoria and lower New South Wales and are non-genetically modified. Harvested in late spring, our oat kernels are carefully harvested and delivered to our factory in Regional Victoria, where we grind our oat kernels and then blend the good bits with filtered water, oat flour and other important ingredients like calcium. Naturally free from dairy, cholesterol, lactose and soy and with no added sugar, your creamy Vitasoy oat milk is ready to be savoured - with the goodness of beta-glucan.
Oat milk made with Australian grown oats

Benefit of 38% of your daily calcium

Naturally free from dairy, lactose, cholesterol and soy

Source of fibre

Suitable for vegans and vegetarians

Low in saturated fat.",,,"Per 100g/ml
Per Serving
%DI
Energy
201kJ
503kJ
6.00%
Protein
0.6g
1.5g
3.00%
Total Fat
2.1g
5.3g
8.00%
Saturated Fat
0.3g
0.8g
3.00%
Carbohydrate
6.2g
15.5g
5.00%
Sugars
1.0g
2.5g
3.00%
Calcium
120mg
300mg
Cholesterol
0mg
0mg
Lactose
0g
0g
Sodium
50mg
125mg
5.00%
Monounsaturated
1.3g
3.3g
Energy (Cal)
48Cal
120Cal
Dietary Fibre (total)
0.9g
2.3g
8.00%
Polyunsaturated
0.5g
1.3g
Galactose
0g
0g
Trans
0g
0g
* Percentage Daily Intakes are based on an average adult diet of 8700 kJ. Your daily intakes may be higher or lower depending on your energy needs.",,https://www.coles.com.au/product/vitasoy-uht-oat-milk-1l-7292254,,,2024-06-16T13:15:16.613699-04:00
Ind54SColes_ADrinks_SA_IVitasoy So Milky Uht Regular | 1L,Vitasoy So Milky Uht Regular | 1L,Vitasoy,Drinks,,,,$2.45,,,$2.45 per 1L,5231292,,,,,,https://www.coles.com.au/product/vitasoy-so-milky-uht-regular-1l-5231292,,,2024-06-16T13:15:26.181377-04:00
Ind54SColes_ADrinks_SA_IVitasoy Protein Plus | 1L,Vitasoy Protein Plus | 1L,Vitasoy,Drinks,,,,$3.00,,,$3.00 per 1L,2807142,"Beneath the watchful eyes of Aussie Farmers, every aussie grown soybean squeezed into our Soy Milk Unsweetened Protein Plus was planted and picked at just the right moment to end up in your hands.

For us, it's a daily obsession that's been growing across the globe since the Vitasoy brand first started in 1940. Bringing you a simple yet delicious soy milk, brimming with the good stuff - like 25% more protein in every glass (25% more protein than Vitasoy Soy Milk Original).

This is why our glass is always full.

Grown by Aussie Farmers.

Our whole Aussie soybeans are harvested in autumn and delivered to our Wodonga factory.

Only the best beans make it...

Blended by us.

We dehull and grind our beans, then blend the good bits with filtered water and other ingredients including calcium.

Perfected and packed for your pantry...

Enjoyed by you.

Your Vitasoy is ready to be soaked up and savoured with all your favourites.

It's too good not to share.

Naturally better when...

Poured on cereal!

On its own!

Making a smoothie!

Naturally free from gluten, dairy, lactose and cholesterol.

10.5g protein per serving.

No added sugar.

1/3 of your daily calcium (38% of your daily calcium needs in every serving.).

No artificial colours, flavours or preservatives.

Non-genetically modified.

Suitable for vegans and vegetarians.",,,"Per 100g/ml
Per Serving
%DI
Energy
227kJ
568kJ
7.00%
Protein
4.2g
10.5g
21.00%
Total Fat
2.8g
7.0g
10.00%
Saturated Fat
0.4g
1.0g
4.00%
Carbohydrate
2.2g
5.5g
2.00%
Sugars
0.5g
1.3g
1.00%
Calcium
120mg
300mg
Cholesterol
0mg
0mg
Lactose
0g
0g
Sodium
40mg
100mg
4.00%
Monounsaturated
0.8g
2.0g
Energy (Cal)
54Cal
133Cal
Dietary Fibre (total)
1.8g
4.5g
15.00%
Polyunsaturated
1.6g
4.0g
Galactose
0g
0g
Gluten
0mg
0mg
Trans
0g
0g
* Percentage Daily Intakes are based on an average adult diet of 8700 kJ. Your daily intakes may be higher or lower depending on your energy needs.",,https://www.coles.com.au/product/vitasoy-protein-plus-1l-2807142,,,2024-06-16T13:15:38.737909-04:00
Ind54SColes_ADrinks_SALong Life-Milk_IColes Australian Full Cream Long Life Milk | 1L,Coles Australian Full Cream Long Life Milk | 1L,Coles,Drinks,Long Life-Milk,Long-Life-Milk,,$1.60,,,$1.60 per 1L,7667368,"Better Together with Australian Farmers The hard work and dedicated spirit of dairy farmers is embedded in the fabric of our country. That's why Coles is proud to directly partner with dairy farmers in New South Wales offering longer term agreements and helping farmers better plan for their future. We know each and every farmer we source our milk from and that's what makes us better together. The fresh, creamy goodness of milk is a source of protein and is rich in calcium for healthy teeth and bones. Enjoy the nourishment of Coles milk every day",,,"Per 100g/ml
Per Serving
%DI
Energy
264
660
8
Protein
3.30
8.25
Sodium
40.00
100.00
Saturated
2.20
5.50
Fat
3.50
8.75
Dietary Fibre (total)
0.01
0.03
* Percentage Daily Intakes are based on an average adult diet of 8700 kJ. Your daily intakes may be higher or lower depending on your energy needs.",,https://www.coles.com.au/product/coles-australian-full-cream-long-life-milk-1l-7667368,,,2024-06-16T13:15:49.971630-04:00
Ind54SColes_ADrinks_SALong Life-Milk_ISanitarium So Good Almond Milk Chocolate UHT | 1L,Sanitarium So Good Almond Milk Chocolate UHT | 1L,Sanitarium,Drinks,Long Life-Milk,Almond Long Life Milk,,$2.00,,$3.20,$2.00 per 1L,3019140,"So Good Chocolate Almond Milk is deliciously rich & velvety with added vitamins and minerals.

We proudly use Australian almonds which are roasted and churned into butter, making a delicious dairy free treat.

Drink cold, or warm gently in the microwave for an instant hot chocolate.

Aussie Made

High in Calcium

Vitamins B12 + B2 + E
No Artificial Colours or Flavours

No Lactose

Low in Saturated Fat

No Cholesterol

No Dairy",,,"Per 100g/ml
Per Serving
%DI
Energy
170kJ
425kJ
Protein
0.6g
1.5g
Total Fat
1.5g
3.8g
Saturated Fat
0.2g
0.5g
Carbohydrate
6.0g
15.0g
Sugars
5.6g
14.0g
Vitamin B2
0.17mg
0.43mg
25%
Calcium
120mg
300mg
37%
Vitamin B12
0.4ug
1.0ug
50%
Cholesterol
0.0mg
0.0mg
Lactose
0.0g
0.0g
Sodium
32mg
80mg
Vitamin E
0.6mg
1.5mg
15%
Monounsaturated
0.9g
2.3g
Energy (Cal)
41Cal
103Cal
Dietary Fibre (total)
0.5g
1.3g
Polyunsaturated
0.4g
1.0g
Galactose
0.0g
0.0g
Gluten
not detected
not detected
Potassium
35mg
87mg
Trans
0.0g
0.0g
* Percentage Daily Intakes are based on an average adult diet of 8700 kJ. Your daily intakes may be higher or lower depending on your energy needs.","Filtered water, cane sugar, ground almonds (2.5%), cocoa (0.5%), natural flavour, mineral (calcium), emulsifier (sunflower lecithin), salt, mineral salt (sodium bicarbonate), vegetable gum (gellan), antioxidant (ascorbic acid), vitamins (B12, B2, B1). All ingredients are of non-animal origin.",https://www.coles.com.au/product/sanitarium-so-good-almond-milk-chocolate-uht-1l-3019140,,,2024-06-16T13:16:01.977517-04:00
Ind54SColes_ADrinks_SALong Life-Milk_IMilklab Oat Milk | 250mL,Milklab Oat Milk | 250mL,Milklab,Drinks,Long Life-Milk,Long-Life Flavoured Milk,,$2.00,Pick any 3 for $5,,$8.00 per 1L,6501188,"MILKLAB Oat is now available for the home barista! 

Crafted with baristas, for baristas MILKLAB Oat is a creamy dairy milk alternative that has been designed to texture and stretch with high performance and perfectly complement coffee with a creamy mouthfeel and subtle, naturally sweet oat taste.

Now available in a convenient ‘single serve' pack size so you can replicate the quality of a barista-made coffee from the comfort of your own home.",,,"Per 100g/ml
Per Serving
%DI
Energy
246
615
7
Protein
0.6
1.5
3
Total Fat
2.8
6.9
10
Saturated Fat
0.4
0.9
4
Carbohydrate
8
20
6
Sugars
2.3
5.8
6
Calcium
120
300mg
38
Sodium
55mg
137mg
6
Energy (Cal)
58
145
7
Dietary Fibre (total)
<0.5
<1
2
* Percentage Daily Intakes are based on an average adult diet of 8700 kJ. Your daily intakes may be higher or lower depending on your energy needs.",,https://www.coles.com.au/product/milklab-oat-milk-250ml-6501188,,,2024-06-16T13:16:13.144552-04:00
Ind54SColes_ADrinks_SALong Life-Milk_IAustralias Own Chocolate Kids Milk 200mL | 6 pack,Australias Own Chocolate Kids Milk 200mL | 6 pack,Australias Own,Drinks,Long Life-Milk,Long-Life Flavoured Milk,,$4.90,,$6.20,$4.08 per 1L,4311363,"Proudly to be the Winner in the 2024 Healthy Food Guide Lunchbox Awards Australia.

This delicious Kid's Milk contains 7 nutrients found naturally in dairy milk. It's also a good source of calcium for strong healthy bones and contains protein for healthy growing muscles. More reason to love this tasty chocolate drink!
Source of Protein

Good Source of Calcium

No artificial colours, flavours or preservatives

Proudly Australian made & owned",,,"Per 100g/ml
Per Serving
%DI
Energy
246
492
6
Protein
3.3
6.6
13
Total Fat
1.0
2.0
3
Saturated Fat
0.7
1.4
6
Carbohydrate
8.9
17.8
6
Sugars
8.8
17.6
20
Vitamin B2
0.2mg
0.4mg
24%RDI
Vitamin B3
0.54mg
1.08mg
11%RDI
Calcium
120mg
240mg
30%RDI
Vitamin B12
0.57ug
1.14ug
57%RDI
Sodium
42mg
84mg
4
Energy (Cal)
118
Iodine
26mg
52mg
35%RDI
* Percentage Daily Intakes are based on an average adult diet of 8700 kJ. Your daily intakes may be higher or lower depending on your energy needs.","Low Fat Milk (95%), Sugar, Cocoa Powder (0.6%), Vegetable Gums (460, 466, 407), Natural Flavours",https://www.coles.com.au/product/australias-own-chocolate-kids-milk-200ml-6-pack-4311363,,,2024-06-16T13:16:25.341955-04:00
Ind54SColes_ADrinks_SALong Life-Milk_IPauls Zymil Low Fat Long Life Milk | 1L,Pauls Zymil Low Fat Long Life Milk | 1L,Pauls,Drinks,Long Life-Milk,Lactose Free-Milk,,$3.00,,,$3.00 per 1L,8893963,"At Pauls, we love dairy. We're pretty passionate about making great tasting products packed with real dairy goodness. We put that devotion into every Pauls milk, cream, custard and yoghurt we make. Milk is a natural source of protein, vitamins and minerals essential for good health. Rich in calcium, Pauls Zymil is simply milk which is easy to digest (As part of a healthy and varied diet, consuming Zymil instead of regular milk helps ease digestion in those who are sensitive to lactose). Plus Pauls Zymil is lactose free and made from real milk so it has all of the natural goodness of regular milk. Lactose free, easy to digest and rich in calcium.
Low fat milk
Lactose free
Gluten free",,,"Per 100g/ml
Per Serving
%DI
Energy
194
485
Protein
3.4
8.5
Total Fat
1.3
3.3
Saturated Fat
0.9
2.3
Sugars
5.0
12.5
Lactose
nil
nil
Calcium
40
293
37
Sodium
40
100
Energy (Cal)
46
116
Dietary Fibre (total)
0.0g
0.0
Gluten
nil
nil
* Percentage Daily Intakes are based on an average adult diet of 8700 kJ. Your daily intakes may be higher or lower depending on your energy needs.",,https://www.coles.com.au/product/pauls-zymil-low-fat-long-life-milk-1l-8893963,,,2024-06-16T13:16:36.237785-04:00
Ind54SColes_ADrinks_SALong Life-Milk_IVitasoy Unsweetened Almond UHT Milk 1L | 1L,Vitasoy Unsweetened Almond UHT Milk 1L | 1L,Vitasoy,Drinks,Long Life-Milk,Almond Long Life Milk,,$3.30,,,$3.30 per 1L,2412734,,,,,,https://www.coles.com.au/product/vitasoy-unsweetened-almond-uht-milk-1l-1l-2412734,,,2024-06-16T13:16:46.487370-04:00
Ind54SColes_ADrinks_SALong-Life Milk_IPureharvest Organic Aussie Dream Rice Milk | 1L,Pureharvest Organic Aussie Dream Rice Milk | 1L,Pureharvest,Drinks,Long-Life Milk,Organic Milk,,$2.60,,,$2.60 per 1L,5419194,"Aussie Dream Rice Milk Unsweetened with added organic calcium is based on a traditional oriental food that is made from certified organic brown rice.

A naturally sweet and delicious drink, rice milk can be used on cereal or in cooking as an ideal non-dairy substitute. It's ideal for those who have a lactose or soy intolerance. All our products are carrageenan free.
Organic

No Added Sugar

Nothing artificial

With natural plant calcium

Gluten free

GMO Free.

Made in Australia.",,,"Per 100g/ml
Per Serving
%DI
Energy
200
500
Protein
0.6g
1.5g
Total Fat
1.0g
2.5g
Saturated Fat
0.1g
0.3g
Carbohydrate
9.0g
22.5g
Sugars
3.1g
7.8g
Calcium
120mg
300mg
Sodium
65mg
163mg
Monounsaturated
0.8g
2.0g
Dietary Fibre (total)
<1g
<1g
Polyunsaturated
0.1g
0.3g
Trans
NIL
NIL
* Percentage Daily Intakes are based on an average adult diet of 8700 kJ. Your daily intakes may be higher or lower depending on your energy needs.",,https://www.coles.com.au/product/pureharvest-organic-aussie-dream-rice-milk-1l-5419194,,,2024-06-16T13:16:58.647401-04:00
Ind54SColes_ADrinks_SABeverages_IAustralia's Own Smooth As Oat Milk | 1L,Australia's Own Smooth As Oat Milk | 1L,Australias Own,Drinks,Beverages,Milk & milk additives,,$2.70,,,"$2.70 per 1L
Was $3.00 on Apr 2024",6494515,"Our tastier, smoother drinking Oat milk is dairy free and Aussie-licious. Naturally delicious perfect to enjoy in smoothies, cereals, tea and coffee.

This deliciously smooth Oat milk is made with 100% Aussie Oats from our good mates in central Victoria.

- Lactose Free
- 38% of your daily calcium needs
- Unsweetened
- 100% Aussie Oats
No Added Sugar

Free from dairy, lactose, and cholesterol

Good source of calcium

100% Aussie grown oats

Suitable for vegetarians and vegans",,,"Per 100g/ml
Per Serving
%DI
Energy
200
500
6
Protein
0.6g
1.5g
3
Total Fat
1.9g
4.8g
7
Saturated Fat
0.2g
0.5g
2
Carbohydrate
7.0g
18.0g
Sugars
2.8g
7.0g
Calcium
120mg
300mg
38
Sodium
45mg
113mg
5
Monounsaturated
1.0g
2.5g
Energy (Cal)
48
120
Dietary Fibre (total)
2.8g
<1g
2
Polyunsaturated
0.6g
1.5g
Trans
0.0g
0.0g
* Percentage Daily Intakes are based on an average adult diet of 8700 kJ. Your daily intakes may be higher or lower depending on your energy needs.",,https://www.coles.com.au/product/australia's-own-smooth-as-oat-milk-1l-6494515,,,2024-06-16T13:17:11.108349-04:00
Ind54SColes_ADrinks_SALong Life-Milk_ILiddells Lactose Free 99% Low Fat Milk | 1L,Liddells Lactose Free 99% Low Fat Milk | 1L,Liddells,Drinks,Long Life-Milk,Lactose Free-Milk,,$3.00,,,$3.00 per 1L,7199055,"With Liddells, you can have the freedom to enjoy the delicious taste and nutrition of real dairy without the lactose. Liddells lactose free Low Fat Long Life Milk, is great tasting, 99% fat free, gluten free and is packed in an easy to open and pour 1L pack. It is made from farm-fresh Aussie cow's milk, so it's full of dairy goodness  just without the lactose.Enjoy real dairy freedom with Liddells Lactose Free Low Fat Long Life Milk.If you love dairy, but your digestive system doesn't, Liddells Lactose Free Low Fat Milk is for you. Liddells milk contains the lactase enzyme which makes it easy to digest* if your body doesn't naturally make enough lactase to digest lactose. Liddells products should form part of a healthy diet containing a variety of foods.",,,"Per 100g/ml
Per Serving
%DI
Energy
178kJ
445kJ
Protein
3.3g
8.3g
Total Fat
1g
2.5g
Saturated Fat
0.7g
1.8g
Carbohydrate
4.8g
12g
Sugars
4.8g
12g
Calcium
120mg
300mg
38%
Sodium
45mg
113mg
* Percentage Daily Intakes are based on an average adult diet of 8700 kJ. Your daily intakes may be higher or lower depending on your energy needs.",,https://www.coles.com.au/product/liddells-lactose-free-99percent-low-fat-milk-1l-7199055,,,2024-06-16T13:17:22.419459-04:00
Ind54SColes_ADrinks_SALong Life-Milk_IColes Drink Soy Regular | 1L,Coles Drink Soy Regular | 1L,Coles,Drinks,Long Life-Milk,Soy Milk Long Life Milk,,$1.15,,,$1.15 per 1L,4499631,"Source of protein to support muscle growth^ Source of vitamin A, B2 and B12 Low in saturated fat Suitable for vegans Lactose free",,,"Per 100g/ml
Per Serving
%DI
Energy
269.90
674.75
Protein
3.60
9.00
Total Fat
3.3
8.3
12
Saturated Fat
0.20
0.50
Carbohydrate
5.00
12.50
Sugars
1.60
4.00
Calcium
110.00
275.00
Saturated
0.20
0.50
Vitamin B12
0.30
0.75
Cholesterol
1.00
2.50
Vitamin A
40.00
100.00
Lactose
0.00
0.00
Sodium
60.00
150.00
Monounsaturated
2.00
5.00
Energy (Cal)
64.57
161.42
Fat
3.30
8.25
Dietary Fibre (total)
0.20
0.50
Riboflavin (Vitamin B2)
0.17
0.43
Polyunsaturated
0.80
2.00
Galactose
0.00
0.00
Gluten
0.00
0.00
Potassium
198.00
495.00
Trans
0.10
0.25
trans
LESS THAN 1g
LESS THAN 1g
* Percentage Daily Intakes are based on an average adult diet of 8700 kJ. Your daily intakes may be higher or lower depending on your energy needs.","INGREDIENTS: Water, Soy Protein Isolate (4%), Maltodextrin (Corn), Canola Oil, Sugar, Acidity Regulators (450, 332, 504), Calcium Hydroxide, Calcium Chloride, Vitamins [Vitamin A, Vitamin B12, Vitamin B2].",https://www.coles.com.au/product/coles-drink-soy-regular-1l-4499631,,,2024-06-16T13:17:33.519744-04:00
Ind54SColes_ADrinks_SA_IColes Lactose Free UHT Milk Low Fat | 1L,Coles Lactose Free UHT Milk Low Fat | 1L,Coles,Drinks,,,,$1.60,,,$1.60 per 1L,1850667,Coles Lactose Free Uht Milk Low Fat 1 Litre handy to have in the pantry,,,"Per 100g/ml
Per Serving
%DI
Energy
178
446
5
Protein
3.3
8.3
17
Total Fat
1.1
2.8
4
Saturated Fat
1.0
2.5
10
Carbohydrate
4.8
12.0
4
Sugars
5.00
12.50
14
Calcium
120
300
lactose
NOT DETECTED
NOT DETECTED
Lactose
NOT DETECTED
NOT DETECTED
Sodium
40
100
4
Energy (Cal)
43
107
Dietary Fibre (total)
0.00
0.00
0
Galactose
2.4
6.0
* Percentage Daily Intakes are based on an average adult diet of 8700 kJ. Your daily intakes may be higher or lower depending on your energy needs.",,https://www.coles.com.au/product/coles-lactose-free-uht-milk-low-fat-1l-1850667,,,2024-06-16T13:20:40.642867-04:00
Ind54SColes_ADrinks_SALong Life-Milk_IColes Dairy Free Barista Almond Milk | 1L,Coles Dairy Free Barista Almond Milk | 1L,Coles,Drinks,Long Life-Milk,Almond Long Life Milk,,$3.50,,,$3.50 per 1L,3496423,Under title: Made for frothingMade in AustraliaVeganSoy FreeLactose Free,,,"Per 100g/ml
Per Serving
%DI
Energy
107.9
269.75
Protein
0.6
1.5
Total Fat
2
5
Saturated Fat
0.2
0.5
Carbohydrate
1.3
3.25
gluten
0
0
Sodium
41
102.5
Energy (Cal)
25.81
64.53
galactose
0
0
lactose
0
0
Cholesterol
0
0
Dietary Fibre
0.2
0.5
* Percentage Daily Intakes are based on an average adult diet of 8700 kJ. Your daily intakes may be higher or lower depending on your energy needs.",,https://www.coles.com.au/product/coles-dairy-free-barista-almond-milk-1l-3496423,,,2024-06-16T13:20:51.401802-04:00
Ind54SColes_ADrinks_SALong Life-Milk_ISanitarium So Good High Protein Almond Milk | 1L,Sanitarium So Good High Protein Almond Milk | 1L,Sanitarium,Drinks,Long Life-Milk,Almond Long Life Milk,,$2.00,,$3.40,$2.00 per 1L,3782932,"So Good High Protein Almond is made with high quality protein from both almond and soy, providing a complete protein source.

Whether you hit the gym every day, or enjoy a walk whenever you can, protein is an important part of a healthy diet to support muscles and bones. Great with cereal, in smoothies, or hot drinks.

Aussie Made

High in Calcium

10g Plant Protein
No Artificial Colours or Flavours

No Lactose

No Gluten

No Cholesterol

No Dairy

No Added Sugar.",,,"Per 100g/ml
Per Serving
%DI
Energy
161kJ
404kJ
Protein
4.1g
10.2g
Total Fat
2.3g
5.7g
Saturated Fat
0.2g
0.5g
Carbohydrate
0.3g
0.8g
Sugars
0.2g
0.6g
Vitamin B2
0.17mg
0.43mg
25%
Calcium
120mg
300mg
37%
Vitamin B12
0.4ug
1.0ug
50%
Cholesterol
0.0mg
0.0mg
Lactose
0.0g
0.0g
Sodium
35mg
87mg
Vitamin E
1.0mg
2.5mg
25%
Monounsaturated
1.5g
3.7g
Energy (Cal)
39Cal
96Cal
Dietary Fibre (total)
0.3g
0.7g
Polyunsaturated
0.5g
1.4g
Galactose
0.0g
0.0g
Gluten
Not Detected
Not Detected
Potassium
47mg
118mg
Trans
0.0g
0.0g
* Percentage Daily Intakes are based on an average adult diet of 8700 kJ. Your daily intakes may be higher or lower depending on your energy needs.",,https://www.coles.com.au/product/sanitarium-so-good-high-protein-almond-milk-1l-3782932,,,2024-06-16T13:21:02.312371-04:00
Ind54SColes_ADrinks_SALong Life-Milk_IOatly Organic Oat Milk | 1L,Oatly Organic Oat Milk | 1L,Oatly,Drinks,Long Life-Milk,Organic Long Life Milk,,$4.40,,$5.50,$4.40 per 1L,3478807,"This product is as good as it gets. Water, organic oats and a little bit of sea salt for flavour. That's it. Then this product is packaged in a process that allows it to be stored without refrigeration. That means you can take it down to Perisher and store it in the hall and then pop it in the fridge to chill before using. If you are familiar with our other products, we recommend you try this one. It has the potential to win some shelf space in your home.
The non-secret secret? It's all in the oats. 100 % organic oats that are grown in clean soil and spend the summer in peace and quiet to grow strong and golden. And it's totally plant-based aka vegan! That was probably already clear, but we just wanted to make sure everyone's on the same page.
100% cool for vegans. Free from dairy and soy.",,,"Per 100g/ml
Per Serving
%DI
Energy
156kJ
390kJ
Protein
1g
2.5g
Total Fat
0.5g
1.3g
Saturated Fat
0.1g
0.3g
Carbohydrate
6.7g
16.8g
Sugars
4.1g
10.3g
Sodium
41mg
103mg
Dietary Fibre (total)
0.8g
2g
* Percentage Daily Intakes are based on an average adult diet of 8700 kJ. Your daily intakes may be higher or lower depending on your energy needs.",,https://www.coles.com.au/product/oatly-organic-oat-milk-1l-3478807,,,2024-06-16T13:21:13.377137-04:00
Ind54SColes_ADrinks_SALong Life-Milk_IVitasoy So Milky Uht Lite | 1L,Vitasoy So Milky Uht Lite | 1L,Vitasoy,Drinks,Long Life-Milk,Long-Life Flavoured Milk,,$2.45,,,$2.45 per 1L,5231306,"Every whole soybean that makes this milk great is grown in Australia.

Beneath the watchful eyes of Aussie farmers, every whole soybean squeezed into our Soy Milky Lite (40% less fat than Soy Milky Regular) was planted and picked at just the right moment. Its why our famous milky taste is hard to beat.

For us, it's a daily obsession that's been growing across the globe since the Vitasoy brand first started in 1940. Bringing you a simple yet delicious soy milk, brimming with the good stuff - and less than 2% Fat.

This is why our glass is always full.

Grown by Aussie Farmers.

Our whole soybeans are harvested in autumn and delivered to our Wodonga factory.

Only the best beans make it...

Blended by us.

We dehull and grind our beans, then blend the good bits with filtered water and other ingredients including calcium.

Perfected and packed for your pantry...

Enjoyed by you.

Your Vitasoy is ready to be soaked up and savoured with all your favourites.

It's too good not to share.

Naturally better when...

Poured on cereal!

Frothed in a coffee!

On its own!

Australian grown whole soy beans.

1/3 of your daily calcium (38% of your daily calcium needs in every serving.).

Naturally free from gluten, dairy, lactose and cholesterol.

Natural source of protein.

No artificial colours or preservatives.

Non-genetically modified.

Suitable for vegans and vegetarians.",,,"Per 100g/ml
Per Serving
%DI
Energy
162
405
5.00%
Protein
3.0g
7.5
15.00%
Total Fat
1.8g
4.5g
6.00%
Saturated Fat
0.3g
0.8g
3.00%
Carbohydrate
2.5
6.3
2
Sugars
1.6
4
4
Calcium
120mg
300mg
Cholesterol
0mg
0mg
Lactose
0g
0g
Sodium
80mg
200mg
9
Monounsaturated
0.4g
1.0g
Energy (Cal)
39
98
Dietary Fibre (total)
0.2
0.5
2
Polyunsaturated
1.1g
2.8g
Galactose
0g
0g
Gluten
0mg
0mg
Trans
0g
0g
* Percentage Daily Intakes are based on an average adult diet of 8700 kJ. Your daily intakes may be higher or lower depending on your energy needs.",,https://www.coles.com.au/product/vitasoy-so-milky-uht-lite-1l-5231306,,,2024-06-16T13:21:25.768217-04:00
Ind54SColes_ADrinks_SALong Life-Milk_IMilklab Macadamia Milk | 1L,Milklab Macadamia Milk | 1L,Milklab,Drinks,Long Life-Milk,Almond Long Life Milk,,$5.50,,,$5.50 per 1L,7497836,,,,,,https://www.coles.com.au/product/milklab-macadamia-milk-1l-7497836,,,2024-06-16T13:21:34.354981-04:00
Ind54SColes_ADrinks_SA_ISuncoast Gold Macadamia Unsweetened Long Life Milk 1L | 1L,Suncoast Gold Macadamia Unsweetened Long Life Milk 1L | 1L,Suncoast,Drinks,,,,$4.30,,,$4.30 per 1L,2412632,"Macadamia milk is produced using Australian macadamias and is rich, smooth and creamy.  Ideal for smoothies, hot drinks, baking and on cereals.
Made in Australia
Native Australian macadamias
Soy free
Lactose free
Gluten free
Vegan.",,,"Per 100g/ml
Per Serving
%DI
Energy
94kJ
235kJ
Protein
0.3g
0.8g
Total Fat
2.0g
5.0g
Saturated Fat
0.3g
0.8g
Carbohydrate
0.5g
1.3g
Sugars
0.2g
0.5g
Cholesterol
Nil Detected
Nil Detected
Lactose
Nil Detected
Nil Detected
Sodium
69mg
173mg
Monounsaturated
1.6g
4.0g
Dietary Fibre (total)
0.5g
1.3g
Polyunsaturated
0.1g
0.3g
Galactose
Nil Detected
Nil Detected
Gluten
Nil Detected
Nil Detected
Trans
Nil Detected
Nil Detected
* Percentage Daily Intakes are based on an average adult diet of 8700 kJ. Your daily intakes may be higher or lower depending on your energy needs.","Water, Macadamia Paste (3%), Vegetable Gums (Locust Bean Gum, Gellan Gum), Mineral Salt (Calcium Carbonate), Salt, Emulsifier (Sunflower Lecithin), Natural Flavour (Vanilla).",https://www.coles.com.au/product/suncoast-gold-macadamia-unsweetened-long-life-milk-1l-1l-2412632,,,2024-06-16T13:21:45.490552-04:00
Ind54SColes_ADrinks_SA_ISanitarium So Good Long Life No Added Sugar Oat Milk | 1L,Sanitarium So Good Long Life No Added Sugar Oat Milk | 1L,Sanitarium,Drinks,,,,$1.95,,$2.80,$1.95 per 1L,4204352,"So Good Oat Milk's mild and creamy taste is perfect with cereal, in a smoothie, or added to a saucy pasta dish.

We're proud to use Australian grown oats, that are softly milled and blended with the best ingredients to create an oat milk that is deliciously creamy in taste.

Aussie Made

High in Calcium

Vitamins B12 + B2 + D + A
No Artificial Colours or Flavours

No Lactose

No Cholesterol

No Dairy",,,"Per 100g/ml
Per Serving
%DI
Energy
194kJ
485kJ
Protein
0.8g
2.1g
Total Fat
1.9g
4.8g
Saturated Fat
0.2g
0.5g
Carbohydrate
6.3g
15.8g
Sugars
2.0g
5.0g
Vitamin B2
0.17mg
0.43mg
25%
Calcium
120mg
300mg
37%
Vitamin B12
0.4ug
1.0ug
50%
Cholesterol
0.0mg
0.0mg
Vitamin A
40ug
100ug
13%
Lactose
0.0g
0.0g
Vitamin D
0.5ug
1.2ug
12%
Sodium
45mg
113mg
Monounsaturated
0.6g
1.6g
Energy (Cal)
46Cal
116Cal
Dietary Fibre (total)
0.4g
1.0g
Polyunsaturated
0.6g
1.5g
Galactose
0.0g
0.0g
Potassium
174mg
435mg
Trans
0.0g
0.0g
* Percentage Daily Intakes are based on an average adult diet of 8700 kJ. Your daily intakes may be higher or lower depending on your energy needs.",,https://www.coles.com.au/product/sanitarium-so-good-long-life-no-added-sugar-oat-milk-1l-4204352,,,2024-06-16T13:21:56.495287-04:00
Ind54SColes_ADrinks_SALong Life-Milk_IAustralias Own Barista Macadamia Milk | 1L,Australias Own Barista Macadamia Milk | 1L,Australias Own,Drinks,Long Life-Milk,Almond Long Life Milk,,$3.60,,$4.50,$3.60 per 1L,3793510,"Barista Macadamia
Barista Quality - Plant Milks

Our Barista range has been developed so you can enjoy cafe quality drinks, at home. 

This delicious plant-based alternative is specially formulated to steam, froth & aerate. 

Perfect for coffee, tea or any one of your favorite hot beverages. Best enjoyed in those quiet moments alone or over a catch up with friends and family. 

With Australia's Own Barista, the cafe is always with you, at home. 
Perfect plant-based milk for coffee at the comfort of your own home

Quality core ingredients

Creamy plant-based milks",,,"Per 100g/ml
Per Serving
%DI
Energy
125kJ
314kJ
4%
Protein
0.5g
1.2g
2%
Total Fat
1.9g
4.7g
7%
Saturated Fat
0.3g
0.8g
3%
Carbohydrate
2.6g
6.4g
2%
Sugars
1.7g
4.2g
5%
Cholesterol
Not detected
Not detected
Not detected
Lactose
Not detected
Not detected
Not detected
Sodium
40mg
101mg
4%
Monounsaturated
1.5g
3.7g
Energy (Cal)
30cal
75cal
Polyunsaturated
0.1g
0.2g
Galactose
Not detected
Not detected
Not detected
Gluten
Not detected
Not detected
Not detected
Trans
0.0g
0.0g
* Percentage Daily Intakes are based on an average adult diet of 8700 kJ. Your daily intakes may be higher or lower depending on your energy needs.",,https://www.coles.com.au/product/australias-own-barista-macadamia-milk-1l-3793510,,,2024-06-16T13:22:07.290034-04:00
Ind54SColes_ADrinks_SALong Life-Milk_IOak Uht Flavoured Milk Strawberry 6x200mL | 6 pack,Oak Uht Flavoured Milk Strawberry 6x200mL | 6 pack,Oak,Drinks,Long Life-Milk,Long-Life Flavoured Milk,,$6.50,,$7.50,$5.42 per 1L,7749564,"OAK really hits the spot when you're hungrythirsty. With over 50 years' experience and a choice of creamy and authentic flavours, OAK is always the answer.
Source of protein

High in calcium",,,"Per 100g/ml
Per Serving
%DI
Energy
308 kJ
616 kJ
Protein
3.3 g
6.6 g
Total Fat
2.0 g
4.0 g
Saturated Fat
1.3 g
2.6 g
Carbohydrate
10.5 g
21.0 g
Sugars
10.5 g
21.0 g
Calcium
113 mg
226 mg
28%
Sodium
45 mg
90 mg
* Percentage Daily Intakes are based on an average adult diet of 8700 kJ. Your daily intakes may be higher or lower depending on your energy needs.","Milk, Skim Milk, Sugar, Milk Solids, Colour (120), Flavour.",https://www.coles.com.au/product/oak-uht-flavoured-milk-strawberry-6x200ml-6-pack-7749564,,,2024-06-16T13:22:19.082239-04:00
Ind54SColes_ADrinks_SA_IPureharvest Organic Long Life Oat Milk | 1L,Pureharvest Organic Long Life Oat Milk | 1L,Pureharvest,Drinks,,,,$2.10,,$3.00,$2.10 per 1L,6684146,"PureHarvest Organic Oat milk was the first oat milk introduced to the Australian market back in 1995.

For over 25 years we have been producing a creamy, nutritious oat milk using whole organic oats with no unnecessary additives.

That means no oat flour, no gums, no emulsifiers & no preservatives; just simple, organic ingredients, produced right here in Australia.
Organic

Vegan

No added cane sugar

No Artificial Colours or Flavours

GMO Free",,,"Per 100g/ml
Per Serving
%DI
Energy
203kJ
508kJ
Protein
1.4g
3.5g
Total Fat
1.3g
3.3g
Saturated Fat
0.2g
0.5g
Carbohydrate
7.7g
19.3g
Sugars
3.5g
8.8g
Calcium
120mg
300mg
Sodium
45mg
113mg
Monounsaturated
0.7g
1.8g
Dietary Fibre (total)
<1g
<1g
Polyunsaturated
0.4g
1.0g
Trans
NIL
NIL
* Percentage Daily Intakes are based on an average adult diet of 8700 kJ. Your daily intakes may be higher or lower depending on your energy needs.",,https://www.coles.com.au/product/pureharvest-organic-long-life-oat-milk-1l-6684146,,,2024-06-16T13:22:30.409359-04:00
Ind54SColes_ADrinks_SALong Life-Milk_ILiving Planet Goats Long Life Milk | 1L,Living Planet Goats Long Life Milk | 1L,Living Planet,Drinks,Long Life-Milk,Long-Life-Milk,,$4.70,,,$4.70 per 1L,9972158,"Boost and repair muscle strength with Living Planet Goats Long Life Milk. Rich in calcium with no GMO added this milk drink provides you with all-natural benefits that you also get on regular milk. Relish in the delicious sweet and slightly salty taste of Living Planet goats milk.
Australian dairy

Free from GMO

8.75g protein per serve

Good source of calcium",,,,,https://www.coles.com.au/product/living-planet-goats-long-life-milk-1l-9972158,,,2024-06-16T13:22:39.331828-04:00
Ind54SColes_ADrinks_SA_ISanitarium So Good Long Life Unsweetened Almond & Coconut Milk | 1L,Sanitarium So Good Long Life Unsweetened Almond & Coconut Milk | 1L,Sanitarium,Drinks,,,,$2.00,,$2.90,$2.00 per 1L,1987118,"So Good Almond & Coconut Milk's refreshing taste is perfect with cereal, in a smoothie, or added to your favourite desserts or baking.

We're proud to use Australian almonds (supporting our local farming communities), which are roasted and churned into butter, making a delicious and nutritious nut milk.

Aussie Made

High in Calcium

Vitamins B12 + B2 + E
No Artificial Colours or Flavours

No Lactose

No Gluten

No Cholesterol

No Dairy

No Added Sugar.",,,"Per 100g/ml
Per Serving
%DI
Energy
72kJ
180kJ
Protein
0.5g
1.3g
Total Fat
1.5g
3.7g
Saturated Fat
0.3g
0.8g
Carbohydrate
0.3g
0.9g
Sugars
0.2g
0.5g
Vitamin B2
0.17mg
0.43mg
25%
Calcium
120mg
300mg
37%
Vitamin B12
0.4ug
1.0ug
50%
Cholesterol
0.0mg
0.0mg
Lactose
0.0g
0.0g
Sodium
31mg
79mg
Vitamin E
0.6mg
1.5mg
15%
Monounsaturated
0.8g
2.0g
Energy (Cal)
17Cal
43Cal
Dietary Fibre (total)
0.3g
0.7g
Polyunsaturated
0.4g
0.9g
Galactose
0.0g
0.0g
Gluten
Not Detected
Not Detected
Potassium
20mg
51mg
Trans
0.0g
0.0g
* Percentage Daily Intakes are based on an average adult diet of 8700 kJ. Your daily intakes may be higher or lower depending on your energy needs.",,https://www.coles.com.au/product/sanitarium-so-good-long-life-unsweetened-almond-and-coconut-milk-1l-1987118,,,2024-06-16T13:22:50.538787-04:00
Ind54SColes_ADrinks_SALong Life-Milk_INippy's Coffee Flavoured Multipack Long Life Milk 375mL | 4 pack,Nippy's Coffee Flavoured Multipack Long Life Milk 375mL | 4 pack,Nippys,Drinks,Long Life-Milk,Long-Life Flavoured Milk,,$8.40,,,$5.60 per 1L,2412213,"This product is high in calcium. Diets high in calcium enhance bones and mineral density.
Made using reduced fat milk with 25% less fat than full cream milk.",,,"Per 100g/ml
Per Serving
%DI
Energy
266kJ
998kJ
Protein
3.2g
12g
Total Fat
1.9g
7.1g
Saturated Fat
1.3g
4.9g
Carbohydrate
8.4g
31.5g
Sugars
8g
30g
Calcium
108mg
405mg
Sodium
38mg
143mg
Potassium
149mg
559mg
* Percentage Daily Intakes are based on an average adult diet of 8700 kJ. Your daily intakes may be higher or lower depending on your energy needs.",,https://www.coles.com.au/product/nippy's-coffee-flavoured-multipack-long-life-milk-375ml-4-pack-2412213,,,2024-06-16T13:23:01.647110-04:00
Ind54SColes_ADrinks_SALong Life-Milk_ISanitarium So Good Long Life Unsweetened Almond Milk | 1L,Sanitarium So Good Long Life Unsweetened Almond Milk | 1L,Sanitarium,Drinks,Long Life-Milk,Almond Long Life Milk,,$2.00,,$2.90,$2.00 per 1L,1260754,"So Good Almond Unsweetened Milk has a light nutty taste that's perfect with cereal, in a smoothie, or added to your favourite desserts and baking.

We're proud to use Australian almonds (supporting our local farming communities), which are roasted and churned into butter, making a delicious and nutritious nut milk.

Aussie Made

High in Calcium

Vitamins B12 + B2 + E
No Artificial Colours or Flavours

No Lactose

No Gluten

No Cholesterol

No Dairy

No Added Sugar.",,,"Per 100g/ml
Per Serving
%DI
Energy
69kJ
173kJ
Protein
0.6g
1.4g
Total Fat
1.4g
3.5g
Saturated Fat
0.1g
0.3g
Carbohydrate
0.3g
0.8g
Sugars
0.1g
0.3g
Vitamin B2
0.17mg
0.43mg
25%
Calcium
120mg
300mg
37%
Vitamin B12
0.4ug
1.0ug
50%
Cholesterol
0.0mg
0.0mg
Lactose
0.0g
0.0g
Sodium
36mg
90mg
Vitamin E
0.6mg
1.5mg
15%
Monounsaturated
0.9g
2.2g
Energy (Cal)
16Cal
41Cal
Dietary Fibre (total)
0.3g
0.8g
Polyunsaturated
0.4g
1.0g
Galactose
0.0g
0.0g
Gluten
Not Detected
Not Detected
Potassium
19mg
49mg
Trans
0.0g
0.0g
* Percentage Daily Intakes are based on an average adult diet of 8700 kJ. Your daily intakes may be higher or lower depending on your energy needs.",,https://www.coles.com.au/product/sanitarium-so-good-long-life-unsweetened-almond-milk-1l-1260754,,,2024-06-16T13:23:12.897575-04:00
Ind54SColes_ADrinks_SALong Life-Milk_IMinor Figures Barista Oat Milk | 1L,Minor Figures Barista Oat Milk | 1L,Minor Figures,Drinks,Long Life-Milk,Oats & Rice Long Life Milk,,$4.80,Buy 2 for $7,,$4.80 per 1L,4309124,"'Better for your coffee. Better for the planet. Minor Figures Oat Milk is formulated by baristas, for baristas.",,,"Per 100g/ml
Per Serving
%DI
Energy
206kJ
413kJ
Protein
0.2g
0.5g
Total Fat
2.1g
4.3g
Saturated Fat
0.2g
0.4g
Carbohydrate
7.1g
14.3g
Sugars
3.4g
6.8g
Sodium
45mg
90mg
* Percentage Daily Intakes are based on an average adult diet of 8700 kJ. Your daily intakes may be higher or lower depending on your energy needs.",,https://www.coles.com.au/product/minor-figures-barista-oat-milk-1l-4309124,,,2024-06-16T13:23:24.045680-04:00
Ind54SColes_ADrinks_SA_IDevondale Moo Flavoured Milk Strawberry 6x200mL | 6 pack,Devondale Moo Flavoured Milk Strawberry 6x200mL | 6 pack,Devondale,Drinks,,,,$6.50,,$7.45,$5.42 per 1L,1948466,"Delicious Devondale Moo Strawberry Flavoured Milk is made with the natural goodness of full cream milk. Packed in a convenient lunch box friendly stay-fresh UHT pack, kids will love the creamy taste of Devondale Moo when they are on-the-go.- High in calcium- A source of protein - No added artificial colours or flavours- Convenient lunchbox multipack- Long life UHT Milk",,,"Per 100g/ml
Per Serving
%DI
Energy
340kJ
680kJ
Protein
3.2g
6.4g
Total Fat
3.4g
6.8g
Saturated Fat
2.3g
4.6g
Carbohydrate
9.4g
18.8g
Sugars
9.3g
18.8g
Calcium
110mg
220mg
28%
Sodium
37mg
74mg
* Percentage Daily Intakes are based on an average adult diet of 8700 kJ. Your daily intakes may be higher or lower depending on your energy needs.","Whole milk, sugar, natural flavour, emulsifer (471), Stabilisers (407, 412), Natural colours (120)",https://www.coles.com.au/product/devondale-moo-flavoured-milk-strawberry-6x200ml-6-pack-1948466,,,2024-06-16T13:23:35.177277-04:00
Ind54SColes_ADrinks_SALong Life-Milk_IOatly Oat Milk Vanilla | 1L,Oatly Oat Milk Vanilla | 1L,Oatly,Drinks,Long Life-Milk,Long-Life Flavoured Milk,,$4.00,,$5.00,$4.00 per 1L,6488308,,,,,,https://www.coles.com.au/product/oatly-oat-milk-vanilla-1l-6488308,,,2024-06-16T13:23:43.873596-04:00
Ind54SColes_ADrinks_SALong Life-Milk_IDevondale Skim Long Life Milk 6 pack | 1.2L,Devondale Skim Long Life Milk 6 pack | 1.2L,Devondale,Drinks,Long Life-Milk,Long-Life-Milk,,$6.00,,,$5.00 per 1L,5994046,"Devondale Skim Long Life Milk is delicious and contains all the goodness of milk without the fat. Simply heated and sealed into a convenient stay-fresh pack, we lock in the goodness of farm-fresh milk. 99.9% fat free and with no added preservatives, it is a natural source of essential nutrients including prosperous, magnesium, potassium and vitamin B12- High in calcium- Source of protein- No preservatives- Homogenised & pasteurised- Long life UHT Skim Milk",,,"Per 100g/ml
Per Serving
%DI
Energy
143kJ
286kJ
Protein
3.3g
6.6g
Total Fat
0.1g
0.2g
Saturated Fat
0.1g
0.2g
Carbohydrate
4.9g
9.8g
Sugars
4.9g
9.8g
Calcium
120mg
240mg
30%
Sodium
45mg
90mg
* Percentage Daily Intakes are based on an average adult diet of 8700 kJ. Your daily intakes may be higher or lower depending on your energy needs.",,https://www.coles.com.au/product/devondale-skim-long-life-milk-6-pack-1.2l-5994046,,,2024-06-16T13:23:54.900286-04:00
Ind54SColes_ADrinks_SA_INippy's Chocolate Flavoured Multipack Long Life Milk 375mL | 4 pack,Nippy's Chocolate Flavoured Multipack Long Life Milk 375mL | 4 pack,Nippys,Drinks,,,,$8.40,,,$5.60 per 1L,2412202,"This product is high in calcium. Diets high in calcium enhance bones and mineral density.
Made using reduced fat milk with 25% less fat than full cream milk.",,,"Per 100g/ml
Per Serving
%DI
Energy
302kJ
1130kJ
Protein
3.5g
13.1g
Total Fat
2.2g
8.3g
Saturated Fat
1.5g
5.6g
Carbohydrate
9.5g
35.6g
Sugars
8.7g
32.6g
Calcium
120mg
450mg
Sodium
45mg
169mg
Potassium
183mg
686mg
* Percentage Daily Intakes are based on an average adult diet of 8700 kJ. Your daily intakes may be higher or lower depending on your energy needs.",,https://www.coles.com.au/product/nippy's-chocolate-flavoured-multipack-long-life-milk-375ml-4-pack-2412202,,,2024-06-16T13:24:05.947671-04:00
Ind54SColes_ADrinks_SALong Life-Milk_IA2 Full Cream Instant Milk Powder | 1kg,A2 Full Cream Instant Milk Powder | 1kg,A2,Drinks,Long Life-Milk,Powdered Long Life Milk,,$19.00,,,$1.90 per 100g,2412654,a2 Milk Full Cream Milk Powder has been spray dried to preserve all the Natural goodnes and special benefits of a2 Milk. It is high in calcium and comes in an airtight reselable pouch to maintain its freshness.,,,"Per 100g/ml
Per Serving
%DI
Energy
299kJ
748kJ
Protein
3.4g
8.5g
Total Fat
4g
10g
Saturated Fat
2.7g
6.8g
Carbohydrate
5.5g
13.8g
Sugars
5.5g
13.8g
Calcium
112mg
280mg
35%
Sodium
32mg
81mg
Potassium
130mg
326mg
* Percentage Daily Intakes are based on an average adult diet of 8700 kJ. Your daily intakes may be higher or lower depending on your energy needs.",,https://www.coles.com.au/product/a2-full-cream-instant-milk-powder-1kg-2412654,,,2024-06-16T13:24:16.878489-04:00
Ind54SColes_ADrinks_SALong Life-Milk_IAustralias Own Strawberry Kids Milk 200mL | 6 pack,Australias Own Strawberry Kids Milk 200mL | 6 pack,Australias Own,Drinks,Long Life-Milk,Long-Life Flavoured Milk,,$4.90,,$6.20,$4.08 per 1L,4311385,"Australia's Own Strawberry Flavoured Kids Milk contains 6
nutrients found naturally in dairy milk. It is also a good source of calcium, for strong healthy bones and contains protein for healthy growing muscles. More reasons to love this tasty strawberry milk!
Source of Protein

Good source of calcium

No artificial colours, flavours or preservatives

Proudly Australian made & owned",,,"Per 100g/ml
Per Serving
%DI
Energy
244
488
6
Protein
3.2
6.4
13
Total Fat
0.9
1.8
3
Saturated Fat
0.7
1.4
6
Carbohydrate
9.2
18.4
6
Sugars
8.9
17.8
20
Vitamin B2
0.2mg
0.4mg
24%RDI
Vitamin B3
0.54mg
1.08mg
11%RDI
Calcium
120mg
240mg
30%RDI
Vitamin B12
0.57ug
1.14ug
57%RDI
Sodium
41mg
82mg
4
Energy (Cal)
116
Iodine
26mg
52mg
35%RDI
* Percentage Daily Intakes are based on an average adult diet of 8700 kJ. Your daily intakes may be higher or lower depending on your energy needs.",,https://www.coles.com.au/product/australias-own-strawberry-kids-milk-200ml-6-pack-4311385,,,2024-06-16T13:24:27.731889-04:00
Ind54SColes_ADrinks_SALong Life-Milk_ISanitarium So Good Extra Creamy Oat Milk | 1L,Sanitarium So Good Extra Creamy Oat Milk | 1L,Sanitarium,Drinks,Long Life-Milk,Long-Life Flavoured Milk,,$1.95,,$2.80,$1.95 per 1L,6501304,"So Good Extra Creamy Oat Milk was made to delight your tastebuds with a deliciously smooth and creamy texture. It's the perfect partner for your morning muesli and a wonderful addition to plant-based cooking and baking.

We're proud to use Australian grown oats. Our oats are softly milled and blended with the best ingredients to create an oat milk that won't disappoint.

Aussie Made

High in calcium

Vitamins B12 + B2 + D + A
No Artificial Colours or Flavours

No Lactose

No Cholesterol

No Dairy",,,"Per 100g/ml
Per Serving
%DI
Energy
224kJ
560kJ
Protein
0.7g
1.8g
Total Fat
2.6g
6.5g
Saturated Fat
0.2g
0.5g
Carbohydrate
6.5g
16.3g
Sugars
2.4g
6.0g
Vitamin B2
0.17mg
0.43mg
25%
Calcium
120mg
300mg
38%
Vitamin B12
0.4ug
1.0ug
50%
Cholesterol
0.0mg
0.0mg
Vitamin A
40ug
100ug
13%
Lactose
0.0g
0.0g
Vitamin D
0.5ug
1.2ug
12%
Sodium
45mg
113mg
Monounsaturated
0.9g
2.3g
Energy (Cal)
54Cal
135Cal
Dietary Fibre (total)
0.4g
1.0g
Polyunsaturated
1.0g
2.5g
Galactose
0.0g
0.0g
Potassium
242mg
605mg
Trans
0.0g
0.0g
* Percentage Daily Intakes are based on an average adult diet of 8700 kJ. Your daily intakes may be higher or lower depending on your energy needs.",,https://www.coles.com.au/product/sanitarium-so-good-extra-creamy-oat-milk-1l-6501304,,,2024-06-16T13:24:38.694350-04:00
Ind54SColes_ADrinks_SALong Life-Milk_IDevondale Full Cream Long Life Milk 6 pack | 1.2L,Devondale Full Cream Long Life Milk 6 pack | 1.2L,Devondale,Drinks,Long Life-Milk,Long-Life-Milk,,$6.00,,,$5.00 per 1L,5984520,"Devondale Full Cream Long Life Milk is deliciously rich and creamy and contains no added preservatives. Simply heated and sealed into a convenient stay-fresh pack, we lock in the goodness of farm-fresh milk. A natural source of essential nutrients including prosperous, magnesium, potassium and vitamin B12- High in Calcium- Source of Protein- No Preservatives- Homogenised & Pasteurised Milk- Long life full cream UHT Milk",,,"Per 100g/ml
Per Serving
%DI
Energy
264kJ
528kJ
Protein
3.3g
6.6g
Total Fat
3.4g
6.8g
Saturated Fat
2.3g
4.6g
Carbohydrate
4.8g
9.6g
Sugars
4.8g
9.6g
Calcium
120mg
240mg
30%
Sodium
45mg
90mg
* Percentage Daily Intakes are based on an average adult diet of 8700 kJ. Your daily intakes may be higher or lower depending on your energy needs.",,https://www.coles.com.au/product/devondale-full-cream-long-life-milk-6-pack-1.2l-5984520,,,2024-06-16T13:24:49.699755-04:00
Ind54SColes_ADrinks_SALong Life-Milk_IDevondale Full Cream Long Life Milk | 2L,Devondale Full Cream Long Life Milk | 2L,Devondale,Drinks,Long Life-Milk,Long-Life-Milk,,$3.90,,,$1.95 per 1L,5230904,"Devondale Full Cream Long Life Milk is deliciously rich and creamy and contains no added preservatives. Simply heated and sealed into a convenient stay-fresh pack, we lock in the goodness of farm-fresh milk. A natural source of essential nutrients including prosperous, magnesium, potassium and vitamin B12- High in Calcium- Source of Protein- No Preservatives- Homogenised & Pasteurised Milk- Long life full cream UHT Milk",,,"Per 100g/ml
Per Serving
%DI
Energy
264kJ
660kJ
Protein
3.3g
8.3g
Total Fat
3.4g
8.5g
Saturated Fat
2.3g
5.8g
Carbohydrate
4.8g
12g
Sugars
4.8g
12g
Calcium
120mg
300mg
38%
Sodium
45mg
113mg
* Percentage Daily Intakes are based on an average adult diet of 8700 kJ. Your daily intakes may be higher or lower depending on your energy needs.",,https://www.coles.com.au/product/devondale-full-cream-long-life-milk-2l-5230904,,,2024-06-16T13:25:00.779609-04:00
Ind54SColes_ADrinks_SALong Life-Milk_IAustralia's Own Unsweetened Organic Almond Milk | 1L,Australia's Own Unsweetened Organic Almond Milk | 1L,Australias Own,Drinks,Long Life-Milk,Organic Long Life Milk,,$3.10,,,$3.10 per 1L,2412370,"Australian Natural Goodness

We believe Australia is packed full of nature's good stuff... from hiking in the bush, to strolling down a beach and wiggling your toes in the sand.

Australia's Own is all about the power of nature, nurturing us on the inside and feeling good on the outside. We only use pure and simple certified organic ingredients.

Our range of products is the way nature intended... simply good for you!

Organic farming, doing good for the planet

- Chemical-free from synthetic herbicides and pesticides, growing cleaner food and saving our waterways.
- Sustainable farming systems promoting greater biodiversity.
- GMO's are prohibited on organic farms, ensuring methods of production are as close as nature intended.
Certified Organic

No added sweetener, no cane sugar, no gluten and no lactose",,,"Per 100g/ml
Per Serving
%DI
Energy
82kJ
205kJ
2%
Protein
0.6g
1.5g
3%
Total Fat
1.7g
4.3g
6%
Saturated Fat
0.1g
0.3g
1%
Carbohydrate
0.4g
0.9g
0%
Sugars
0.1g
0.3g
0%
Cholesterol
Not Detected
Not Detected
Lactose
Not Detected
Not Detected
Sodium
40mg
100mg
4%
Monounsaturated
1.1g
2.9g
Energy (Cal)
20Cal
49Cal
Dietary Fibre (total)
<0.5g
<0.1g
3%
Polyunsaturated
0.4g
0.9g
Galactose
Not Detected
Not Detected
Gluten
Not Detected
Not Detected
Trans
<0.1g
<0.1g
* Percentage Daily Intakes are based on an average adult diet of 8700 kJ. Your daily intakes may be higher or lower depending on your energy needs.",,https://www.coles.com.au/product/australia's-own-unsweetened-organic-almond-milk-1l-2412370,,,2024-06-16T13:25:11.906420-04:00
Ind54SColes_ADrinks_SALong Life-Milk_IMilklab Almond Milk | 250mL,Milklab Almond Milk | 250mL,Milklab,Drinks,Long Life-Milk,Almond Long Life Milk,,$2.00,Pick any 3 for $5,,$8.00 per 1L,6501075," Australia's #1 barista almond milk for coffee is now available for the home barista!

Crafted with baristas, for baristas MILKLAB Almond has been designed to texture and stretch with high performance and perfectly complement coffee with its smooth, nutty flavour and rich, velvety mouthfeel.

Now available in a convenient ‘single serve' pack size so you can replicate the quality of a barista-made coffee from the comfort of your own home.",,,"Per 100g/ml
Per Serving
%DI
Energy
155
387
4
Protein
0.8
2.0
4
Total Fat
2.5
6.2
9
Saturated Fat
0.2
0.5
2
Carbohydrate
2.8
6.9
2
Sugars
1.7
4.3
5
Calcium
120mg
300mg
38
Sodium
40mg
100mg
5
Energy (Cal)
37
92
4
Dietary Fibre (total)
<0.5
<1
2
* Percentage Daily Intakes are based on an average adult diet of 8700 kJ. Your daily intakes may be higher or lower depending on your energy needs.",,https://www.coles.com.au/product/milklab-almond-milk-250ml-6501075,,,2024-06-16T13:25:22.781567-04:00
Ind54SColes_ADrinks_SALong Life-Milk_IColes Fat Free Instant Skim Milk Powder | 1kg,Coles Fat Free Instant Skim Milk Powder | 1kg,Coles,Drinks,Long Life-Milk,Powdered Long Life Milk,,$10.00,,,$1.00 per 100g,7910660,Coles Milk Powder Skim 1 Kg a versatile product with many uses and allows you to make your own milk,,,"Per 100g/ml
Per Serving
%DI
Energy
154.90
387.25
Protein
3.30
8.25
Total Fat
0.10
0.25
Carbohydrate
5.50
13.75
Sugars
5.50
13.75
Calcium
120.00
300.00
Sodium
35.00
87.50
Saturated
0.40
1.00
Energy (Cal)
37.06
92.64
Dietary Fibre (total)
0.20
0.50
Potassium
145.00
362.50
* Percentage Daily Intakes are based on an average adult diet of 8700 kJ. Your daily intakes may be higher or lower depending on your energy needs.",,https://www.coles.com.au/product/coles-fat-free-instant-skim-milk-powder-1kg-7910660,,,2024-06-16T13:25:33.654850-04:00
Ind54SColes_ADrinks_SAHealth Foods Sports Nutrition & Diet_IAmazonia Isolate Chocolate Coconut Raw Protein Powder | 390g,Amazonia Isolate Chocolate Coconut Raw Protein Powder | 390g,Amazonia,Drinks,Health Foods Sports Nutrition & Diet,Nutrition Powders,,$28.80,,$36.00,$7.38 per 100g,4304368,"Amazonia Raw Protein Isolate is a market leader Certified Organic, vegan protein offering a complete amino acid profile. This gentle formula has been designed for easy digestion and is enhanced with plant-based digestive enzyme, Bromelain, for premium bioavailability. With over 80% organic sprouted and fermented protein, Raw Protein Isolate has been specifically formulated with a blend of golden pea and brown rice to provide a complete amino acid profile. Increase your daily protein intake and support muscle repair and tissue repair with this delicious formula.",,,"Per 100g/ml
Per Serving
%DI
Energy
1630kJ
490kJ
Protein
390g
20.9g
Total Fat
69.7g
2.5g
Saturated Fat
8.3g
0.7g
Carbohydrate
8.9g
2.7g
Sugars
2.9g
0.9g
Sodium
980mg
294mg
Iron
39.7mg
11.9mg
99%
Zinc
5mg
1.5mg
12%
* Percentage Daily Intakes are based on an average adult diet of 8700 kJ. Your daily intakes may be higher or lower depending on your energy needs.",,https://www.coles.com.au/product/amazonia-isolate-chocolate-coconut-raw-protein-powder-390g-4304368,,,2024-06-16T13:25:44.787662-04:00
Ind54SColes_ADrinks_SALong Life-Milk_ILiddells Lactose Free Full Cream Milk | 1L,Liddells Lactose Free Full Cream Milk | 1L,Liddells,Drinks,Long Life-Milk,Lactose Free-Milk,,$3.00,,,$3.00 per 1L,6706012,"With Liddells you can have the freedom to enjoy the delicious taste and nutrition of real dairy without the lactose. Liddells Lactose Free Full Cream Long Life Milk, is great tasting, rich and creamy, gluten free and is packed in an easy to open and pour 1L pack. It is made from farm-fresh Aussie cow's milk, so it's full of dairy goodness  just without the lactose.Enjoy real dairy freedom with Liddells Lactose Free Full Cream 1L Long Life Milk.If you love dairy, but your digestive system doesn't, Liddells Lactose Free Full Cream Milk is for you. Liddells milk contains the lactase enzyme which makes it easy to digest* if your body doesn't naturally make enough lactase to digest lactose. Liddells products should form part of a healthy diet containing a variety of foods.",,,"Per 100g/ml
Per Serving
%DI
Energy
265kJ
663kJ
Protein
3.2g
8g
Total Fat
3.4g
8.5g
Saturated Fat
2.3g
5.8g
Carbohydrate
4.8g
12g
Sugars
4.8g
12g
Calcium
120mg
300mg
38%
Sodium
45mg
113mg
* Percentage Daily Intakes are based on an average adult diet of 8700 kJ. Your daily intakes may be higher or lower depending on your energy needs.",,https://www.coles.com.au/product/liddells-lactose-free-full-cream-milk-1l-6706012,,,2024-06-16T13:25:55.938201-04:00
Ind54SColes_ADrinks_SALong Life-Milk_IColes Organic Soy Milk | 1L,Coles Organic Soy Milk | 1L,Coles,Drinks,Long Life-Milk,Soy Milk Long Life Milk,,$1.60,,,$1.60 per 1L,3492954,"Coles Organic Soy Milk 1L. A dairy free, vegan Australian made milk, fortified with calcium. Our organic soy milk is a versatile, dairy alternative with 15% whole soy beans, cholesterol free and low in saturated fat. Its perfect for cereal, tea, smoothies, cooking, baking and more!",,,"Per 100g/ml
Per Serving
%DI
Energy
275.80
689.50
Protein
3.10
7.75
Carbohydrate
5.80
14.50
Sugars
1.80
4.50
Calcium
132.00
330.00
Saturated
0.39
0.98
Cholesterol
1.00
2.50
Lactose
0.00
0.00
Sodium
41.00
102.50
Monounsaturated
1.85
4.63
Energy (Cal)
65.98
164.95
Fat
3.30
8.25
Dietary Fibre (total)
0.30
0.75
Polyunsaturated
0.97
2.43
Galactose
0.00
0.00
Gluten
0.00
0.00
Trans
0.09
0.23
* Percentage Daily Intakes are based on an average adult diet of 8700 kJ. Your daily intakes may be higher or lower depending on your energy needs.",,https://www.coles.com.au/product/coles-organic-soy-milk-1l-3492954,,,2024-06-16T13:26:07.479302-04:00
Ind54SColes_ADrinks_SAPantry items_IAustralia's Own Organic Oat Milk | 1L,Australia's Own Organic Oat Milk | 1L,Australias Own,Drinks,Pantry items,Long life milk,,$2.80,,,"$2.80 per 1L
Was $3.50 on Apr 2024",4930638,"This delicious Unsweetened Oat Milk contains the goodness of organic oats, with the nutritional benefits of calcium, no added sweetener, no cane sugar and no lactose.

Best of all, it is Certified Organic.

- Lactose Free
- Soy Free
- No added Cane Sugar
- No Cholesterol
Available in 1L
Certified Organic",,,"Per 100g/ml
Per Serving
%DI
Energy
210
525
6
Protein
1.0
2.5
5
Total Fat
2.0
5.0
7
Saturated Fat
0.2
0.5
2
Carbohydrate
7.2
18.1
6
Sugars
2.7
6.8
8
Calcium
120
300
38
Sodium
42
106
5
Monounsaturated
1.5
3.6
Energy (Cal)
50
125
Dietary Fibre (total)
<0.5
<1.0
3
Polyunsaturated
0.5
1.2
Trans
0.0
0.0
* Percentage Daily Intakes are based on an average adult diet of 8700 kJ. Your daily intakes may be higher or lower depending on your energy needs.",,https://www.coles.com.au/product/australia's-own-organic-oat-milk-1l-4930638,,,2024-06-16T13:26:18.530539-04:00
Ind54SColes_ADrinks_SALong Life-Milk_IDevondale Skim Long Life Milk | 1L,Devondale Skim Long Life Milk | 1L,Devondale,Drinks,Long Life-Milk,Long-Life-Milk,,$2.20,,,$2.20 per 1L,455849,"Devondale Skim Long Life Milk is delicious and contains all the goodness of milk without the fat. Simply heated and sealed into a convenient stay-fresh pack, we lock in the goodness of farm-fresh milk. 99.9% fat free and with no added preservatives, it is a natural source of essential nutrients including prosperous, magnesium, potassium and vitamin B12- High in calcium- Source of protein- No preservatives- Homogenised & pasteurised- Long life UHT Skim Milk",,,"Per 100g/ml
Per Serving
%DI
Energy
210kJ
525kJ
Protein
3.3g
8.3g
Total Fat
2g
5g
Saturated Fat
1.4g
3.5g
Carbohydrate
4.7g
11.8g
Sugars
4.7g
11.8g
Calcium
120mg
300mg
38%
Sodium
45mg
113mg
* Percentage Daily Intakes are based on an average adult diet of 8700 kJ. Your daily intakes may be higher or lower depending on your energy needs.",,https://www.coles.com.au/product/devondale-skim-long-life-milk-1l-455849,,,2024-06-16T13:26:29.481717-04:00
Ind54SColes_ADrinks_SALong Life-Milk_IDevondale Semi Skim Long Life Milk | 1L,Devondale Semi Skim Long Life Milk | 1L,Devondale,Drinks,Long Life-Milk,Long-Life-Milk,,$2.20,,,$2.20 per 1L,4824856,"Devondale Semi Skim Long Life Milk contains all the natural goodness of full cream milk, with only 2% fat and contains no added preservatives. Simply heated and sealed into a convenient stay-fresh pack, we lock in the goodness of farm-fresh milk. A natural source of essential nutrients including prosperous, magnesium, potassium and vitamin B12- High in calcium- Source of protein- No preservatives- Homogenised & pasteurised- Long life semi skim UHT Milk",,,"Per 100g/ml
Per Serving
%DI
Energy
143kJ
358kJ
Protein
3.3g
8.3g
Total Fat
0.1g
0.3g
Saturated Fat
0.1g
0.3g
Carbohydrate
4.9g
12.3g
Sugars
4.9g
12.3g
Calcium
120mg
300mg
38%
Sodium
45mg
113mg
* Percentage Daily Intakes are based on an average adult diet of 8700 kJ. Your daily intakes may be higher or lower depending on your energy needs.",,https://www.coles.com.au/product/devondale-semi-skim-long-life-milk-1l-4824856,,,2024-06-16T13:26:40.654059-04:00
Ind54SColes_ADrinks_SALong Life-Milk_IColes Unsweetened Oat Milk | 1L,Coles Unsweetened Oat Milk | 1L,Coles,Drinks,Long Life-Milk,Long-Life Flavoured Milk,,$2.00,,,$2.00 per 1L,6337674,Calcium for healthy teeth and bones^ Low in saturated fat Suitable for vegans Lactose Free,,,"Per 100g/ml
Per Serving
%DI
Energy
227.65
569.13
Protein
1.00
2.50
Total Fat
2.3
5.6
8
Saturated Fat
LESS THAN 1g
LESS THAN 1g
3
Carbohydrate
7.40
18.50
Sugars
2.80
7.00
beta-glucan
0.00
0.00
Calcium
100.00
250.00
Saturated
0.29
0.73
lactose
NOT DETECTED
NOT DETECTED
Cholesterol
0.09
0.23
Lactose
0.00
0.00
Sodium
55.00
137.50
Monounsaturated
1.47
3.68
Energy (Cal)
54.46
136.15
Fat
2.25
5.63
Dietary Fibre (total)
0.20
0.50
Polyunsaturated
0.39
0.98
Galactose
0.00
0.00
Trans
0.09
0.23
trans
LESS THAN 0.1g
LESS THAN 1g
* Percentage Daily Intakes are based on an average adult diet of 8700 kJ. Your daily intakes may be higher or lower depending on your energy needs.",,https://www.coles.com.au/product/coles-unsweetened-oat-milk-1l-6337674,,,2024-06-16T13:26:51.649850-04:00
Ind54SColes_ADrinks_SALong Life-Milk_IMilklab Almond Milk | 1L,Milklab Almond Milk | 1L,Milklab,Drinks,Long Life-Milk,Almond Long Life Milk,,$5.50,,,$5.50 per 1L,7497814,,,,,,https://www.coles.com.au/product/milklab-almond-milk-1l-7497814,,,2024-06-16T13:27:00.660283-04:00
Ind54SColes_ADrinks_SALong Life-Milk_IA2 Full Cream UHT Milk | 1L,A2 Full Cream UHT Milk | 1L,A2,Drinks,Long Life-Milk,Long-Life-Milk,,$3.90,,,$3.90 per 1L,4873250,"For more information on the a2 Milk difference visit www.a2milk.com.au
This delicious and creamy UHT long-life milk contains less than 4g of fat per 100ml.

Ideal for camping or stocking up the pantry. Always have your favourite a2 Milk on hand with a2 Milk UHT.

The perfect milk for all occasions! Use a2 Milk in tea and coffee, smoothies, baking, cooking, with cereal, with cookies, or simply enjoy on its own.

a2 Milk has been proudly partnering with Landcare Australia since 2017 to support our farmers with initiatives to protect, enhance and restore the natural environment

Good source of calcium.",,,"Per 100g/ml
Per Serving
%DI
Energy
264kJ
662kJ
0
Protein
3.3g
8.3g
0
Total Fat
3.5g
8.8g
0
Saturated Fat
2.4g
6.0g
0
Carbohydrate
4.6g
11.5g
0
Sugars
4.6g
11.5g
0
Calcium
120mg
300mg
37.00%
Sodium
43mg
108mg
0
Monounsaturated
0
0
0
Energy (Cal)
0
0
0
Dietary Fibre (total)
0
0
0
Polyunsaturated
0
0
0
Trans
0
0
0
* Percentage Daily Intakes are based on an average adult diet of 8700 kJ. Your daily intakes may be higher or lower depending on your energy needs.",,https://www.coles.com.au/product/a2-full-cream-uht-milk-1l-4873250,,,2024-06-16T13:27:11.511404-04:00
Ind54SColes_ADrinks_SALong Life-Milk_IColes Australian Lite Long Life Milk | 1L,Coles Australian Lite Long Life Milk | 1L,Coles,Drinks,Long Life-Milk,Long-Life-Milk,,$1.60,,,$1.60 per 1L,7239433,"Better Together with Australian Farmers The hard work and dedicated spirit of dairy farmers is embedded in the fabric of our country. That's why Coles is proud to directly partner with dairy farmers in New South Wales offering longer term agreements and helping farmers better plan for their future. We know each and every farmer we source our milk from and that's what makes us better together. The fresh, creamy goodness of milk is a source of protein and is rich in calcium for healthy teeth and bones. Enjoy the nourishment of Coles milk every day",,,"Per 100g/ml
Per Serving
%DI
Energy
179
449
5
Protein
3.1
7.75
Saturated Fat
LESS THAN 1g
2.1
9
Carbohydrate
5
12.5
Sugars
5
12.5
Calcium
120
300
Sodium
40
100
4
Saturated
1
2.5
Energy (Cal)
46.22
115.55
Fat
1.5
3.75
Dietary Fibre (total)
0
0
Potassium
149
372.5
* Percentage Daily Intakes are based on an average adult diet of 8700 kJ. Your daily intakes may be higher or lower depending on your energy needs.",,https://www.coles.com.au/product/coles-australian-lite-long-life-milk-1l-7239433,,,2024-06-16T13:27:24.341609-04:00
Ind54SColes_ADrinks_SALong Life-Milk_IVitasoy Calci-Plus Long Life Soy Milk 1L | 1L,Vitasoy Calci-Plus Long Life Soy Milk 1L | 1L,Vitasoy,Drinks,Long Life-Milk,Soy Milk Long Life Milk,,$3.00,,,$3.00 per 1L,6037761,"Your Vitasoy soy Calci-Plus is made from 100% Aussie grown soybeans. The soybeans are carefully delivered to our factory in regional Victoria, where we dehull and grind our beans, then blend the good bits with filtered water and other important ingredients like calcium and essential vitamins A, B2 and B12. Naturally free from dairy, cholesterol and lactose, there are plenty of ways to enjoy our much loved soy milk, in a smoothie or on its own!
Made with 100% Aussie Grown soybeans

Naturally free from dairy, cholesterol and lactose

Natural source of protein

50% of your daily vitamin D and calcium needs

Contains vitamin A, B2 and B12

Suitable for vegans and vegetarians.",,,"Per 100g/ml
Per Serving
%DI
Energy
269kJ
673kJ
8.00%
Protein
3.2g
8.0g
16.00%
Total Fat
3.0g
7.5g
11.00%
Saturated Fat
0.4g
1.0g
4.00%
Carbohydrate
5.8g
14.5g
5.00%
Sugars
2.8g
7.0g
8.00%
Vitamin B2
0.3mg
0.75mg
Calcium
160mg
400mg
Vitamin B12
0.4ug
1.0ug
Cholesterol
0mg
0mg
Vitamin A
54ug
135ug
Lactose
0g
0g
Vitamin D
2.0ug
5.0ug
Sodium
60mg
150mg
7.00%
Monounsaturated
1.2g
3.0g
Energy (Cal)
64Cal
160Cal
Dietary Fibre (total)
0.6g
1.5g
5.00%
Magnesium
20mg
50mg
Polyunsaturated
1.2g
3.0g
Galactose
0g
0g
Trans
0g
0g
* Percentage Daily Intakes are based on an average adult diet of 8700 kJ. Your daily intakes may be higher or lower depending on your energy needs.",,https://www.coles.com.au/product/vitasoy-calci-plus-long-life-soy-milk-1l-1l-6037761,,,2024-06-16T13:27:37.482827-04:00
Ind54SColes_ADrinks_SALong Life-Milk_IMilklab Oat Milk | 1L,Milklab Oat Milk | 1L,Milklab,Drinks,Long Life-Milk,Long-Life Flavoured Milk,,$5.50,,,$5.50 per 1L,7493518,,,,,,https://www.coles.com.au/product/milklab-oat-milk-1l-7493518,,,2024-06-16T13:27:47.293539-04:00
Ind54SColes_ADrinks_SALong Life-Milk_IDevondale Full Cream Long Life Milk | 1L,Devondale Full Cream Long Life Milk | 1L,Devondale,Drinks,Long Life-Milk,Long-Life-Milk,,$2.20,,,$2.20 per 1L,301721,"Devondale Full Cream Long Life Milk is deliciously rich and creamy and contains no added preservatives. Simply heated and sealed into a convenient stay-fresh pack, we lock in the goodness of farm-fresh milk. A natural source of essential nutrients including prosperous, magnesium, potassium and vitamin B12- High in Calcium- Source of Protein- No Preservatives- Homogenised & Pasteurised Milk- Long life full cream UHT Milk",,,"Per 100g/ml
Per Serving
%DI
Energy
264kJ
660kJ
Protein
3.3g
8.3g
Total Fat
3.4g
8.5g
Saturated Fat
2.3g
5.8g
Carbohydrate
4.8g
12g
Sugars
4.8g
12g
Calcium
120mg
300mg
38%
Sodium
45mg
113mg
* Percentage Daily Intakes are based on an average adult diet of 8700 kJ. Your daily intakes may be higher or lower depending on your energy needs.",,https://www.coles.com.au/product/devondale-full-cream-long-life-milk-1l-301721,,,2024-06-16T13:27:58.199477-04:00
Ind54SColes_ADrinks_SALong Life-Milk_ISanitarium So Good Almond Barista Uht Milk | 1L,Sanitarium So Good Almond Barista Uht Milk | 1L,Sanitarium,Drinks,Long Life-Milk,Almond Long Life Milk,,$3.00,,$4.00,$3.00 per 1L,5318969,"So Good has worked with baristas to develop the ideal formulation, so you get that cafe quality experience in the comfort of your own home.

Aussie Made

High in Calcium

Vitamins B12 + B2
No Artificial Colours or Flavours

No Lactose

No Gluten

No Cholesterol

No Dairy

Low Sugar.",,,"Per 100g/ml
Per Serving
%DI
Energy
164kJ
410kJ
Protein
0.8g
2.1g
Total Fat
2.6g
6.6g
Saturated Fat
0.2g
0.6g
Carbohydrate
2.8g
7.1g
Sugars
1.6g
4.0g
Vitamin B2
0.17mg
0.43mg
25%*
Calcium
110mg
275mg
34%*
Vitamin B12
0.4ug
1.0ug
50%*
Cholesterol
0.0mg
0.0mg
Lactose
0.0g
0.0g
Sodium
39mg
97mg
Monounsaturated
1.5g
3.7g
Energy (Cal)
39Cal
98Cal
Dietary Fibre (total)
0.5g
1.2g
Polyunsaturated
0.9g
2.3g
Galactose
0.0g
0.0g
Gluten
Not Detected
Not Detected
Potassium
188mg
471mg
Trans
0.0g
0.0g
* Percentage Daily Intakes are based on an average adult diet of 8700 kJ. Your daily intakes may be higher or lower depending on your energy needs.",,https://www.coles.com.au/product/sanitarium-so-good-almond-barista-uht-milk-1l-5318969,,,2024-06-16T13:28:09.273350-04:00
Ind54SColes_ADrinks_SALong Life-Milk_IColes Original Almond Milk | 1L,Coles Original Almond Milk | 1L,Coles,Drinks,Long Life-Milk,Almond Long Life Milk,,$2.00,,,$2.00 per 1L,6337652,Made in Australia High in Calcium 98.5% fat free Source of Vitamin E Calcium for healthy teeth and bones^ Low in cholesterol Suitable for vegans Lactose free,,,"Per 100g/ml
Per Serving
%DI
Energy
136.80
342.00
Protein
0.50
1.25
Total Fat
1.5
3.8
5
Saturated Fat
LESS THAN 1g
LESS THAN 1g
2
Carbohydrate
4.00
10.00
Sugars
2.20
5.50
Calcium
100.00
250.00
Saturated
0.22
0.55
lactose
NOT DETECTED
NOT DETECTED
Cholesterol
1.00
2.50
Lactose
0.00
0.00
Sodium
40.00
100.00
Vitamin E
0.60
1.50
Monounsaturated
0.89
2.23
Energy (Cal)
32.73
81.82
Fat
1.50
3.75
Dietary Fibre (total)
0.60
1.50
Polyunsaturated
0.34
0.85
Galactose
0.00
0.00
Gluten
0.00
0.00
Trans
0.05
0.13
trans
LESS THAN 0.1g
LESS THAN 1g
* Percentage Daily Intakes are based on an average adult diet of 8700 kJ. Your daily intakes may be higher or lower depending on your energy needs.",,https://www.coles.com.au/product/coles-original-almond-milk-1l-6337652,,,2024-06-16T13:28:20.614221-04:00
Ind54SColes_ADrinks_SALong Life-Milk_IVitasoy Almond Milky | 1L,Vitasoy Almond Milky | 1L,Vitasoy,Drinks,Long Life-Milk,Almond Long Life Milk,,$2.00,,$3.00,$2.00 per 1L,3019027,,,,,,https://www.coles.com.au/product/vitasoy-almond-milky-1l-3019027,,,2024-06-16T13:28:29.516969-04:00
Ind54SColes_ADrinks_SALong-Life Milk_IVitasoy Unsweetened Long Life Rice Milk | 1L,Vitasoy Unsweetened Long Life Rice Milk | 1L,Vitasoy,Drinks,Long-Life Milk,Oat & Rice Milks,,$3.30,,,$3.30 per 1L,9671628,"Every whole rice grain that makes this milk great is grown in Australia.

Beneath the watchful eyes of Aussie farmers, every whole grain of brown rice squeezed into our Rice Milk Unsweetened was planted and harvested at just the right moment to end up in your hands.

For us, it's a daily obsession that's been growing across the globe since the Vitasoy brand first started in 1940. Bringing you a simple yet delicious rice milk, brimming with the good stuff - and no added sugar.

This is why our glass is always full.

Grown by Aussie Farmers.

Our whole grain brown rice is harvested in late spring and delivered to our Wodonga factory.

Only the best beans make it...

Blended by us.

We dehull and grind our rice, and then blend the good bits with filtered water and other ingredients including calcium.

Perfected and packed for your pantry...

Enjoyed by you.

Your Vitasoy is ready to be soaked up and savoured with all your favourites.

It's too good not to share.

Naturally better when...

Put on your porridge!

Making a smoothie!

On its own!

Australian grown whole rice.

Naturally free from gluten, dairy, lactose, cholesterol and soy.

1/3 of your daily calcium (38% of your daily calcium needs in every serving.).


No artificial colours, flavours or preservatives.

Non-genetically modified.

Suitable for vegans and vegetarians.",,,"Per 100g/ml
Per Serving
%DI
Energy
213kJ
533kJ
6.00%
Protein
0.3g
0.7g
1.00%
Total Fat
1.2g
3.0g
4.00%
Saturated Fat
0.1g
0.3g
1.00%
Carbohydrate
9.5g
23.8g
8.00%
Sugars
5.8g
14.5g
16.00%
Calcium
120mg
300mg
Cholesterol
0mg
0mg
Lactose
0g
0g
Sodium
65mg
163mg
7.00%
Monounsaturated
0.8g
2.0g
Energy (Cal)
51Cal
128Cal
Dietary Fibre (total)
0.2g
0.5g
2.00%
Polyunsaturated
0.2g
0.5g
Galactose
0g
0g
Gluten
0mg
0mg
Trans
0g
0g
* Percentage Daily Intakes are based on an average adult diet of 8700 kJ. Your daily intakes may be higher or lower depending on your energy needs.",,https://www.coles.com.au/product/vitasoy-unsweetened-long-life-rice-milk-1l-9671628,,,2024-06-16T13:28:40.516278-04:00
Ind54SColes_ADrinks_SALong Life-Milk_IPauls Zymil Skim Long Life Milk | 1L,Pauls Zymil Skim Long Life Milk | 1L,Pauls,Drinks,Long Life-Milk,Lactose Free-Milk,,$3.00,,,$3.00 per 1L,4311829,"At Pauls, we love dairy. We're pretty passionate about making great tasting products packed with real dairy goodness. We put that devotion into every Pauls milk, cream, custard and yoghurt we make. Milk is a natural source of protein, vitamins and minerals essential for good health. Rich in calcium, Pauls Zymil is simply milk which is easy to digest (As part of a healthy and varied diet, consuming Zymil instead of regular milk helps ease digestion in those who are sensitive to lactose). Plus Pauls Zymil is lactose free and made from real milk so it has all of the natural goodness of regular milk. Lactose free, easy to digest and rich in calcium.",,,"Per 100g/ml
Per Serving
%DI
Energy
153kJ
382kJ
Protein
3.5g
8.7g
Total Fat
Less than 1g
Less than 1g
Saturated Fat
Less than 1g
Less than 1g
Carbohydrate
5.2g
13.0g
Sugars
5.2g
13.0g
Vitamin B2
0.2mg
0.4mg
25% RDI*
Calcium
118mg
295mg
38% RDI*
Lactose
NIL
NIL
Sodium
45mg
113mg
Energy (Cal)
36Cal
90Cal
Dietary Fibre (total)
0.0g
0.0g
Galactose
2.6g
6.5g
* Percentage Daily Intakes are based on an average adult diet of 8700 kJ. Your daily intakes may be higher or lower depending on your energy needs.",,https://www.coles.com.au/product/pauls-zymil-skim-long-life-milk-1l-4311829,,,2024-06-16T13:28:51.530675-04:00
Ind54SColes_ADrinks_SALong Life-Milk_IDevondale Instant Full Cream Milk Powder | 1kg,Devondale Instant Full Cream Milk Powder | 1kg,Devondale,Drinks,Long Life-Milk,Powdered Long Life Milk,,$14.00,,$16.50,$1.40 per 100g,2067115,"Devondale Full Cream Milk Powder, contains the delicious taste and natural goodness of dairy, the whole family can enjoy. Starting with Devondale fresh full cream milk, our process involves removing the water and packing the powder in a stay fresh pouch, locking in the freshness and creamy taste of dairy milk. Use in beverages or dishes to add a creamy richness or drink on its own for the nutritional goodness dairy milk can provide. It is the perfect to keep on hand in the pantry to add extra nutrients to cooking or take on camping adventures.- Full Cream Milk- 1kg makes 7L of milk- Source of Protein- Preservative Free- Milk Powder",,,"Per 100g/ml
Per Serving
%DI
Energy
303kJ
758kJ
Protein
3.5g
8.8g
Total Fat
4g
10g
Saturated Fat
2.7g
6.8g
Carbohydrate
5.6g
14g
Sugars
5.6g
14g
Calcium
117mg
293mg
37%
Sodium
47mg
118mg
* Percentage Daily Intakes are based on an average adult diet of 8700 kJ. Your daily intakes may be higher or lower depending on your energy needs.",,https://www.coles.com.au/product/devondale-instant-full-cream-milk-powder-1kg-2067115,,,2024-06-16T13:29:02.560885-04:00
Ind54SColes_ADrinks_SALong Life-Milk_IAustralia's Own Almond Barista Milk | 1L,Australia's Own Almond Barista Milk | 1L,Australias Own,Drinks,Long Life-Milk,Almond Long Life Milk,,$3.60,,$4.50,$3.60 per 1L,3492670,"Barista Almond
Barista Quality - Plant Milk

Our Barista range has been developed so you can enjoy cafe quality drinks, at home.

This delicious plant-based alternative is specially formulated to steam, froth & aerate.

Perfect for coffee, tea or any one of your favourite hot beverages. Best enjoyed in those quiet moments alone or over a catch up with friends and family.

With Australia's Own Barista, the cafe is always with you, at home.
Perfect for coffee, tea or any one of your favourite hot beverages",,,"Per 100g/ml
Per Serving
%DI
Energy
155kJ
387kJ
4%
Protein
0.8g
2.0g
4%
Total Fat
2.5g
6.2g
9%
Saturated Fat
0.2g
0.5g
2%
Carbohydrate
2.8g
6.9g
2%
Sugars
1.7g
4.3g
5%
Cholesterol
Not Detected
Not Detected
Not Detected
Lactose
Not Detected
Not Detected
Not Detected
Sodium
42mg
104mg
5%
Monounsaturated
1.7g
4.3g
Energy (Cal)
37cal
92cal
Polyunsaturated
0.6g
1.4g
Galactose
Not Detected
Not Detected
Not Detected
Gluten
Not Detected
Not Detected
Not Detected
Trans
0.0g
0.0g
* Percentage Daily Intakes are based on an average adult diet of 8700 kJ. Your daily intakes may be higher or lower depending on your energy needs.",,https://www.coles.com.au/product/australia's-own-almond-barista-milk-1l-3492670,,,2024-06-16T13:29:13.664593-04:00
Ind54SColes_ADrinks_SALong Life-Milk_IAustralias Own Barista Oat Milk | 1L,Australias Own Barista Oat Milk | 1L,Australias Own,Drinks,Long Life-Milk,Long-Life Flavoured Milk,,$3.60,,$4.50,$3.60 per 1L,3793509,"Australia's Own Barista Oat Milk has been developed as the perfect plant-based milk for coffee at home. The quality of our core ingredients, and extensive testing have created rich, creamy plant-based milks, so you can enjoy cafe quality in the comfort of your own home.
Vegan friendly

Plant based barista milk

No added sugar

100% Australian Oats

Australian made & owned",,,"Per 100g/ml
Per Serving
%DI
Energy
240
600
7
Protein
0.6
1.5
3
Total Fat
2.8
6.9
10
Saturated Fat
0.4
0.9
4
Carbohydrate
7
18
6
Sugars
2.8
7
8
Calcium
120mg
300
38
Sodium
55mg
137mg
6
Monounsaturated
0.8
2.1
Energy (Cal)
57
143
Dietary Fibre (total)
<0.5
<0.1
3
Polyunsaturated
1.5
3.8
Trans
<0.1
<0.1
* Percentage Daily Intakes are based on an average adult diet of 8700 kJ. Your daily intakes may be higher or lower depending on your energy needs.",,https://www.coles.com.au/product/australias-own-barista-oat-milk-1l-3793509,,,2024-06-16T13:29:24.682255-04:00
Ind54SColes_ADrinks_SALong Life-Milk_IColes Almond Milk Unsweetened | 1L,Coles Almond Milk Unsweetened | 1L,Coles,Drinks,Long Life-Milk,Almond Long Life Milk,,$2.00,,,$2.00 per 1L,1852210,Calcium for healthy teeth and bones^ No Added Sugar Low in cholesterol Suitable for vegans Lactose free,,,"Per 100g/ml
Per Serving
%DI
Energy
80.56
201.40
Protein
0.56
1.40
Total Fat
1.5
3.8
5
Saturated Fat
0.10
0.25
Carbohydrate
0.82
2.05
Sugars
0.10
0.25
Calcium
100.00
250.00
Saturated
0.09
0.23
Cholesterol
1.00
2.50
Lactose
0.00
0.00
Sodium
45.00
112.50
Vitamin E
0.60
1.50
Monounsaturated
0.83
2.08
Energy (Cal)
19.27
48.18
Fat
1.50
3.75
Dietary Fibre (total)
0.20
0.50
Polyunsaturated
0.38
0.95
Galactose
0.00
0.00
Gluten
0.00
0.00
Potassium
20.00
50.00
Trans
0.09
0.23
trans
LESS THAN 0.1g
LESS THAN 1g
* Percentage Daily Intakes are based on an average adult diet of 8700 kJ. Your daily intakes may be higher or lower depending on your energy needs.",,https://www.coles.com.au/product/coles-almond-milk-unsweetened-1l-1852210,,,2024-06-16T13:29:36.072231-04:00
Ind54SColes_ADrinks_SA_ISanitarium So Good Barista Soy UHT | 1L,Sanitarium So Good Barista Soy UHT | 1L,Sanitarium,Drinks,,,,$2.00,,$3.00,$2.00 per 1L,6501290,"So Good has worked with baristas to develop the ideal formulation, so you get that cafe quality experience in the comfort of your own home.

Aussie Made

High in Calcium

8g Plant Protein
No Artificial Colours or Flavours

No Lactose

No Gluten

No Cholesterol

No Dairy

Low Sugar.",,,"Per 100g/ml
Per Serving
%DI
Energy
244kJ
610kJ
Protein
3.2g
8.0g
Total Fat
3.0g
7.6g
Saturated Fat
0.3g
0.9g
Carbohydrate
4.2g
10.6g
Sugars
1.9g
4.8g
Vitamin B2
0.17mg
0.43mg
25%
Calcium
120mg
300mg
38%
Vitamin B12
0.4ug
1.0ug
50%
Cholesterol
0.0mg
0.0mg
Vitamin A
40ug
100ug
13%
Lactose
0.0g
0.0g
Sodium
47mg
119mg
Monounsaturated
1.3g
3.1g
Energy (Cal)
58Cal
146Cal
Dietary Fibre (total)
0.7g
1.8g
Polyunsaturated
1.5g
3.6g
Galactose
0.0g
0.0g
Gluten
Not Detected
Not Detected
Potassium
411mg
1027mg
Trans
0.0g
0.1g
* Percentage Daily Intakes are based on an average adult diet of 8700 kJ. Your daily intakes may be higher or lower depending on your energy needs.",,https://www.coles.com.au/product/sanitarium-so-good-barista-soy-uht-1l-6501290,,,2024-06-16T13:29:47.101092-04:00
Ind54SColes_ADrinks_SA_IDevondale Full Cream Long Life Milk | 1L,Devondale Full Cream Long Life Milk | 1L,Devondale,Drinks,,,,$2.20,,,$2.20 per 1L,301721,"Devondale Full Cream Long Life Milk is deliciously rich and creamy and contains no added preservatives. Simply heated and sealed into a convenient stay-fresh pack, we lock in the goodness of farm-fresh milk. A natural source of essential nutrients including prosperous, magnesium, potassium and vitamin B12- High in Calcium- Source of Protein- No Preservatives- Homogenised & Pasteurised Milk- Long life full cream UHT Milk",,,"Per 100g/ml
Per Serving
%DI
Energy
264kJ
660kJ
Protein
3.3g
8.3g
Total Fat
3.4g
8.5g
Saturated Fat
2.3g
5.8g
Carbohydrate
4.8g
12g
Sugars
4.8g
12g
Calcium
120mg
300mg
38%
Sodium
45mg
113mg
* Percentage Daily Intakes are based on an average adult diet of 8700 kJ. Your daily intakes may be higher or lower depending on your energy needs.","Pure, Natural full cream milk",https://www.coles.com.au/product/devondale-full-cream-long-life-milk-1l-301721,,,2024-06-16T14:47:07.008606-04:00
Ind54SColes_ADrinks_SANon-alcoholic_IEdenvale Non Alcoholic Drink Sauvignon Blanc | 750mL,Edenvale Non Alcoholic Drink Sauvignon Blanc | 750mL,Edenvale,Drinks,Non-alcoholic,Non-alcoholic drinks,,$10.50,,,$14.00 per 1L,3815747,"A dry, fresh Australian Sauvignon Blanc distinguished by its pale straw green colour, capsicum and ripe gooseberry aromas, and wonderful fruit flavours. Enjoy on all occasions, especially with seafood, cheeses, salads or grilled meats. Made from the finest quality South Eastern Australian wine grapes. Advanced alcohol extraction technology is used to delicately remove the alcohol, preserving the healthy antioxidants, vitamins and varietal integrity. This premium alcohol removed wine contains less than 0.5% alcohol by volume, a level similar to that found natural fruit juices.",,,"Per 100g/ml
Per Serving
%DI
Energy
72kJ
108kJ
Protein
0.2g
0.3g
Total Fat
<0.2g
<0.3g
Saturated Fat
0.1g
<0.15g
Carbohydrate
4g
6g
Sugars
3.6g
5.4g
Sodium
26mg
39mg
* Percentage Daily Intakes are based on an average adult diet of 8700 kJ. Your daily intakes may be higher or lower depending on your energy needs.","De-Alcoholised Wine (94% approx), Grape Juice Concentrate (6% approx)",https://www.coles.com.au/product/edenvale-non-alcoholic-drink-sauvignon-blanc-750ml-3815747,,,2024-06-16T13:30:34.375167-04:00
Ind54SColes_ADrinks_SANon-alcoholic_ITinnies Ultra Low Alcohol Can 375mL | 6 Pack,Tinnies Ultra Low Alcohol Can 375mL | 6 Pack,Tinnies,Drinks,Non-alcoholic,Non-alcoholic drinks,,$20.00,,$24.00,$8.89 per 1L,3833534,"Award-winning beer Tinnies Ultra Low Alcohol Hoppy Ale is bursting with hoppy aromas of bright citrus and fresh pine, this beer has a big malty backbone and the extra hops offer a generous but balanced bitterness. A true crafty beer thats 100% flavour with only 0.5% Alc/Vol.Most non - or low-alcohol beers are made alcoholic first, and then the alcohol is removed, but we do things a bit differently! The low-alcohol levels in this Tinnies brew have been achieved in the way theyre brewed, so our Ultra Low Alcohol Hoppy Pale Ale the texture, aroma, and richness you love in your beer. It would go perfectly with fried foods such as chicken wings or something with a bit of spice. Its a quality choice for those looking for a low alcohol alternative. Trophy - Best Non-Alcohol Beer AIBA 2021. Country Winner for Low Alcohol Pale Ale at the 2020 World Beer Awards. Low Alcohol Beer of The Year at the 2020 Melbourne International Beer Competition.",,,,,https://www.coles.com.au/product/tinnies-ultra-low-alcohol-can-375ml-6-pack-3833534,,,2024-06-16T13:30:43.949932-04:00
Ind54SColes_ADrinks_SANon-alcoholic_IMcGuigan Zero Dry Rose 750mL | 1 Each,McGuigan Zero Dry Rose 750mL | 1 Each,McGuigan,Drinks,Non-alcoholic,Non-alcoholic drinks,,$11.50,,,$15.33 per 1L,3703890,"Four generations of the McGuigan family have made wine their life, demonstrating a deep commitment and passion for Australian winemaking. This energy, drive and uncompromising dedication to crafting the finest Australian wines is reflected in McGuigan Wines being crowned International Winemaker of the Year at the prestigious International Wine & Spirits Competition (IWSC) in London a world record four times - 2009, 2011, 2012 and 2016.
Free from Alcohol

Full in Flavour",,,"Per 100g/ml
Per Serving
%DI
Energy
100
Protein
0.2g
Total Fat
<0.2g
Saturated Fat
<0.2g
Carbohydrate
6g
Sugars
4g
Sodium
20mg
* Percentage Daily Intakes are based on an average adult diet of 8700 kJ. Your daily intakes may be higher or lower depending on your energy needs.",,https://www.coles.com.au/product/mcguigan-zero-dry-rose-750ml-1-each-3703890,,,2024-06-16T13:30:56.289510-04:00
Ind54SColes_ADrinks_SANon-alcoholic_INot Guilty Non Alcoholic Watermelon Spritz Wine 4x250mL | 4 pack,Not Guilty Non Alcoholic Watermelon Spritz Wine 4x250mL | 4 pack,Not Guilty,Drinks,Non-alcoholic,Non-alcoholic drinks,,$15.00,,,$15.00 per 1L,6665822,"Feeling naughty but want to be good? The Not Guilty Crew have you covered with a range of full flavoured wines that will have you pleading Not Guilty!

Bursting with refreshment our Watermelon Spritz is the perfect way to celebrate any occasion, crack open a can and sip into summer.
Alcohol Free",,,"Per 100g/ml
Per Serving
%DI
Energy
100
250
Protein
0.1g
0.25g
Total Fat
<0.2g
<0.5g
Saturated Fat
<0.1g
<0.1g
Carbohydrate
5g
12.5g
Sugars
4g
10g
Sodium
30g
75mg
Monounsaturated
<0.1g
<0.1g
Energy (Cal)
24
60
Polyunsaturated
<0.1g
<0.1g
Trans
<0.1g
<0.1g
* Percentage Daily Intakes are based on an average adult diet of 8700 kJ. Your daily intakes may be higher or lower depending on your energy needs.",,https://www.coles.com.au/product/not-guilty-non-alcoholic-watermelon-spritz-wine-4x250ml-4-pack-6665822,,,2024-06-16T13:31:07.098278-04:00
Ind54SColes_ADrinks_SANon-alcoholic_IGreat Northern Brewing Co Non Alcoholic Beer Cans Multipack 375mL x 6 Pack | 6 Pack,Great Northern Brewing Co Non Alcoholic Beer Cans Multipack 375mL x 6 Pack | 6 Pack,Great Northern,Drinks,Non-alcoholic,Non-alcoholic drinks,,$12.90,,,$5.73 per 1L,4406142,"Great Northern Zero is a 0.0% alcohol beer, brewed with an outdoor lifestyle in mind. With its fruity aroma and crisp finish, it is the ultimate 0.0% alcohol refreshment for your favourite adventure.
The Great Northern Zero recipe has gone through an alcohol removal process and then blended to create a crisp 0.0% alcohol beer without compromising on taste.

With deep golden hues and a fruity aroma that carries through to the palate. Great Northern Zero has a balanced sweetness that is complemented with subtle bitterness. It finishes clean and crisp - perfect for those warm summer days

ABV: 0.0%
Standard Drinks: 0.0
0.0% alcohol. Full taste.

Refreshment for your favourite adventure.

Fruity aroma and crisp finish

A balanced sweetness that is complemented with subtle bitterness

Recipe has gone through an alcohol removal process",,,"Per 100g/ml
Per Serving
%DI
Energy
76kJ
286kJ
Protein
0.3g
1.1g
Total Fat
<0.1g
<0.1g
Saturated Fat
<0.1g
<0.1g
Carbohydrate
4.1g
15.4g
Sugars
0.5g
1.7g
Sodium
2mg
8mg
Energy (Cal)
18Cal
68Cal
* Percentage Daily Intakes are based on an average adult diet of 8700 kJ. Your daily intakes may be higher or lower depending on your energy needs.",,https://www.coles.com.au/product/great-northern-brewing-co-non-alcoholic-beer-cans-multipack-375ml-x-6-pack-6-pack-4406142,,,2024-06-16T13:31:18.189719-04:00
Ind54SColes_ADrinks_SANon-alcoholic_ICarlton Zero 0.0% Non Alcoholic Beer Cans Multipack 375mL x 4 Pack | 4 Pack,Carlton Zero 0.0% Non Alcoholic Beer Cans Multipack 375mL x 4 Pack | 4 Pack,Carlton,Drinks,Non-alcoholic,Non-alcoholic drinks,,$8.00,,,$5.33 per 1L,3269476,"Experience the ultimate zero alcohol beer with Carlton Zero, now available in a convenient 4-pack of 375mL cans. Whether you're looking to unwind after a long day at work, or simply want to enjoy a refreshing drink without the negative effects of alcohol, Carlton Zero is the perfect choice.

Crafted with the same precision and care as Carlton's iconic beer, Carlton Zero is the result of years of research and development. It boasts a crisp, clean taste that's perfect for any occasion, and is the ideal alternative to traditional beer.

With its low calorie count and zero alcohol content, Carlton Zero is a great choice that's perfect for those looking to maintain a balanced lifestyle. It's also an ideal choice for designated drivers or those simply looking to limit their alcohol intake.

The 375mL can is the perfect size for those on the go, and the 4-pack ensures that you always have a cold one on hand. Whether you're heading out to the beach for a day of sun and fun, or simply want to enjoy a cold beer after a long day at work, Carlton Zero has got you covered.

So why not give Carlton Zero a try today and discover the ultimate zero alcohol beer for yourself? With its delicious taste and unbeatable convenience, it's the perfect choice for any beer lover. Order now and experience the ultimate zero alcohol beer for yourself!
Experience the crisp, clean taste of Carlton Zero beer.

A great choice with zero alcohol and low calorie count.

Convenient 4-pack of 375mL cans ensures always having a cold one.

Perfect for those on the go or looking to limit alcohol intake.

Crafted with precision and care, it's the ultimate zero alcohol beer.",,,"Per 100g/ml
Per Serving
%DI
Energy
118kJ
Protein
0.2g
Total Fat
0g
Saturated Fat
0g
Carbohydrate
7.0g
Sugars
0.6g
Sodium
3mg
Dietary Fibre (total)
0g
* Percentage Daily Intakes are based on an average adult diet of 8700 kJ. Your daily intakes may be higher or lower depending on your energy needs.",,https://www.coles.com.au/product/carlton-zero-0.0percent-non-alcoholic-beer-cans-multipack-375ml-x-4-pack-4-pack-3269476,,,2024-06-16T13:31:29.424355-04:00
Ind54SColes_ADrinks_SANon-alcoholic_ICoopers Ultra Light 6X375mL | 6 pack,Coopers Ultra Light 6X375mL | 6 pack,Coopers,Drinks,Non-alcoholic,Non-alcoholic drinks,,$8.75,,,$3.89 per 1L,335199,,,,,,https://www.coles.com.au/product/coopers-ultra-light-6x375ml-6-pack-335199,,,2024-06-16T13:31:40.271339-04:00
Ind54SColes_ADrinks_SANon-alcoholic_IXXXX Zero 6X330mL | 6 pack,XXXX Zero 6X330mL | 6 pack,XXXX,Drinks,Non-alcoholic,Non-alcoholic drinks,,$11.90,,,$6.01 per 1L,5174949,"With over 144 years of history brewing thirst-quenchers, XXXX has crafted XXXX ZERO with the next generation in mind. XXXX ZERO is proudly Australia's first Carbon Neutral certified alcohol free beer.

XXXX ZERO uses many of the same quality ingredients as the rest of the XXXX family, such as premium Australian barley, malted in Queensland.

To give XXXX ZERO the perfect crisp finish, we've used Nelson Sauvin hops which gives a slight aroma, making it perfect for all occasions.",,,,,https://www.coles.com.au/product/xxxx-zero-6x330ml-6-pack-5174949,,,2024-06-16T13:31:49.585514-04:00
Ind54SColes_ADrinks_SA_IHeaps Normal Quiet Non Alcoholic XPA 4x375mL | 4 pack,Heaps Normal Quiet Non Alcoholic XPA 4x375mL | 4 pack,Heaps,Drinks,,,,$13.00,,$15.60,$8.67 per 1L,4950442,"The Heaps Normal Non-Alcoholic Quiet XPA tastes like a delicious, refreshing beer. Tropical and citrus aroma with a lingering and unmistakably beery finish. Unfiltered, with balanced bitterness and a subtle malt sweetness, reminiscent of your old pals.",,,"Per 100g/ml
Per Serving
%DI
Energy
70kJ
262kJ
Protein
0.2g
0.7g
Total Fat
<1g
<1g
Saturated Fat
<1g
<1g
Carbohydrate
4g
15g
Sugars
1.4g
5.2g
Sodium
1mg
4mg
Dietary Fibre (total)
0.5g
1.8g
* Percentage Daily Intakes are based on an average adult diet of 8700 kJ. Your daily intakes may be higher or lower depending on your energy needs.",,https://www.coles.com.au/product/heaps-normal-quiet-non-alcoholic-xpa-4x375ml-4-pack-4950442,,,2024-06-16T13:32:02.514306-04:00
Ind54SColes_ADrinks_SANon-alcoholic_IFree Form Zero Alcohol Cocktails 4X250mL Margherita | 4 pack,Free Form Zero Alcohol Cocktails 4X250mL Margherita | 4 pack,Free Form,Drinks,Non-alcoholic,Non-alcoholic drinks,,$10.00,,,$10.00 per 1L,7742850,"This ready to drink Margarita is free of alcohol and low in sugar. With bright Australian lime blended with real agave and hints of orange, it's light, crisp and perfectly refreshing.
- All natural & no preservatives
- Non-alcoholic
- Made with real lime and agave
- Plastic-free packaging
- Australian-made
Enjoy over ice and garnish with a salt rim and lime.",,,"Per 100g/ml
Per Serving
%DI
Energy
34kJ
85kJ
Protein
0.1g
0.3g
Total Fat
0g
0.1g
Carbohydrate
1.3g
3.2g
Sugars
1.2g
2.9g
Sodium
16mg
39mg
* Percentage Daily Intakes are based on an average adult diet of 8700 kJ. Your daily intakes may be higher or lower depending on your energy needs.",,https://www.coles.com.au/product/free-form-zero-alcohol-cocktails-4x250ml-margherita-4-pack-7742850,,,2024-06-16T13:32:13.379186-04:00
Ind54SColes_ADrinks_SANon-alcoholic_ICarlton Zero Bottle 330mL | 24 Pack,Carlton Zero Bottle 330mL | 24 Pack,Carlton,Drinks,Non-alcoholic,Non-alcoholic drinks,,$44.00,,,$13.33 per 100mL,3346078,"Carlton Zero is slightly hoppy with a fruity aroma and is a full-flavoured classic beer style. Using the same ingredients as Carlton Draught, the brewery has produced an alcohol-free alternative that gets a big thumbs up.",,,,,https://www.coles.com.au/product/carlton-zero-bottle-330ml-24-pack-3346078,,,2024-06-16T13:32:22.469950-04:00
Ind54SColes_ADrinks_SANon-alcoholic_I4 Pines Ultra Low Alcohol 0.5% Beer Cans Multipack 375mL x 4 Pack | 4 pack,4 Pines Ultra Low Alcohol 0.5% Beer Cans Multipack 375mL x 4 Pack | 4 pack,4 Pines,Drinks,Non-alcoholic,Non-alcoholic drinks,,$12.10,,,$8.07 per 1L,5487332,"Introducing 4 Pines Ultra Low - the perfect malt beverage for any occasion. With refreshing hop notes of fruit, herb and citrus, this beer is sure to tantalise your taste buds. The beer has a clean malt character and balanced bitterness with a slightly tart finish leaving you wanting more.

Our Ultra Low is brewed the 4 Pines way, with the same ingredients and equipment we've used to brew all of our multi award-winning beers. We chose not to sweeten it like some brewers may and we don't tunnel pasteurise, which would dull the fresh flavours.

4 Pines is a proud member of the 1% for the planet global movement, so you can be sure that you're doing your part to help the environment when you drink 4 Pines Ultra Low.

Whether you're relaxing at home or enjoying a day out, 4 Pines Ultra Low is the perfect choice. Order now and experience the refreshing taste of 4 Pines Ultra Low for yourself!
Refreshing and tantalizing hop notes dominated by fruit and herbal flavors.

Clean malt character and balanced bitterness for a refreshing palette cleanser.

Slightly tart finish leaves you wanting more.

Brewed the 4 Pines way, with high-quality ingredients and no added sweeteners.

Proud member of the 1% for the planet, doing our part for the environment.",,,"Per 100g/ml
Per Serving
%DI
Energy
45kJ
169kJ
Protein
0.3g
1.1g
Total Fat
0g
0g
Saturated Fat
0g
0g
Carbohydrate
1.9g
7.1g
Sugars
0.1g
0.4g
Sodium
7mg
26mg
Alcohol
<0.2%
<0.5%
* Percentage Daily Intakes are based on an average adult diet of 8700 kJ. Your daily intakes may be higher or lower depending on your energy needs.",,https://www.coles.com.au/product/4-pines-ultra-low-alcohol-0.5percent-beer-cans-multipack-375ml-x-4-pack-4-pack-5487332,,,2024-06-16T13:32:33.398690-04:00
Ind54SColes_ADrinks_SANon-alcoholic_INaked Life Non Alcoholic Mojito Spritz Cocktail 4x250mL | 4 pack,Naked Life Non Alcoholic Mojito Spritz Cocktail 4x250mL | 4 pack,Naked Life,Drinks,Non-alcoholic,Non-alcoholic drinks,,$15.00,,,$15.00 per 1L,5553710,"Lovingly Crafted
Our Mojito is a Cuban celebration of all things fresh and fun. Citrusy Tahitian lime and fresh mint flavours complement the rich brown sugar and rum notes. Lightly sparkling, serve in a tall glass over ice with a sprig of mint and lime slices for this summer classic.
A Sparkling, Non-Alcoholic Distilled Botanical Coctail",,,"Per 100g/ml
Per Serving
%DI
Energy
12kJ
30kJ
Protein
0g
0g
Total Fat
0g
0g
Saturated Fat
0g
0g
Carbohydrate
0g
0g
Sugars
0g
0g
Sodium
5mg
12mg
Dietary Fibre (total)
0g
0g
* Percentage Daily Intakes are based on an average adult diet of 8700 kJ. Your daily intakes may be higher or lower depending on your energy needs.",,https://www.coles.com.au/product/naked-life-non-alcoholic-mojito-spritz-cocktail-4x250ml-4-pack-5553710,,,2024-06-16T13:32:44.390926-04:00
Ind54SColes_ADrinks_SANon-alcoholic_IYeah Nah Non Alcoholic Beer Pale Ale 4x375mL | 4 pack,Yeah Nah Non Alcoholic Beer Pale Ale 4x375mL | 4 pack,Yeah Nah,Drinks,Non-alcoholic,Non-alcoholic drinks,,$10.00,,,$6.67 per 1L,7744050,,,,,,https://www.coles.com.au/product/yeah-nah-non-alcoholic-beer-pale-ale-4x375ml-4-pack-7744050,,,2024-06-16T13:32:53.208541-04:00
Ind54SColes_ADrinks_SANon-alcoholic_INaked Life Non-Alcoholic Margarita Can 250mL | 4 Pack,Naked Life Non-Alcoholic Margarita Can 250mL | 4 Pack,Naked Life,Drinks,Non-alcoholic,Non-alcoholic drinks,,$15.00,,,$15.00 per 1L,4451680,"'Naked Life Non-Alcoholic Margarita'
This cocktail is delivering a tart, citrusy salty experience of a Margarita crafted with Tahitian lime extract and Murray River pink salt, subtly top noted with our pot-distilled botanical blend.",,,"Per 100g/ml
Per Serving
%DI
Energy
9kJ
22kJ
Protein
0g
0g
Total Fat
0g
0g
Saturated Fat
0g
0g
Carbohydrate
<1g
<1g
Sugars
0g
0g
Sodium
39mg
97mg
* Percentage Daily Intakes are based on an average adult diet of 8700 kJ. Your daily intakes may be higher or lower depending on your energy needs.",,https://www.coles.com.au/product/naked-life-non-alcoholic-margarita-can-250ml-4-pack-4451680,,,2024-06-16T13:33:03.969157-04:00
Ind54SColes_ADrinks_SANon-alcoholic_II Love Non Alcoholic Cocktails Pink Gin & Tonic 4x250ml | 4 pack,I Love Non Alcoholic Cocktails Pink Gin & Tonic 4x250ml | 4 pack,I Love,Drinks,Non-alcoholic,Non-alcoholic drinks,,$10.00,,,$10.00 per 1L,7743047,,,,,,https://www.coles.com.au/product/i-love-non-alcoholic-cocktails-pink-gin-and-tonic-4x250ml-4-pack-7743047,,,2024-06-16T13:33:12.925137-04:00
Ind54SColes_ADrinks_SANon-alcoholic_IPeroni Nastro Azzurr Zero Non Alcoholic Beer Bottle Multipack 330mL x 6 Pack | 6 Pack,Peroni Nastro Azzurr Zero Non Alcoholic Beer Bottle Multipack 330mL x 6 Pack | 6 Pack,Peroni,Drinks,Non-alcoholic,Non-alcoholic drinks,,$14.40,,,$7.27 per 1L,5558259,"Dedication and investment in brewing technology through a 'dealcoholisation' process has enabled us to use the same signature recipe as for Peroni Nastro Azzurro, to brew Peroni 0.0%.
This includes brewing with the same ingredients; bottom-fermenting lager yeast, Italian maze and two-row spring barley. Only after the characteristic aroma and taste profile of Peroni Nastro Azzurro is fully developed, alcohol is gently removed to deliver the same taste experience of our mother brand, with the crisp and uplifting Italian taste, at 0.0% alcohol.
0.0% Alcohol

A new, crisp and refreshing taste that can enjoy the full and distinctive Peroni Nastro Azzurro flavour

The best option to elevate life's moments responsibly

Brewed and imported from Italy

Recommended for people over the age of 18 only",,,"Per 100g/ml
Per Serving
%DI
Energy
99kJ
327kJ
Protein
0.2g
0.7g
Total Fat
0g
0g
Saturated Fat
0g
0g
Carbohydrate
5.6g
18.5g
Sugars
0.8g
2.6g
Sodium
0.3mg
10mg
* Percentage Daily Intakes are based on an average adult diet of 8700 kJ. Your daily intakes may be higher or lower depending on your energy needs.",,https://www.coles.com.au/product/peroni-nastro-azzurr-zero-non-alcoholic-beer-bottle-multipack-330ml-x-6-pack-6-pack-5558259,,,2024-06-16T13:33:23.951896-04:00
Ind54SColes_ADrinks_SANon-alcoholic_INaked Life Non-Alcoholic Cocktail Gin & Tonic Can 250Ml | 4 Pack,Naked Life Non-Alcoholic Cocktail Gin & Tonic Can 250Ml | 4 Pack,Naked Life,Drinks,Non-alcoholic,Non-alcoholic drinks,,$15.00,,,$15.00 per 1L,4451690,"'Naked Life Non Alcoholic G&T'
You can't go wrong with this G&T! Expect a complex, yet familiar experience through distilled botanicals and extracts of lemon, bitter orange and cinchona, top noted with juniper berry.
A subtly bitter, crisp and refreshing experience.",,,"Per 100g/ml
Per Serving
%DI
Energy
9kJ
22kJ
Protein
0g
0g
Total Fat
0g
0g
Saturated Fat
0g
0g
Carbohydrate
<1g
<1g
Sugars
0g
0g
Sodium
0mg
0mg
* Percentage Daily Intakes are based on an average adult diet of 8700 kJ. Your daily intakes may be higher or lower depending on your energy needs.",,https://www.coles.com.au/product/naked-life-non-alcoholic-cocktail-gin-and-tonic-can-250ml-4-pack-4451690,,,2024-06-16T13:33:34.824010-04:00
Ind54SColes_ADrinks_SANon-alcoholic_ILittle Creatures Flying Low Non Alcoholic 4x375mL | 4 pack,Little Creatures Flying Low Non Alcoholic 4x375mL | 4 pack,Little Creatures,Drinks,Non-alcoholic,Non-alcoholic drinks,,$12.50,,$15.00,$8.33 per 1L,6665425,"Dry hopped and full-bodied with all the flavour you would expect from craft beer... but non-alcoholic! That's right, this brew features passionfruit, stone fruits, zesty citrus peel, and sweet mandarin",,,,,https://www.coles.com.au/product/little-creatures-flying-low-non-alcoholic-4x375ml-4-pack-6665425,,,2024-06-16T13:33:43.907737-04:00
Ind54SColes_ADrinks_SANon-alcoholic_IHeaps Normal Another Lager Can 4x375mL | 4 pack,Heaps Normal Another Lager Can 4x375mL | 4 pack,Heaps,Drinks,Non-alcoholic,Non-alcoholic drinks,,$13.00,,$15.60,$8.67 per 1L,5778007,"Deep down we know that everyone loves a classic Aussie beer as much as they love summer, the smell of cut grass, the sound of cricket in the background on the radio, pouring ice into a full esky, knocking off work and having one off the wood at your local.
So Heaps Normal have created a classic Aussie non-alcoholic lager fit for the pub, pitch or pit. Another Lager is just that, but with no alcohol you'll get that quintessential, crisp lager experience without any of the downsides. It's a normal lager for heaps normal people.",,,"Per 100g/ml
Per Serving
%DI
Energy
60kJ
225kJ
Protein
0.1g
0.4g
Total Fat
<1g
<1g
Saturated Fat
<1g
<1g
Carbohydrate
3g
11.2g
Sugars
0.9g
3.4g
Sodium
1mg
4mg
Dietary Fibre (total)
0.5g
1.9g
* Percentage Daily Intakes are based on an average adult diet of 8700 kJ. Your daily intakes may be higher or lower depending on your energy needs.",,https://www.coles.com.au/product/heaps-normal-another-lager-can-4x375ml-4-pack-5778007,,,2024-06-16T13:33:54.966243-04:00
Ind54SColes_ADrinks_SANon-alcoholic_INot Guilty Non Alcoholic Passionfruit Spritz Wine 4x250mL | 4 pack,Not Guilty Non Alcoholic Passionfruit Spritz Wine 4x250mL | 4 pack,Not Guilty,Drinks,Non-alcoholic,Non-alcoholic drinks,,$15.00,,,$15.00 per 1L,6665811,"Feeling naughty but want to be good? The Not Guilty Crew have you covered with a range of full flavoured wines that will have you pleading Not Guilty!

Our Passionfruit Spritz is tropical all the way, crack open a can and celebrate with friends the Zero way.
Alcohol Free",,,"Per 100g/ml
Per Serving
%DI
Energy
100
250
Protein
0.1g
0.25g
Total Fat
<0.2g
<0.5g
Saturated Fat
<0.1g
<0.1g
Carbohydrate
5g
12.5g
Sugars
4g
10g
Sodium
30mg
75mg
Monounsaturated
<0.1g
<0.1g
Energy (Cal)
24
60
Polyunsaturated
<0.1g
<0.1g
Trans
<0.1g
<0.1g
* Percentage Daily Intakes are based on an average adult diet of 8700 kJ. Your daily intakes may be higher or lower depending on your energy needs.",,https://www.coles.com.au/product/not-guilty-non-alcoholic-passionfruit-spritz-wine-4x250ml-4-pack-6665811,,,2024-06-16T13:34:06.001930-04:00
Ind54SColes_ADrinks_SANon-alcoholic_IAsahi 0.0% Bottle 330mL | 6 pack,Asahi 0.0% Bottle 330mL | 6 pack,Asahi,Drinks,Non-alcoholic,Non-alcoholic drinks,,$14.00,,$15.00,$7.07 per 1L,6402754,"A new non-alcoholic that won't settle for anything less than superior quality. Brewed to deliver the same invigorating refreshmet as Japan's No.1 Beer: our signature super dry taste, now with 0.0%.",,,"Per 100g/ml
Per Serving
%DI
Energy
107kJ
353kJ
Protein
0.2g
0.7g
Total Fat
0g
0g
Saturated Fat
0g
0g
Carbohydrate
6.1g
20.1g
Sugars
0.9g
3.0g
Sodium
3mg
10mg
* Percentage Daily Intakes are based on an average adult diet of 8700 kJ. Your daily intakes may be higher or lower depending on your energy needs.",,https://www.coles.com.au/product/asahi-0.0percent-bottle-330ml-6-pack-6402754,,,2024-06-16T13:34:17.587276-04:00
Ind54SColes_ADrinks_SANon-alcoholic_INot Guilty Non Alcoholic Prosecco | 750mL,Not Guilty Non Alcoholic Prosecco | 750mL,Not Guilty,Drinks,Non-alcoholic,Non-alcoholic drinks,,$15.00,,,$20.00 per 1L,6665742,"Feeling naughty but want to be good? The Not Guilty Crew have you covered with a range of full flavoured wines that will have you pleading Not Guilty!

Our Prosecco will have you hopping for joy with every cork pop! Zero Alcohol & full flavoured celebrations all round.
Alcohol Free",,,"Per 100g/ml
Per Serving
%DI
Energy
120
180
Protein
0.2g
0.3g
Total Fat
<0.2g
<0.3g
Saturated Fat
<0.1g
>0.15g
Carbohydrate
8.0g
9.0g
Sugars
4.5g
8.8g
Sodium
38mg
54mg
Energy (Cal)
29
44
* Percentage Daily Intakes are based on an average adult diet of 8700 kJ. Your daily intakes may be higher or lower depending on your energy needs.",,https://www.coles.com.au/product/not-guilty-non-alcoholic-prosecco-750ml-6665742,,,2024-06-16T13:34:28.711038-04:00
Ind54SColes_ADrinks_SA_IHeineken 0.0 Bottle 330mL | 6 pack,Heineken 0.0 Bottle 330mL | 6 pack,Heineken,Drinks,,,,$12.65,,,$6.39 per 1L,3637591,"Heineken master brewers started from zero and spent years exploring, brewing, and tasting before they finally created a recipe defined by its refreshing fruity notes and soft malty body - perfectly balanced. One that deserves the Heineken mark. Of course, with the uncompromising Heineken characteristics since 1873: made with top ingredients and Heineken's unique A-Yeast. It wasn't easy, but not impossible.",,,,,https://www.coles.com.au/product/heineken-0.0-bottle-330ml-6-pack-3637591,,,2024-06-16T13:34:37.805164-04:00
Ind54SColes_ADrinks_SANon-alcoholic_IYeah Nah Non Alcoholic Beer XPA 4x375mL | 4 pack,Yeah Nah Non Alcoholic Beer XPA 4x375mL | 4 pack,Yeah Nah,Drinks,Non-alcoholic,Non-alcoholic drinks,,$10.00,,,$6.67 per 1L,7743863,,,,,,https://www.coles.com.au/product/yeah-nah-non-alcoholic-beer-xpa-4x375ml-4-pack-7743863,,,2024-06-16T13:34:46.863006-04:00
Ind54SColes_ADrinks_SANon-alcoholic_IBelvoir Farms Non Alc Passionfruit 4x250mL | 4 pack,Belvoir Farms Non Alc Passionfruit 4x250mL | 4 pack,Belvoir Farms,Drinks,Non-alcoholic,Non-alcoholic drinks,,$7.50,,$15.00,$7.50 per 1L,5560443,"Our Non-Alcoholic Passion Fruit Martini is made with real tropical fruit juices and Madagascan vanilla extract for a delicious exotic alternative to a classic passion fruit and vanilla cocktail
Mocktail

Non Alcoholic

100% Natural

Real Fruit Juices

Sustainable

Mixer.

Vegan Friendly.

Delicious on its own or as a mixer.",,,"Per 100g/ml
Per Serving
%DI
Energy
130
325
0
Protein
0
0
0
Total Fat
0
0
Saturated Fat
0
0
Carbohydrate
7.2
18g
Sugars
7.2
18g
Calcium
0
0
0
Iron
0
0
0
Vitamin A
0
0
Coenzyme Q10
0
0
Vitamin E
0
0
Vitamin B
0
0
Vitamin C
0
0
Dietary Fibre (total)
0
0
Omega - 6
0
0
Magnesium
0
0
0
Selenium
0
0
0
Copper
0
0
0
Trans
0
0
Iodine
0
0
0
Bioflavoids
0
Folic Acid
0
0
Biotin
0
0
Molybdenum
0
0
0
Zinc
0
0
0
Sodium
0
0
Choline
0
0
Monounsaturated
0
0
Chromium
0
0
0
Polyunsaturated
0
0
Potassium
0
0
0
Manganese
0
0
0
* Percentage Daily Intakes are based on an average adult diet of 8700 kJ. Your daily intakes may be higher or lower depending on your energy needs.","Carbonated Spring Water, Sugar, Passion Fruit Juice from Concentrate 4%, Lime Juice, Passion Fruit Extract, Vanilla Extract, Safflower Extract, Stabiliser: Pectin",https://www.coles.com.au/product/belvoir-farms-non-alc-passionfruit-4x250ml-4-pack-5560443,,,2024-06-16T13:34:57.832001-04:00
Ind54SColes_ADrinks_SANon-alcoholic_IJames Squire Zero Alc Bottles 6x345mL | 6 pack,James Squire Zero Alc Bottles 6x345mL | 6 pack,James Squire,Drinks,Non-alcoholic,Non-alcoholic drinks,,$15.40,,,$7.44 per 1L,4509473,,,,,,https://www.coles.com.au/product/james-squire-zero-alc-bottles-6x345ml-6-pack-4509473,,,2024-06-16T13:35:06.782333-04:00
Ind54SColes_ADrinks_SANon-alcoholic_II Love Non Alcoholic Cocktails Mojito 4x250ml | 4 pack,I Love Non Alcoholic Cocktails Mojito 4x250ml | 4 pack,I Love,Drinks,Non-alcoholic,Non-alcoholic drinks,,$10.00,,,$10.00 per 1L,7743116,,,,,,https://www.coles.com.au/product/i-love-non-alcoholic-cocktails-mojito-4x250ml-4-pack-7743116,,,2024-06-16T13:35:15.466514-04:00
Ind54SColes_ADrinks_SANon-alcoholic_IMcGuigan Zero Shiraz 750mL | 1 Each,McGuigan Zero Shiraz 750mL | 1 Each,McGuigan,Drinks,Non-alcoholic,Non-alcoholic drinks,,$11.50,,,$15.33 per 1L,3705498,"Four generations of the McGuigan family have made wine their life, demonstrating a deep commitment and passion for Australian winemaking. This energy, drive and uncompromising dedication to crafting the finest Australian wines is reflected in McGuigan Wines being crowned International Winemaker of the Year at the prestigious International Wine & Spirits Competition (IWSC) in London a world record four times - 2009, 2011, 2012 and 2016.
Free from Alcohol

Full in Flavour",,,"Per 100g/ml
Per Serving
%DI
Energy
120
Protein
0.2g
Total Fat
<0.2g
Saturated Fat
<0.1g
Carbohydrate
7g
Sugars
3.9g
Sodium
25mg
* Percentage Daily Intakes are based on an average adult diet of 8700 kJ. Your daily intakes may be higher or lower depending on your energy needs.",,https://www.coles.com.au/product/mcguigan-zero-shiraz-750ml-1-each-3705498,,,2024-06-16T13:35:26.451685-04:00
Ind54SColes_ADrinks_SA_IFree Form Zero Alcohol Cocktails 4X250mL Gin Tonic | 4 pack,Free Form Zero Alcohol Cocktails 4X250mL Gin Tonic | 4 pack,Free Form,Drinks,,,,$10.00,,,$10.00 per 1L,7742849,"All the complexity and sophistication of a craft gin & tonic, but better for you. Juniper and Cinchona are balanced with bright lemon and just enough sweetness to round out the drink. The Free Form Craft Gin & Tonic is dry, sessionable and 100% free of alcohol.
- All natural & no preservatives
- Non-alcoholic
- Made with real quinine
- Plastic-free packaging
- Australian-made
Enjoy over ice and garnish with fresh lemon or grapefruit.",,,"Per 100g/ml
Per Serving
%DI
Energy
112kJ
280kJ
Protein
0.1g
0.1g
Total Fat
0.1g
0.1g
Saturated Fat
0.1g
0.1g
Carbohydrate
6.6g
16.5g
Sugars
6.2g
15.5g
Sodium
1.4mg
3.5mg
* Percentage Daily Intakes are based on an average adult diet of 8700 kJ. Your daily intakes may be higher or lower depending on your energy needs.",,https://www.coles.com.au/product/free-form-zero-alcohol-cocktails-4x250ml-gin-tonic-4-pack-7742849,,,2024-06-16T13:38:33.891936-04:00
Ind54SColes_ADrinks_SANon-alcoholic_IBelvoir Farms Non Alc Peach 4x250mL | 4 pack,Belvoir Farms Non Alc Peach 4x250mL | 4 pack,Belvoir Farms,Drinks,Non-alcoholic,Non-alcoholic drinks,,$7.50,,$15.00,$7.50 per 1L,5560454,"Our Non-Alcoholic Peach Bellini is made with a blend of real peach and grape juices for a delicious, refreshing alternative to a classic Peach Bellini cocktail.
Natural Ingredients

Real Fruit

Nothing Artificial

Low Sugar

Sparkling Mocktail

Mixer.

Non - Alcoholic.",,,"Per 100g/ml
Per Serving
%DI
Energy
133
332
Protein
0
0
Total Fat
0
0
Saturated Fat
0
0
Carbohydrate
7.3
18.2
Sugars
7.1
17.8
Calcium
0
0
0
Iron
0
0
0
Vitamin A
0
0
Coenzyme Q10
0
0
Vitamin E
0
0
Vitamin B
0
0
Vitamin C
0
0
Dietary Fibre (total)
0
0
Omega - 6
0
0
Magnesium
0
0
0
Selenium
0
0
0
Copper
0
0
0
Trans
0
0
Iodine
0
0
0
Bioflavoids
0
Folic Acid
0
0
Biotin
0
0
Molybdenum
0
0
0
Zinc
0
0
0
Sodium
0
0
Choline
0
0
Monounsaturated
0
0
Chromium
0
0
0
Polyunsaturated
0
0
Potassium
0
0
0
Manganese
0
0
0
* Percentage Daily Intakes are based on an average adult diet of 8700 kJ. Your daily intakes may be higher or lower depending on your energy needs.",,https://www.coles.com.au/product/belvoir-farms-non-alc-peach-4x250ml-4-pack-5560454,,,2024-06-16T13:38:45.183800-04:00
Ind54SColes_ADrinks_SANon-alcoholic_IYeah Nah Non Alcoholic Beer Pale Ale 4x375mL | 4 pack,Yeah Nah Non Alcoholic Beer Pale Ale 4x375mL | 4 pack,Yeah Nah,Drinks,Non-alcoholic,Non-alcoholic drinks,,$10.00,,,$6.67 per 1L,7744050,"Yeah Nah presents itself as a Non-Alcoholic Pale Ale, crafted with a distinctive brewing technique designed to ferment to less than 0.3% ABV. Despite its low alcohol content, it maintains a full-bodied flavor profile with vibrant passionfruit and citrus aromas. With a light golden pour, this refreshing beer strikes a perfect balance, offering a delightful and easy-going drinking experience.
For Aussies, drinking beer isn't a privelage, it's a birthright.
For better or worse it's ingrained in who we are as a nation.
 
 
 Aprrox 40% Less Calories Than Regular Beer",,,"Per 100g/ml
Per Serving
%DI
Energy
45
169
Protein
0.2
0.8
Total Fat
0.2
0.8
Saturated Fat
0.1
0.4
Carbohydrate
2.5
9.4
Sugars
1
8.8
Sodium
5
19
Energy (Cal)
11
41
Dietary Fibre (total)
0
0
* Percentage Daily Intakes are based on an average adult diet of 8700 kJ. Your daily intakes may be higher or lower depending on your energy needs.","Water, Barley Malt, Hops, Hop Extract, Yeast, Oats",https://www.coles.com.au/product/yeah-nah-non-alcoholic-beer-pale-ale-4x375ml-4-pack-7744050,,,2024-06-16T14:47:59.499461-04:00
Ind54SColes_ADrinks_SASoft drinks_IColes Soda Water | 2L,Coles Soda Water | 2L,Coles,Drinks,Soft drinks,Mixers,,$1.45,,,$0.73 per 1L,7600709,Coles soda water 2 litre a Sparkling Mixer or refreshing bubbling beverage to be enjoyed on its own,,,"Per 100g/ml
Per Serving
%DI
Energy
0.00
0.00
0
Protein
0.00
0.00
0
Total Fat
0.00
0.00
0
Saturated Fat
0.00
0.00
0
Carbohydrate
0.00
0.00
0
Sugars
0.00
0.00
0
Sodium
5.00
12.50
1
Energy (Cal)
0.00
0.00
Dietary Fibre (total)
0.00
0.00
0
* Percentage Daily Intakes are based on an average adult diet of 8700 kJ. Your daily intakes may be higher or lower depending on your energy needs.",,https://www.coles.com.au/product/coles-soda-water-2l-7600709,,,2024-06-16T13:41:05.225497-04:00
Ind54SColes_ADrinks_SASoft drinks_IFanta Orange Soft Drink Multipack Mini Cans 6x250mL | 6 pack,Fanta Orange Soft Drink Multipack Mini Cans 6x250mL | 6 pack,Fanta,Drinks,Soft drinks,Soft drink cans,,$6.75,,$9.20,$4.50 per 1L,4398725,"Bright, bubbly and popular, Fanta is the orange soft drink with a tingly, fruity and bold taste. With no artificial colours, Fanta softd rink is perfect for enjoying with friends, on the go or having with meals. Fanta Orange is available in cans, mini cans, single serve and sharing size bottles as well as multipacks.
Bold fruity taste

No artificial colours

Orange flavour

Bring home flavour

Orange flavour",,,"Per 100g/ml
Per Serving
%DI
Energy
127
316
2
Protein
0
0
0
Total Fat
0
0
0
Saturated Fat
0
0
0
Carbohydrate
7.3
18
4
Sugars
7.2
18
13
Sodium
1.1
2.7
0
Energy (Cal)
30
76
2
Dietary Fibre (total)
0
0
0
* Percentage Daily Intakes are based on an average adult diet of 8700 kJ. Your daily intakes may be higher or lower depending on your energy needs.","Carbonated Water, Sugar, Orange Juice from Concentrate (2.1%), Food Acids (330, 329, 333), Flavour, Natural Colour (160a), Preservative (202), Sweeteners (950, 955), Antioxidant (300).",https://www.coles.com.au/product/fanta-orange-soft-drink-multipack-mini-cans-6x250ml-6-pack-4398725,,,2024-06-16T13:41:16.920787-04:00
Ind54SColes_ADrinks_SASoft drinks_ISchweppes Traditional Raspberry Soft Drink Bottle | 1.1L,Schweppes Traditional Raspberry Soft Drink Bottle | 1.1L,Schweppes,Drinks,Soft drinks,Soft drink bottles,,$3.00,,,$2.73 per 1L,3270216,"Indulge in the tantalizing taste of the Schweppes Traditionals Raspberry! This iconic drink boasts a bold and striking red hue that's sure to draw attention. And with its equally bold and flavourful raspberry taste, it's no wonder why it's one of our most popular drinks!

Effervescence meets sweetness in this delightful fizzy drink, making it an absolute treat for your taste buds. Its vibrant colours make it the perfect drink to add some excitement to your summer. You can enjoy it on its own or add it to your favourite cocktail as a mixer for an extra burst of raspberry flavour.

The Schweppes Traditionals Raspberry comes in a 1.1L bottle, perfect to serve at parties or to enjoy with friends or family. This drink is perfect for any occasion, whether you want to cool down on a hot day or make a refreshing cocktail.

What's not to love about the Schweppes Traditionals Raspberry? It's a classic drink that packs a punch - bold in both appearance and flavour. Plus, with over 800 characters of mouth-watering description, what more do you need to know? Treat yourself to a Schweppes Traditionals Raspberry today - you won't be disappointed!
Refreshing thirst quencher.

Sweet raspberry taste is a fan favourite.

Perfect for refreshing cocktails or standalone drinks.

Suitable for sharing with family and friends.

Classic and bold flavour.",,,"Per 100g/ml
Per Serving
%DI
Energy
149kJ
373kJ
Protein
0g
0g
Total Fat
0g
0g
Saturated Fat
0g
0g
Carbohydrate
8.6g
21.5g
Sugars
8.6g
21.5g
Sodium
10mg
25mg
* Percentage Daily Intakes are based on an average adult diet of 8700 kJ. Your daily intakes may be higher or lower depending on your energy needs.","Carbonated Water, Sugar, Food Acids (330, 260, 331), Flavour, Preservative (211), Colour (123).",https://www.coles.com.au/product/schweppes-traditional-raspberry-soft-drink-bottle-1.1l-3270216,,,2024-06-16T13:41:28.360708-04:00
Ind54SColes_ADrinks_SASpirits_ICanadian Club 12YO Classic Blended Whisky 700mL | 1 Each,Canadian Club 12YO Classic Blended Whisky 700mL | 1 Each,Canadian Club,Drinks,Spirits,American & Canadian whiskey,,$65.00,,$68.00,$92.86 per 1L,8332456,"Canadian Club 12 Year Old is aged for the extra 6 years to allow maturing in wood to produce a darker spirit with more of the traditional characteristics of aged whiskies and a richer, more aromatic flavour. This 12 Year Old whisky is perfect for mixing, or can be served on the rocks.",,,,,https://www.coles.com.au/product/canadian-club-12yo-classic-blended-whisky-700ml-1-each-8332456,,,2024-06-16T13:41:37.412322-04:00
Ind54SColes_ADrinks_SASoft drinks_IColes Soft Drink Diet Raspberry | 1.25L,Coles Soft Drink Diet Raspberry | 1.25L,Coles,Drinks,Soft drinks,Soft drink bottles,,$1.20,,,$0.96 per 1L,3813785,A refreshing drink for those long hot summer days or when you want to relax and enjoy the moment,,,"Per 100g/ml
Per Serving
%DI
Energy
0.00
0.00
Protein
0.00
0.00
Carbohydrate
0.00
0.00
Sugars
0.00
0.00
Sodium
11.00
27.50
Saturated
0.00
0.00
Energy (Cal)
0.00
0.00
Fat
0.00
0.00
Dietary Fibre (total)
0.00
0.00
* Percentage Daily Intakes are based on an average adult diet of 8700 kJ. Your daily intakes may be higher or lower depending on your energy needs.",,https://www.coles.com.au/product/coles-soft-drink-diet-raspberry-1.25l-3813785,,,2024-06-16T13:41:48.880633-04:00
Ind54SColes_ADrinks_SASoft drinks_IVibe Gut with Prebiotics Lemonade Soft Drink Multipack Cans 330mL X 4 Pack | 4 pack,Vibe Gut with Prebiotics Lemonade Soft Drink Multipack Cans 330mL X 4 Pack | 4 pack,Vibe,Drinks,Soft drinks,Kombucha & other drinks,,$10.00,,,$7.58 per 1L,7030112,"VIBE Lemonade Gut is bursting with personality, fizz, BIG flavour, low sugar and the extra oomph of added functionality. 

It's a soda your gut would swipe right for and contains prebiotics which promote a positive change in gut microbiota, when consumed as part of a healthy and varied diet.

VIBE is your soda friend with benefits!",,,"Per 100g/ml
Per Serving
%DI
Energy
75kJ
248kJ
Protein
0g
0g
Total Fat
0g
0g
Saturated Fat
0g
0g
Carbohydrate
2.6g
8.6g
Sugars
2.3g
7.6g
Sodium
16mg
53mg
Energy (Cal)
18Cal
59Cal
* Percentage Daily Intakes are based on an average adult diet of 8700 kJ. Your daily intakes may be higher or lower depending on your energy needs.",,https://www.coles.com.au/product/vibe-gut-with-prebiotics-lemonade-soft-drink-multipack-cans-330ml-x-4-pack-4-pack-7030112,,,2024-06-16T13:41:59.787006-04:00
Ind54SColes_ADrinks_SABeverages_ISprite Lemonade Soft Drink Bottle | 2L,Sprite Lemonade Soft Drink Bottle | 2L,Sprite,Drinks,Beverages,Soft drink & energy drinks,,$3.00,,,"$1.50 per 1L
Was $3.40 on Apr 2024",438894,"With its clean, crisp, lemon-lime taste, Sprite is a lemonade soft drink with a hit of refreshment. Perfect with meals, as a mixer, on the go or relaxing at home. Sprite soft drink has natural flavours. Sprite is available in cans, mini cans, single serve and sharing size bottles as well as multipacks.
Hit of refreshment

Lemon-lime flavour

Natural flavour

Great with meals

2L share pack

Natural flavour.",,,"Per 100g/ml
Per Serving
%DI
Energy
120
301
3
Protein
0.01
0.01
0.1
Total Fat
0
0
0
Saturated Fat
0
0
0
Carbohydrate
6.9
17
5
Sugars
6.9
17
19
Sodium
6.8
17
0.7
Energy (Cal)
29
72
3
Dietary Fibre (total)
0
0
0
* Percentage Daily Intakes are based on an average adult diet of 8700 kJ. Your daily intakes may be higher or lower depending on your energy needs.",,https://www.coles.com.au/product/sprite-lemonade-soft-drink-bottle-2l-438894,,,2024-06-16T13:42:10.644721-04:00
Ind54SColes_ADrinks_SASoft drinks_ISchweppes Zero Sugar Mixers Lemon Lime & Bitters Soft Drink | 1.1L,Schweppes Zero Sugar Mixers Lemon Lime & Bitters Soft Drink | 1.1L,Schweppes,Drinks,Soft drinks,Mixers,,$3.00,,,$2.73 per 1L,3752738,"Looking for a refreshing drink that also has no sugar? Look no further than Schweppes Classic Mixers Lemon Lime & Bitters Zero Sugar 1.1L. This beloved Australian classic is now available with zero sugar, making it the perfect mixer for parties or a refreshing drink on a hot summer day.

The aromatic blend of bitters and lemon and lime juices make this classic mixer a standout choice. Enjoy it over ice with a slice of lemon or mix it with your favourite alcohol for a delicious cocktail. For a family-friendly option, mix it with lemonade for a refreshing punch.

This 1.1L bottle is perfect for sharing with friends and family. So why wait? Add Schweppes Classic Mixers Lemon Lime & Bitters Zero Sugar to your cart today and enjoy a delicious, sugar-free drink that everyone will love.
Zero sugar option: enjoy a refreshing drink without the sugar.

Aromatic blend of bitters, lemon, and lime make it a standout.

Perfect mixer for parties or a refreshing drink on hot days.

Can be mixed with your favourite alcohol or lemonade for a family-friendly option.

1.1L bottle allows for sharing with friends and family.",,,"Per 100g/ml
Per Serving
%DI
Energy
11kJ
28kJ
Protein
0g
0g
Total Fat
0g
0g
Saturated Fat
0g
0g
Carbohydrate
0g
0g
Sugars
0g
0g
Sodium
20mg
50mg
Dietary Fibre (total)
0g
0g
* Percentage Daily Intakes are based on an average adult diet of 8700 kJ. Your daily intakes may be higher or lower depending on your energy needs.",,https://www.coles.com.au/product/schweppes-zero-sugar-mixers-lemon-lime-and-bitters-soft-drink-1.1l-3752738,,,2024-06-16T13:42:22.184072-04:00
Ind54SColes_ADrinks_SASoft drinks_IBundaberg Brewed Lemon Lime Bitters 6x200mL | 6 pack,Bundaberg Brewed Lemon Lime Bitters 6x200mL | 6 pack,Bundaberg,Drinks,Soft drinks,Mixers,,$5.75,,$7.80,$4.79 per 1L,4395578,"Bundaberg Lemon, Lime & Bitters is slowly brewed over 7 days with real lemons and limes that are infused with aromatic herbs and spices. Our master Brewer's very own recipe of cinnamon quills, clove buds and gentian root is then added for a snap of bitterness that finishes the full taste.
- Australian Family Owned
- Craft brewed over 3 days
- Made in Australia",,,"Per 100g/ml
Per Serving
%DI
Energy
196kJ
392kJ
5%
Protein
<1g
<1g
0%
Total Fat
<1g
<1g
0%
Saturated Fat
<1g
<1g
0%
Carbohydrate
11.5g
23g
7%
Sugars
11.5g
23g
26%
Sodium
9mg
18mg
1%
* Percentage Daily Intakes are based on an average adult diet of 8700 kJ. Your daily intakes may be higher or lower depending on your energy needs.",,https://www.coles.com.au/product/bundaberg-brewed-lemon-lime-bitters-6x200ml-6-pack-4395578,,,2024-06-16T13:42:32.973293-04:00
Ind54SColes_ADrinks_SASoft drinks_ISchweppes Lemonade Soft Drink Cans Multipack 375mL x 10 Pack | 10 pack,Schweppes Lemonade Soft Drink Cans Multipack 375mL x 10 Pack | 10 pack,Schweppes,Drinks,Soft drinks,Soft drink cans,,$9.00,,$18.00,$2.40 per 1L,2684155,"Refreshment has never been easier to come by with the Schweppes Lemonade 10 pack 375mL. Schweppes, the iconic brand that has been around for generations, presents this lemonade that will leave you coming back for more. This drink delivers a crisp and clean taste that is simply refreshing, making it the perfect thirst quencher for a hot day, an evening in with friends, or even for parties.

Crafted by Schweppes' Master Blenders, the Schweppes Lemonade 10 pack 375mL boasts a harmonious blend of lemon and lime oils. The zesty, crisp taste is a delightful experience for your senses, making it a must-have for an afternoon pick-me-up or as part of a recipe while entertaining guests.

Perfectly handcrafted, this iconic drink is a staple bonding item for families and friends, bringing people together over sweet and tangy flavours. You may choose to enjoy the Schweppes Lemonade 10 pack 375mL chilled by itself or mix it into your favourite cocktail to uncover new flavour combinations and possibilities. Its versatility is limited only by your imagination!

With the Schweppes Lemonade 10 pack 375mL, you'll enjoy a highly refreshing beverage that has stood the test of time. It comes in a pack of 10, convenient to stock up for future occasions. Whether you're hosting cookouts, picnics, or indoor parties, you'll have all that you need to keep the festivities going with this exquisite drink.

With crisp and clean taste, the Schweppes Lemonade 10 pack 375mL is your ultimate thirst-quencher, a rich source of refreshment, and the best way to indulge in the most iconic taste that generations of families have come to love. So why wait any longer? Get your hands on the Schweppes Lemonade 10 pack 375mL and share the joy of this iconic drink with your loved ones today!
Schweppes Lemonade 10 pack 375mL

the ultimate thirst-quencher!

A harmonious blend of lemon and lime oils for a zesty, crisp taste.

Perfect for bonding with family and friends over sweet and tangy flavours.

Comes in a pack of 10",,,"Per 100g/ml
Per Serving
%DI
Energy
143kJ
536kJ
Protein
0g
0g
Total Fat
0g
0g
Saturated Fat
0g
0g
Carbohydrate
8.2g
30.8g
Sugars
8.2g
30.8g
Sodium
10mg
38mg
* Percentage Daily Intakes are based on an average adult diet of 8700 kJ. Your daily intakes may be higher or lower depending on your energy needs.",,https://www.coles.com.au/product/schweppes-lemonade-soft-drink-cans-multipack-375ml-x-10-pack-10-pack-2684155,,,2024-06-16T13:42:43.906213-04:00
Ind54SColes_ADrinks_SASoft drinks_IPepsi Max No Sugar Cola Vanilla Soft Drink Bottle | 1.25L,Pepsi Max No Sugar Cola Vanilla Soft Drink Bottle | 1.25L,Pepsi,Drinks,Soft drinks,Soft drink bottles,,$2.00,,$3.00,$1.60 per 1L,2765494,"Looking for a refreshing soft drink that's both low in calories and high in flavour? Look no further than Pepsi Max No Sugar Vanilla flavoured cola! This deliciously smooth and creamy drink features the same bold cola taste you know and love from Pepsi Max, with a hint of sweet, fragrant vanilla that's sure to delight your taste buds.

With no sugar and maximum taste, Pepsi Max No Sugar Vanilla flavoured cola is the perfect addition to your fridge door. Enjoy it chilled for a refreshing, sugar-free treat that's perfect for any time of day. And with a 1.25L bottle, you'll have plenty to share with family and friends.

But that's not all - Pepsi Max No Sugar Vanilla flavoured cola is also available in a convenient 600mL bottle, perfect for when you're on the go. And if you're planning a social occasion, why not grab a 10 Can pack to share with everyone? With its unique and delicious flavour, Pepsi Max No Sugar Vanilla flavoured cola is sure to be a hit with everyone.

So why wait? Try Pepsi Max No Sugar Vanilla flavoured cola today and experience the ultimate in bold, creamy, and refreshing soft drink taste. Pepsi Max Vanilla. Max Taste, No Sugar.
Bold cola taste with a sweet, fragrant vanilla twist.

Low in calories and high in flavour

sugar-free refreshment.

Available in 1.25L bottle, 600mL bottle, and 10 can pack.

Perfect for any occasion, from on-the-go to social gatherings.",,,"Per 100g/ml
Per Serving
%DI
Energy
3kJ
8kJ
0.10%
Protein
0.1g
0.3g
0.60%
Total Fat
0g
0g
0%
Saturated Fat
0g
0g
0%
Carbohydrate
0.1g
0.3g
0.10%
Sugars
0g
0g
0%
Sodium
10mg
25mg
1%
Dietary Fibre (total)
0g
0g
0%
* Percentage Daily Intakes are based on an average adult diet of 8700 kJ. Your daily intakes may be higher or lower depending on your energy needs.",,https://www.coles.com.au/product/pepsi-max-no-sugar-cola-vanilla-soft-drink-bottle-1.25l-2765494,,,2024-06-16T13:42:55.340412-04:00
Ind54SColes_ADrinks_SA_ICoca-Cola Zero Caffeine Free Coke Soft Drink 6X250mL | 6 pack,Coca-Cola Zero Caffeine Free Coke Soft Drink 6X250mL | 6 pack,Coca-Cola,Drinks,,,,$6.75,,$9.20,$4.50 per 1L,6670094,"Coca-Cola Zero Sugar Caffeine Free is a deliciously light choice for those who want the classic taste of Coke without the Caffeine and no sugar. Whether sharing with family and friends or accompanying a meals, Coca-Cola Zero Sugar Caffeine Free has a pack for almost any occasion. Coca-Cola Zero Sugar Caffeine Free soft drink is available in cans, sharing size bottles and multipacks.
Perfect for drinking on the go, having with a meal or relaxing with at home.

Serve Drink Cold for Maximum Refreshment

Made in Australia

A Quality Product of The Coca-Cola Company

A Quality Product of The Coca-Cola Company",,,"Per 100g/ml
Per Serving
%DI
Energy
0.8
2
Protein
0.05
0.1
Total Fat
0
0
Saturated Fat
0
0
Carbohydrate
0.1
0.3
Sugars
0
0
Sodium
4.1
10.3
Energy (Cal)
0.2
0.5
Dietary Fibre (total)
0
0
Caffeine
0
0
* Percentage Daily Intakes are based on an average adult diet of 8700 kJ. Your daily intakes may be higher or lower depending on your energy needs.",,https://www.coles.com.au/product/coca-cola-zero-caffeine-free-coke-soft-drink-6x250ml-6-pack-6670094,,,2024-06-16T13:43:07.050251-04:00
Ind54SColes_ADrinks_SA_ISodasmith Tonic Can 4x200mL | 4 pack,Sodasmith Tonic Can 4x200mL | 4 pack,Sodasmith,Drinks,,,,$7.00,,,$8.75 per 1L,5563645,Sodasmith Tasmanian Tonic Water is a delicious mixer made with 100% Tasmanian spring water and only all-natural plant-based ingredients. This Mediterranean inspired tonic is complemented by aromas of fresh citrus and lemon thyme. Crafted by the Elements.,,,,,https://www.coles.com.au/product/sodasmith-tonic-can-4x200ml-4-pack-5563645,,,2024-06-16T13:43:16.199583-04:00
Ind54SColes_ADrinks_SASoft drinks_ICoca-Cola Classic Soft Drink Bottle | 1.25L,Coca-Cola Classic Soft Drink Bottle | 1.25L,Coca-Cola,Drinks,Soft drinks,Soft drink bottles,,$3.85,Pick any 2 for $5.60,,$3.08 per 1L,123011,"Nothing beats the taste of Coca-Cola Classic. It's the perfect companion whether you're on the go, relaxing at home, enjoying with friends or as a drink with your meal. Refresh yourself with the authentic Coke taste. Designed to go with everything, the taste of Classic Coca-Cola has remained unchanged for more than 130 years. Coca-Cola soft drink is available in cans, mini cans, single serve and sharing size bottles as well as multipacks.
Classic Coke Taste

Serve Drink Cold for Maximum Refreshment

A Quality Product of The Coca-Cola Company

1.25L Soft Drink

Perfect for drinking on the go, having with a meal or relaxing with at home.",,,"Per 100g/ml
Per Serving
%DI
Energy
180
450
5
Protein
0
0
0
Total Fat
0
0
0
Saturated Fat
0
0
0
Carbohydrate
10.6
27
9
Sugars
10.6
27
29
Sodium
10
25
1
Energy (Cal)
43
108
5
* Percentage Daily Intakes are based on an average adult diet of 8700 kJ. Your daily intakes may be higher or lower depending on your energy needs.","Carbonated Water, Sugar, Colour (150d), Food Acid (338), Flavour, Caffeine.",https://www.coles.com.au/product/coca-cola-classic-soft-drink-bottle-1.25l-123011,,,2024-06-16T13:43:27.220297-04:00
Ind54SColes_ADrinks_SA_ICoca-Cola Vanilla Soft Drink | 1.25L,Coca-Cola Vanilla Soft Drink | 1.25L,Coca-Cola,Drinks,,,,$3.85,Pick any 2 for $5.60,,$3.08 per 1L,9391600,"Coca-Cola Vanilla has the refreshing Coca-Cola Classic taste with the sweet aroma of vanilla, making it a delicious twist on an old favourite. Coca-Cola Vanilla soft drink is available in multipack cans, single serve bottles and sharing size bottles. There's a pack for almost any occasion.
Classic Coke Taste with a Twist

Sweet Hint of Vanilla

A Quality Product of The Coca-Cola Company

1.25L Soft Drink

Perfect for drinking on the go, having with a meal or relaxing with at home.",,,"Per 100g/ml
Per Serving
%DI
Energy
185
463
5
Protein
0
0
0
Total Fat
0
0
0
Saturated Fat
0
0
0
Carbohydrate
11
28
9
Sugars
10.9
27
30
Sodium
10
25
1
Energy (Cal)
44
110
5
* Percentage Daily Intakes are based on an average adult diet of 8700 kJ. Your daily intakes may be higher or lower depending on your energy needs.",,https://www.coles.com.au/product/coca-cola-vanilla-soft-drink-1.25l-9391600,,,2024-06-16T13:43:38.897480-04:00
Ind54SColes_ADrinks_SA_IKirks Mixers Soda Water Mini Cans 6x250mL | 6 pack,Kirks Mixers Soda Water Mini Cans 6x250mL | 6 pack,Kirks,Drinks,,,,$4.90,,,"$3.27 per 1L
Was $8.20 on Apr 2024",6670141,"Kirks Club Soda Water is carbonated water to enjoy either straight or as a mixer.
To enjoy either straight or as a mixer.

Classic and versatile mixer

Made in Australia

Best served chilled",,,"Per 100g/ml
Per Serving
%DI
Energy
0
0
0
Total Fat
0
Saturated Fat
0
0
0
Carbohydrate
0
0
0
Sugars
0
0
0
Sodium
1
2.5
0.1
Energy (Cal)
0
0
0
Dietary Fibre (total)
0
0
0
* Percentage Daily Intakes are based on an average adult diet of 8700 kJ. Your daily intakes may be higher or lower depending on your energy needs.",,https://www.coles.com.au/product/kirks-mixers-soda-water-mini-cans-6x250ml-6-pack-6670141,,,2024-06-16T13:43:49.882200-04:00
Ind54SColes_ADrinks_SASoft drinks_IBundaberg Brewed Drink Sarsaparilla Diet 4x375mL | 4 pack,Bundaberg Brewed Drink Sarsaparilla Diet 4x375mL | 4 pack,Bundaberg,Drinks,Soft drinks,Mixers,,$7.35,,,$4.90 per 1L,2481318,"Brewed over 3 days using a genuine family recipe including sarsaparilla root, ground ginger, liquorce root, vanilla bean and molasses. Bundaberg Diet Sarsaparilla has the same great taste as the original with less sugar.
Be sure to invert the bottle before opening to disperse the real ingredients for optimal enjoyment.
Brewed over 3 days
Australian family owned
Best enjoyed chilled",,,"Per 100g/ml
Per Serving
%DI
Energy
33kJ
124kJ
1%
Protein
<1g
<1g
0%
Total Fat
<1g
<1g
0%
Saturated Fat
<1g
<1g
0%
Carbohydrate
1.9g
7.2g
2%
Sugars
1.7g
6.4g
7%
Sodium
11mg
42mg
2%
* Percentage Daily Intakes are based on an average adult diet of 8700 kJ. Your daily intakes may be higher or lower depending on your energy needs.",,https://www.coles.com.au/product/bundaberg-brewed-drink-sarsaparilla-diet-4x375ml-4-pack-2481318,,,2024-06-16T13:44:01.463174-04:00
Ind54SColes_ADrinks_SASoft drinks_ICoca-Cola Diet Coke Soft Drink Bottle | 1.25L,Coca-Cola Diet Coke Soft Drink Bottle | 1.25L,Coca-Cola,Drinks,Soft drinks,Soft drink bottles,,$3.85,Pick any 2 for $5.60,,$3.08 per 1L,419211,"Diet Coke is a deliciously light, sugar free and no kilojoule soft drink. It delivers a distinct, unique and light taste. With its bubbly sparkle, 'Diet Coke' has been refreshing and delighting drinkers for decades. The perfect sparkling soft drink for enjoying on the go, having with a meal or relaxing with at home. Coca-Cola Diet soft drink is available in cans, mini cans, single serve and sharing size bottles as well as multipacks.
Distinct Diet Coke Taste

No Sugar and Low Kilojoule

A Quality Product of The Coca-Cola Company

1.25L Soft Drink

Perfect for drinking on the go, having with a meal or relaxing with at home.",,,"Per 100g/ml
Per Serving
%DI
Energy
1.9
4.8
0.1
Protein
0.05
0.1
0.3
Total Fat
0
0
0
Saturated Fat
0
0
0
Carbohydrate
0.1
0.3
0.1
Sugars
0
0
0
Sodium
1
2.5
0.1
Energy (Cal)
0.5
1.1
0.1
Dietary Fibre (total)
0
0
0
* Percentage Daily Intakes are based on an average adult diet of 8700 kJ. Your daily intakes may be higher or lower depending on your energy needs.",,https://www.coles.com.au/product/coca-cola-diet-coke-soft-drink-bottle-1.25l-419211,,,2024-06-16T13:44:12.312776-04:00
Ind54SColes_ADrinks_SASoft drinks_IColes Mixer Dry Ginger Ale | 1.25L,Coles Mixer Dry Ginger Ale | 1.25L,Coles,Drinks,Soft drinks,Mixers,,$1.20,,,$0.96 per 1L,5180340,Sparkling Mixer,,,"Per 100g/ml
Per Serving
%DI
Energy
119
297.5
Protein
0
0
Carbohydrate
6.3
15.8
5
Sugars
7
17.5
Sodium
5
13
1
Saturated
0
0
Energy (Cal)
26
64
Fat
0
0
Dietary Fibre (total)
0
0
* Percentage Daily Intakes are based on an average adult diet of 8700 kJ. Your daily intakes may be higher or lower depending on your energy needs.",,https://www.coles.com.au/product/coles-mixer-dry-ginger-ale-1.25l-5180340,,,2024-06-16T13:44:23.277338-04:00
Ind54SColes_ADrinks_SASoft drinks_IPepsi Max No Sugar Cola Creaming Soda Soft Drink Bottle | 1.25L,Pepsi Max No Sugar Cola Creaming Soda Soft Drink Bottle | 1.25L,Pepsi,Drinks,Soft drinks,Soft drink bottles,,$2.00,,$3.00,$1.60 per 1L,3530281,"Looking for a refreshing soft drink that offers maximum taste without the sugar? Look no further than Pepsi Max No Sugar Creaming Soda! This deliciously tasty cola fusion combines the bold, irresistible taste of Pepsi Max cola with the light, creamy, sweet taste of classic creaming soda to deliver a delightful taste sensation that will have you wanting more.

With no sugar and a low calorie count, Pepsi Max No Sugar Creaming Soda is the perfect addition to your fridge door for when you're looking for a tasty, invigorating refreshment. Enjoy it chilled for maximum enjoyment and let the refreshing taste of this bold cola fused with the iconic taste of fairy floss delight your senses.

Available in a convenient 1.25L multi-serve bottle, Pepsi Max No Sugar Creaming Soda is perfect for enjoying at home. But if you're out and about, grab a 600mL bottle or a 10 Can pack to share with family or friends on any social occasion when you're looking for a soda treat that offers something a bit different.

So why wait? Try Pepsi Max No Sugar Creaming Soda today and experience the maximum taste of Pepsi Max cola with a hint of creaming soda, fairy floss flavour. Max Taste, No Sugar.
Refreshing soft drink with maximum taste and no sugar.

Bold cola fusion with classic creaming soda taste sensation.

Low calorie count and perfect for chilling in the fridge.

Available in multi-serve bottle, 600mL bottle, and 10 can pack.

Experience the maximum taste of Pepsi Max with fairy floss flavor.",,,"Per 100g/ml
Per Serving
%DI
Energy
3kJ
8kJ
0.10%
Protein
0.1g
0.3g
0.60%
Total Fat
0g
0g
0%
Saturated Fat
0g
0g
0%
Carbohydrate
0.1g
0.3g
0.10%
Sugars
0g
0g
0%
Sodium
10mg
25mg
1%
Dietary Fibre (total)
0g
0g
0%
* Percentage Daily Intakes are based on an average adult diet of 8700 kJ. Your daily intakes may be higher or lower depending on your energy needs.",,https://www.coles.com.au/product/pepsi-max-no-sugar-cola-creaming-soda-soft-drink-bottle-1.25l-3530281,,,2024-06-16T13:44:34.166117-04:00
Ind54SColes_ADrinks_SASoft drinks_IRemedy Kombucha Ginger Lemon 250mL | 4 pack,Remedy Kombucha Ginger Lemon 250mL | 4 pack,Remedy,Drinks,Soft drinks,Kombucha & other drinks,,$9.50,,,$9.50 per 1L,3277678,"A classic with a twist. A no-sugar, guilt-free take on ginger beer. Hot and sour, fiery and tangy, made with natural ingredients, Remedy Kombucha Ginger Lemon is the perfect tummy-tamer. Fresh ginger adds warmth and spice, while real lemon adds a citrus spark. Full of antioxidants, live cultures and organic acids, Remedy Kombucha contains:
No sugar, for real
All natural ingredients
Certified Organic
Low on Calories
Vegan
Gluten Free
A-Ok in or out of the fridge",,,"Per 100g/ml
Per Serving
%DI
Energy
12kJ
30kJ
Protein
<1g
<1g
Total Fat
<1g
<1g
Saturated Fat
<1g
<1g
Carbohydrate
1.6g
4g
Sugars
0g
0g
Sodium
<5mg
<5mg
* Percentage Daily Intakes are based on an average adult diet of 8700 kJ. Your daily intakes may be higher or lower depending on your energy needs.",,https://www.coles.com.au/product/remedy-kombucha-ginger-lemon-250ml-4-pack-3277678,,,2024-06-16T13:44:45.226870-04:00
Ind54SColes_ADrinks_SASoft drinks_ICoca-Cola Classic Soft Drink Multipack Cans 10x375mL | 10 pack,Coca-Cola Classic Soft Drink Multipack Cans 10x375mL | 10 pack,Coca-Cola,Drinks,Soft drinks,Soft drink cans,,$19.00,Pick any 2 for $25,,$5.07 per 1L,1849307,"Nothing beats the taste of Coca-Cola Classic. It's the perfect companion whether you're on the go, relaxing at home, enjoying with friends or as a drink with your meal. Refresh yourself with the authentic Coke taste. Designed to go with everything, the taste of Classic Coca-Cola has remained unchanged for more than 130 years. Coca-Cola soft drink is available in cans, mini cans, single serve and sharing size bottles as well as multipacks.
Classic Coke Taste

Serve Drink Cold for Maximum Refreshment

A Quality Product of The Coca-Cola Company

Multipack soft drink, 10 x 375ml Cans

Perfect for drinking on the go, having with a meal or relaxing with at home.",,,"Per 100g/ml
Per Serving
%DI
Energy
180
675
8
Protein
0
0
0
Total Fat
0
0
0
Saturated Fat
0
0
0
Carbohydrate
10.6
40
13
Sugars
10.6
40
44
Sodium
10
38
2
Energy (Cal)
43
161
8
* Percentage Daily Intakes are based on an average adult diet of 8700 kJ. Your daily intakes may be higher or lower depending on your energy needs.",,https://www.coles.com.au/product/coca-cola-classic-soft-drink-multipack-cans-10x375ml-10-pack-1849307,,,2024-06-16T13:44:56.231509-04:00
Ind54SColes_ADrinks_SASoft drinks_ISprite Lemonade Soft Drink Bottle | 1.25L,Sprite Lemonade Soft Drink Bottle | 1.25L,Sprite,Drinks,Soft drinks,Soft drink bottles,,$3.85,Pick any 2 for $5.60,,$3.08 per 1L,401657,"With its clean, crisp, lemon-lime taste, Sprite is a lemonade soft drink with a hit of refreshment. Perfect with meals, as a mixer, on the go or relaxing at home. Sprite soft drink has natural flavours. Sprite is available in cans, mini cans, single serve and sharing size bottles as well as multipacks.
1.5 Health Star Rating

1.25L Bottle

Contains Phenylalanine

Hit of refreshment

Lemon-lime flavour

Natural flavour.",,,"Per 100g/ml
Per Serving
%DI
Energy
120
301
3
Protein
0.01
0.01
0.1
Total Fat
0
0
0
Saturated Fat
0
0
0
Carbohydrate
6.9
17
5
Sugars
6.9
17
19
Sodium
6.8
17
0.7
Energy (Cal)
29
72
3
Dietary Fibre (total)
0
0
0
* Percentage Daily Intakes are based on an average adult diet of 8700 kJ. Your daily intakes may be higher or lower depending on your energy needs.",,https://www.coles.com.au/product/sprite-lemonade-soft-drink-bottle-1.25l-401657,,,2024-06-16T13:45:07.463666-04:00
Ind54SColes_ADrinks_SASoft drinks_IFever-Tree Premium Mixers Light Meditteranean Tonic 4x200mL | 4 pack,Fever-Tree Premium Mixers Light Meditteranean Tonic 4x200mL | 4 pack,Fever-Tree,Drinks,Soft drinks,Mixers,,$9.00,,,$11.25 per 1L,5582388,"In our Light version, we use fruit sugar to sweeten the drink. The rocky hillside farms of the Provence region of southern France benefit from the warm air flowing inland from the Mediterranean Sea, creating perfect growing conditions for hardy aromatic shrubs like lemon thyme. The well-drained soil and long, sun-filled days allow these plants to thrive and the flavours to deepen.
No. 1 Best Selling & Top Trending Mixer for 10 years running as voted by Drinks International

Same great taste, and made with with 46% less calories, our Light Mediterranean Tonic Water never compromises on flavour.

No artificial colours or flavours.",,,"Per 100g/ml
Per Serving
%DI
Energy
72
144
Protein
0
0
Total Fat
0
0
Saturated Fat
0
0
Carbohydrate
4.2g
8.4g
Sugars
4.2g
8.4g
Sodium
7mg
14mg
Monounsaturated
0
0
Energy (Cal)
17
34
Dietary Fibre (total)
0
0
Polyunsaturated
0
0
Trans
0
0
* Percentage Daily Intakes are based on an average adult diet of 8700 kJ. Your daily intakes may be higher or lower depending on your energy needs.",,https://www.coles.com.au/product/fever-tree-premium-mixers-light-meditteranean-tonic-4x200ml-4-pack-5582388,,,2024-06-16T13:45:19.568709-04:00
Ind54SColes_ADrinks_SABeverages_ISprite Zero Sugar Lemonade Soft Drink Bottle | 2L,Sprite Zero Sugar Lemonade Soft Drink Bottle | 2L,Sprite,Drinks,Beverages,Soft drink & energy drinks,,$3.00,,,"$1.50 per 1L
Was $3.40 on Apr 2024",4397960,"With its clean, crisp, lemon-lime taste, Sprite Zero Sugar is a lemonade soft drink. Quench your thirst with a zero sugar hit of refreshment! Perfect with meals, as a mixer, on the go and relaxing at home. Sprite Zero Sugar softdrink has no artificial colours. Sprite Zero Sugar is available in cans, mini cans, single serve and sharing size bottles as well as multipacks.
Hit of refreshment

Lemon-lime flavour

No added colours

Zero Sugar

Great with meals

2L Zero Sugar, Soft Drink.",,,"Per 100g/ml
Per Serving
%DI
Energy
4.2
10.5
0.1
Protein
0.05
0.1
0.3
Total Fat
0
0
0
Saturated Fat
0
0
0
Carbohydrate
0.1
0.3
0.1
Sugars
0
0
0
Sodium
12.7
32
1
Energy (Cal)
1
2.5
0.1
Dietary Fibre (total)
0
0
0
* Percentage Daily Intakes are based on an average adult diet of 8700 kJ. Your daily intakes may be higher or lower depending on your energy needs.",,https://www.coles.com.au/product/sprite-zero-sugar-lemonade-soft-drink-bottle-2l-4397960,,,2024-06-16T13:45:30.526337-04:00
Ind54SColes_ADrinks_SASoft drinks_IBundaberg Brewed Passionfruit 6x200mL | 6 pack,Bundaberg Brewed Passionfruit 6x200mL | 6 pack,Bundaberg,Drinks,Soft drinks,Mixers,,$5.75,,$7.80,$4.79 per 1L,4444323,"Bundaberg Passion Fruit is slowly brewed over 2 days to unlock the refreshing, bold taste of this tropical favourite. Staying true to the fruit, from the moment you crack open the can you can smell the real passionfruit inside.
- Australian Family Owned
- No Artificial Colours or Flavours
- Made in Australia",,,"Per 100g/ml
Per Serving
%DI
Energy
196kJ
392kJ
5%
Protein
<1g
<1g
0%
Total Fat
<1g
<1g
0%
Saturated Fat
<1g
<1g
0%
Carbohydrate
11.5g
23g
7%
Sugars
11.5g
23g
25%
Sodium
7mg
14mg
1%
* Percentage Daily Intakes are based on an average adult diet of 8700 kJ. Your daily intakes may be higher or lower depending on your energy needs.",,https://www.coles.com.au/product/bundaberg-brewed-passionfruit-6x200ml-6-pack-4444323,,,2024-06-16T13:45:41.571268-04:00
Ind54SColes_ADrinks_SASoft drinks_IFever-Tree Premium Mixer Indian Tonic Water | 500mL,Fever-Tree Premium Mixer Indian Tonic Water | 500mL,Fever-Tree,Drinks,Soft drinks,Mixers,,$4.90,,,$9.80 per 1L,3536801,"Made from only the best naturally sourced ingredients, and no artificial sweeteners, crafted to enhance the very best gins, vodkas and fortified wines, like vermouth, fino sherry and white port.
No. 1 Best Selling & Top Trending Mixer for 10 years running as voted by Drinks International

No artificial colours or flavours.",,,"Per 100g/ml
Per Serving
%DI
Energy
126
252
Protein
0
0
Total Fat
0
0
Saturated Fat
0
0
Carbohydrate
7.4g
14.8g
Sugars
7.4g
14.8g
Sodium
7mg
14mg
Monounsaturated
0
0
Energy (Cal)
30
60
Polyunsaturated
0
0
Trans
0
0
* Percentage Daily Intakes are based on an average adult diet of 8700 kJ. Your daily intakes may be higher or lower depending on your energy needs.",,https://www.coles.com.au/product/fever-tree-premium-mixer-indian-tonic-water-500ml-3536801,,,2024-06-16T13:45:52.393959-04:00
Ind54SColes_ADrinks_SASoft drinks_IBundaberg Brewed Drink Guava 4x375mL | 4 pack,Bundaberg Brewed Drink Guava 4x375mL | 4 pack,Bundaberg,Drinks,Soft drinks,Mixers,,$7.35,,,$4.90 per 1L,2481238,"Craft brewed over 2 days using the real fruit, Bundaberg Guava is a delightful sweet treat with an amazing aroma - be sure to smell it before you sip.
Hold the bottle up to the light and you'll see pieces of fresh guava suspended inside, be sure to invert the bottle before opening to mix the real fruit through.
Real Guava
Brewed over 2 days
Australian Family Owned
Best served cold",,,"Per 100g/ml
Per Serving
%DI
Energy
196kJ
735kJ
8%
Protein
<1g
<1g
0%
Total Fat
<1g
<1g
0%
Saturated Fat
<1g
<1g
0%
Carbohydrate
11.5g
43.2g
14%
Sugars
11.5g
43.2g
48%
Sodium
9mg
34mg
1%
* Percentage Daily Intakes are based on an average adult diet of 8700 kJ. Your daily intakes may be higher or lower depending on your energy needs.",,https://www.coles.com.au/product/bundaberg-brewed-drink-guava-4x375ml-4-pack-2481238,,,2024-06-16T13:46:03.342636-04:00
Ind54SColes_ADrinks_SASoft drinks_ICapi Low Sugar Tonic Water | 750mL,Capi Low Sugar Tonic Water | 750mL,Capi,Drinks,Soft drinks,Mixers,,$3.30,,$4.15,$4.40 per 1L,4395727,"Meet CAPI - premium, all-natural drinks that are bottled at the source and Clearly Australian.
With less than 25 calories per serve, CAPI Low Sugar Tonic is naturally flavoured with a hint of mandarin and monk fruit for subtle sweetness. It is 100% natural with no artificial sweeteners and uses the best quality, real quinine.
All natural & no preservatives
Made using real quinine
Low calorie
Glass bottled
Australian-made
Enjoy it over ice, paired with gin, vodka, tequila, rum and citrus non-alcoholic spirits. Garnish with fresh grapefruit or mandarin.",,,"Per 100g/ml
Per Serving
%DI
Energy
41.8kJ
105kJ
Protein
<0.15g
<0.36g
Total Fat
<0.2g
<0.5g
Saturated Fat
0g
0g
Carbohydrate
2.5g
6.25g
Sugars
2.5g
6.25g
Sodium
1.5mg
3.75mg
* Percentage Daily Intakes are based on an average adult diet of 8700 kJ. Your daily intakes may be higher or lower depending on your energy needs.",,https://www.coles.com.au/product/capi-low-sugar-tonic-water-750ml-4395727,,,2024-06-16T13:46:14.405631-04:00
Ind54SColes_ADrinks_SASoft drinks_ICoca-Cola Zero Sugar Caffeine Free Soft Drink Multipack Cans 10x375mL | 10 pack,Coca-Cola Zero Sugar Caffeine Free Soft Drink Multipack Cans 10x375mL | 10 pack,Coca-Cola,Drinks,Soft drinks,Soft drink cans,,$19.00,Pick any 2 for $25,,$5.07 per 1L,3989996,"Coca-Cola Zero Sugar Caffeine Free is a deliciously light choice for those who want the classic taste of Coke without the Caffeine and no sugar. Whether sharing with family and friends or accompanying a meals, Coca-Cola Zero Sugar Caffeine Free has a pack for almost any occasion. Coca-Cola Zero Sugar Caffeine Free soft drink is available in cans, sharing size bottles and multipacks.
Caffeine Free

Multipack soft drink, 10 x 375ml Cans

Perfect for drinking on the go, having with a meal or relaxing with at home.

Serve Drink Cold for Maximum Refreshment

A Quality Product of The Coca-Cola Company",,,"Per 100g/ml
Per Serving
%DI
Energy
0.8
3
0.1
Protein
0.05
0.2
0.4
Total Fat
0
0
0
Saturated Fat
0
0
0
Carbohydrate
0.1
0.4
0.1
Sugars
0
0
0
Sodium
4.1
15
0.7
Energy (Cal)
0.2
0.7
0.1
Dietary Fibre (total)
0
0
0
Caffeine
0
0
* Percentage Daily Intakes are based on an average adult diet of 8700 kJ. Your daily intakes may be higher or lower depending on your energy needs.",,https://www.coles.com.au/product/coca-cola-zero-sugar-caffeine-free-soft-drink-multipack-cans-10x375ml-10-pack-3989996,,,2024-06-16T13:46:25.660755-04:00
Ind54SColes_ADrinks_SA_IBundaberg Brewed Drink Blood Orange 4x375mL | 4 pack,Bundaberg Brewed Drink Blood Orange 4x375mL | 4 pack,Bundaberg,Drinks,,,,$7.35,,,$4.90 per 1L,2481227,"Just like a real blood orange, this brew has a delicious combination of sweetness and citrus tang. Brewed over 2 days this brew is made using sun ripened Blood Oranges.
Be sure to invert the bottle before opening to enjoy the full refreshing flavour.
- Real Blood Oranges
- Brewed over 2 days
- Australian family owned
- Best enjoyed chilled",,,"Per 100g/ml
Per Serving
%DI
Energy
196kJ
735kJ
8%
Protein
<1g
<1g
0%
Total Fat
<1g
<1g
0%
Saturated Fat
<1g
<1g
0%
Carbohydrate
11.5g
43.2g
14%
Sugars
11.5g
43.2g
48%
Sodium
9mg
34mg
1%
* Percentage Daily Intakes are based on an average adult diet of 8700 kJ. Your daily intakes may be higher or lower depending on your energy needs.",,https://www.coles.com.au/product/bundaberg-brewed-drink-blood-orange-4x375ml-4-pack-2481227,,,2024-06-16T13:46:36.739833-04:00
Ind54SColes_ADrinks_SASoft drinks_ICoca-Cola Classic Soft Drink Multipack Mini Cans 6x250mL | 6 pack,Coca-Cola Classic Soft Drink Multipack Mini Cans 6x250mL | 6 pack,Coca-Cola,Drinks,Soft drinks,Soft drink cans,,$6.75,,$9.20,$4.50 per 1L,4398689,"Nothing beats the taste of Coca-Cola Classic. It's the perfect companion whether you're on the go, relaxing at home, enjoying with friends or as a drink with your meal. Refresh yourself with the authentic Coke taste. Designed to go with everything, the taste of Classic Coca-Cola has remained unchanged for more than 130 years. Coca-Cola soft drink is available in cans, mini cans, single serve and sharing size bottles as well as multipacks.
Classic Coke Taste

6 x 250mL Mini Cans Soft Drink

Perfect for drinking on the go, having with a meal or relaxing with at home.

Serve Drink Cold for Maximum Refreshment

A Quality Product of The Coca-Cola Company",,,"Per 100g/ml
Per Serving
%DI
Energy
180
450
5
Protein
0
0
0
Total Fat
0
0
0
Saturated Fat
0
0
0
Carbohydrate
10.6
27
9
Sugars
10.6
27
29
Sodium
10
25
1
Energy (Cal)
43
108
5
* Percentage Daily Intakes are based on an average adult diet of 8700 kJ. Your daily intakes may be higher or lower depending on your energy needs.",,https://www.coles.com.au/product/coca-cola-classic-soft-drink-multipack-mini-cans-6x250ml-6-pack-4398689,,,2024-06-16T13:46:48.489032-04:00
Ind54SColes_ADrinks_SA_ILo Bros Kombucha Raspberry Blackcurrent 4x250mL | 4 pack,Lo Bros Kombucha Raspberry Blackcurrent 4x250mL | 4 pack,Lo Bros,Drinks,,,,$8.90,,,$8.90 per 1L,7036323,"Flavours of ripened raspberries combined with the sweetness of blackcurrants make this the most brilliantly refreshing combo that literally can't get any better.
It's time to rethink your drink! Lo Bros brews better-for-you drinks using a little process we like to call the Cycle of Doin' Good. It kicks off with old-school fermentation and know-how using the best organic ingredients, then transforms those bad old sugars into tasty drinks and positive change.
Naturally low in sugar, bubbling with millions of living cultures, bursting with refreshing feel good flavour & giving the planet a helping hand too.",,,"Per 100g/ml
Per Serving
%DI
Energy
<40kJ
<40kJ
Protein
<1g
<1g
Total Fat
<1g
<1g
Saturated Fat
<1g
<1g
Carbohydrate
0.3g
0.8g
Sugars
0.3g
0.8g
Sodium
<5mg
<5mg
Dietary Fibre (total)
<1g
<1g
* Percentage Daily Intakes are based on an average adult diet of 8700 kJ. Your daily intakes may be higher or lower depending on your energy needs.",,https://www.coles.com.au/product/lo-bros-kombucha-raspberry-blackcurrent-4x250ml-4-pack-7036323,,,2024-06-16T13:46:59.551592-04:00
Ind54SColes_ADrinks_SASoft drinks_IColes Soft Drink Raspberry | 1.25L,Coles Soft Drink Raspberry | 1.25L,Coles,Drinks,Soft drinks,Soft drink bottles,,$1.20,,,$0.96 per 1L,5179283,Coles Raspberry Flavour Soft Drink. Great for Parties or just a refreshing beverage after a hard day's work,,,"Per 100g/ml
Per Serving
%DI
Energy
189kJ
472kJ
5%
Protein
0g
0g
Total Fat
0g
0g
Saturated Fat
0g
0g
Carbohydrate
11.1g
27.8g
9%
Sugars
11.1g
27.8g
31%
Sodium
10mg
25mg
1%
Dietary Fibre (total)
0g
0g
* Percentage Daily Intakes are based on an average adult diet of 8700 kJ. Your daily intakes may be higher or lower depending on your energy needs.",,https://www.coles.com.au/product/coles-soft-drink-raspberry-1.25l-5179283,,,2024-06-16T13:47:11.158301-04:00
Ind54SColes_ADrinks_SABeverages_IPepsi Max No Sugar Cola Soft Drink Mini Cans Multipack 275mL x 6 Pack | 6 pack,Pepsi Max No Sugar Cola Soft Drink Mini Cans Multipack 275mL x 6 Pack | 6 pack,Pepsi,Drinks,Beverages,Soft drink & energy drinks,,$6.50,,,"$3.94 per 1L
Was $9.00 on May 2024",6476794,"Pepsi Max No Sugar soft drink offers a bold cola taste with no sugar. The smooth taste of Pepsi Max offers a deliciously refreshing and thirst-quenching cola refreshment that can be enjoyed anytime.

Pepsi Max No Sugar, has....no sugar. It's as simple as that with no taste compromise.

It is low in calories vs full sugar colas and in case you were wondering, it also has a bold cola taste that's comparable with full sugar cola products.

The 24 x Pepsi Max bottle pack is the perfect size for a family or to cater for a party or BBQ when you need a supply of delicious mixers. These 24 Pepsi Max bottles are the ultimate crowd-pleasers!

Pepsi Max soft drink is also available in a range of take-home pack sizes such as; smaller multi-can packs and multi-serve bottles to suit all your cola drinking occasions.

For maximum enjoyment, drink chilled when you are looking for that fun, tasty, no sugar cola refreshment!

Pepsi Max. Max Taste, No Sugar.
Bold Taste with No Sugar

Low in Calories

On-the-Go Serve

Max Cola Refreshment",,,"Per 100g/ml
Per Serving
%DI
Energy
2kJ
6kJ
0.10%
Protein
0.1g
0.3g
0.60%
Total Fat
0g
0g
0%
Saturated Fat
0g
0g
0%
Carbohydrate
0. g
0.3g
0.10%
Sugars
0g
0g
0%
Sodium
13mg
36mg
2%
Dietary Fibre (total)
0g
0g
0%
* Percentage Daily Intakes are based on an average adult diet of 8700 kJ. Your daily intakes may be higher or lower depending on your energy needs.",,https://www.coles.com.au/product/pepsi-max-no-sugar-cola-soft-drink-mini-cans-multipack-275ml-x-6-pack-6-pack-6476794,,,2024-06-16T13:47:23.338212-04:00
Ind54SColes_ADrinks_SASoft drinks_IKirks Pasito Passionfruit Soft Drink 10x375mL | 10 Pack,Kirks Pasito Passionfruit Soft Drink 10x375mL | 10 Pack,Kirks,Drinks,Soft drinks,Soft drink cans,,$8.70,,$14.50,$2.32 per 1L,9125209,"This aint just any passionfruit flavoured drink, this is Kirks 'Pasito'. It's as classic as Aunty Dawn's pavlova, served with passionfruit of course. So we hope you enjoy the 'Passionfruiti-ness'. Kirks Pasito is also available in 1.25L bottle.
- Passionfruit Flavour
- No artificial colours or flavours
- Fun refreshment for any occasion
- Uniquely Australian
- 10 x 375mL Soft Drink",,,"Per 100g/ml
Per Serving
%DI
Energy
183kJ
688kJ
8%
Protein
Less than 0.1g
Less than 0.1g
0.10%
Total Fat
Less than 0.1g
Less than 0.1g
0.10%
Saturated Fat
Less than 0.1g
Less than 0.1g
0.10%
Carbohydrate
10.6g
40g
13%
Sugars
10.6g
40g
44%
Sodium
5.5mg
21mg
0.90%
Energy (Cal)
44Cal
164Cal
8%
* Percentage Daily Intakes are based on an average adult diet of 8700 kJ. Your daily intakes may be higher or lower depending on your energy needs.",,https://www.coles.com.au/product/kirks-pasito-passionfruit-soft-drink-10x375ml-10-pack-9125209,,,2024-06-16T13:47:34.481033-04:00
Ind54SColes_ADrinks_SASoft drinks_ISchweppes Traditional Brown Creaming Soda Soft Drink Bottle | 1.1L,Schweppes Traditional Brown Creaming Soda Soft Drink Bottle | 1.1L,Schweppes,Drinks,Soft drinks,Soft drink bottles,,$3.00,,,$2.73 per 1L,3270180,"Indulge in a creamy and delightful taste with Schweppes Traditionals Brown Cream Soda 1.1L. This classic beverage has been savoured by Australians for generations, and it's not hard to see why. With its rich, luxurious flavour and hints of vanilla, this soda is perfect for any occasion, whether you're spending time with your loved ones or just looking to treat yourself.

One of the things that sets Schweppes Traditionals Brown Cream Soda apart from other beverages is its unique taste. The creamy flavour, combined with a subtle hint of vanilla, creates a truly indulgent experience that is sure to delight your taste buds. It's no wonder that this soda has been a favourite for generations.

When you crack open a bottle of Schweppes Traditionals Brown Cream Soda, you'll be met with a refreshing and satisfying drink that is perfect for any time of day. Whether you're enjoying it as a refreshing pick-me-up or as a delicious accompaniment to your favourite meal, this soda is sure to hit the spot.

To fully enjoy the rich, creamy taste of this soda, we recommend serving it over ice. This will help to bring out the full depth of flavour and give you a truly satisfying experience. So, why not treat yourself to a bottle of Schweppes Traditionals Brown Cream Soda today and discover why it's been an Australian favourite for generations.
Rich and indulgent, with a creamy taste and hints of vanilla.

A classic Australian favourite that has stood the test of time.

Refreshing and satisfying, perfect for any time of day.

Best served over ice for a truly satisfying experience.

Treat yourself and discover what makes this soda so special.",,,"Per 100g/ml
Per Serving
%DI
Energy
184kJ
460kJ
Protein
0g
0g
Total Fat
0g
0g
Saturated Fat
0g
0g
Carbohydrate
10.8g
27.0g
Sugars
10.7g
26.8g
Sodium
7mg
18mg
* Percentage Daily Intakes are based on an average adult diet of 8700 kJ. Your daily intakes may be higher or lower depending on your energy needs.",,https://www.coles.com.au/product/schweppes-traditional-brown-creaming-soda-soft-drink-bottle-1.1l-3270180,,,2024-06-16T13:47:46.772499-04:00
Ind54SColes_ADrinks_SASoft drinks_IBundaberg Brewed Drink Pineapple & Coconut 4x375mL | 4 pack,Bundaberg Brewed Drink Pineapple & Coconut 4x375mL | 4 pack,Bundaberg,Drinks,Soft drinks,Mixers,,$7.35,,,$4.90 per 1L,2481293,"Brewed using coconut water and pineapple juice, Bundaberg Pineapple & Coconut is reminiscent of a tropical summers day. As you enjoy this brew you'll notice the flavour of pineapple on your tongue and coconut as you swallow.
Brewed using coconut water and pineapple juice
Brewed over 2 days
Australian family owned
Best enjoyed chilled",,,"Per 100g/ml
Per Serving
%DI
Energy
196kJ
735kJ
8%
Protein
<1g
<1g
0%
Total Fat
<1g
<1g
0%
Saturated Fat
<1g
<1g
0%
Carbohydrate
11.5g
43.2g
14%
Sugars
11.5g
43.2g
48%
Sodium
12mg
46mg
2%
* Percentage Daily Intakes are based on an average adult diet of 8700 kJ. Your daily intakes may be higher or lower depending on your energy needs.",,https://www.coles.com.au/product/bundaberg-brewed-drink-pineapple-and-coconut-4x375ml-4-pack-2481293,,,2024-06-16T13:47:58.678650-04:00
Ind54SColes_ADrinks_SASoft drinks_IColes Pineapple Drink | 1.25L,Coles Pineapple Drink | 1.25L,Coles,Drinks,Soft drinks,Soft drink bottles,,$1.20,,,$0.96 per 1L,5179181,Coles Pineapple Flavoured drink 1. 25 Litre. No Artificial Colours & Flavours use as a mixer or refreshing beverage,,,"Per 100g/ml
Per Serving
%DI
Energy
187kJ
468kJ
5%
Protein
0g
0g
Total Fat
0g
0g
Saturated Fat
0g
0g
Carbohydrate
11g
27.5g
9%
Sugars
10.8g
27g
30%
Sodium
10mg
25mg
1%
Dietary Fibre (total)
0g
0g
* Percentage Daily Intakes are based on an average adult diet of 8700 kJ. Your daily intakes may be higher or lower depending on your energy needs.",,https://www.coles.com.au/product/coles-pineapple-drink-1.25l-5179181,,,2024-06-16T13:48:09.747400-04:00
Ind54SColes_ADrinks_SASoft drinks_ICoca-Cola Vanilla Soft Drink Multipack Cans 10x375mL | 10 pack,Coca-Cola Vanilla Soft Drink Multipack Cans 10x375mL | 10 pack,Coca-Cola,Drinks,Soft drinks,Soft drink cans,,$19.00,Pick any 2 for $25,,$5.07 per 1L,1849293,"Coca-Cola Vanilla has the refreshing Coca-Cola Classic taste with the sweet aroma of vanilla, making it a delicious twist on an old favourite. Coca-Cola Vanilla soft drink is available in multipack cans, single serve bottles and sharing size bottles. There's a pack for almost any occasion.
A refreshing Coca-Cola taste with a hint of vanilla

Hint of Vanilla

A Quality Product of The Coca-Cola Company

10 x 375mL Multipack Soft Drink

Perfect for drinking on the go, having with a meal or relaxing with at home.",,,"Per 100g/ml
Per Serving
%DI
Energy
185
694
8
Protein
0
0
0
Total Fat
0
0
0
Saturated Fat
0
0
0
Carbohydrate
11
41
13
Sugars
10.9
41
45
Sodium
10
38
2
Energy (Cal)
44
165
8
* Percentage Daily Intakes are based on an average adult diet of 8700 kJ. Your daily intakes may be higher or lower depending on your energy needs.","Carbonated Water, Sugar, Colour (150d), Food Acid (338), Flavour, Caffeine.",https://www.coles.com.au/product/coca-cola-vanilla-soft-drink-multipack-cans-10x375ml-10-pack-1849293,,,2024-06-16T13:48:21.027717-04:00
Ind54SColes_ADrinks_SASoft drinks_IDeep Spring Natural Mineral Water Lemon Lime Citrus Multipack Mini Cans 6x250mL | 6 pack,Deep Spring Natural Mineral Water Lemon Lime Citrus Multipack Mini Cans 6x250mL | 6 pack,Deep Spring,Drinks,Soft drinks,Soft drink cans,,$6.75,,$9.20,$4.50 per 1L,5484640,"Deep Spring Lemon Lime Citrus is sparkling mineral water with a burst of real fruit juice. With low sugar and natural colours and flavours, it's delicious refreshment you can feel good about.
2.5 Health Star Rating

6 x 250mL Mini Cans

Lemon Lime Citrus Flavour

No artificial colours and no artificial flavours

Perfect for drinking with friends",,,"Per 100g/ml
Per Serving
%DI
Energy
47kJ
116kJ
1%
Protein
less than 0.1g
less than 0.1g
0%
Total Fat
less than 0.1g
less than 0.1g
0%
Saturated Fat
0.0g
0.0g
0%
Carbohydrate
2.2g
5.6g
2%
Sugars
2.2g
5.6g
6%
Sodium
10.2mg
26mg
1%
Energy (Cal)
11Cal
28Cal
Dietary Fibre (total)
0g
less than 0.1g
0%
* Percentage Daily Intakes are based on an average adult diet of 8700 kJ. Your daily intakes may be higher or lower depending on your energy needs.",,https://www.coles.com.au/product/deep-spring-natural-mineral-water-lemon-lime-citrus-multipack-mini-cans-6x250ml-6-pack-5484640,,,2024-06-16T13:48:32.704077-04:00
Ind54SColes_ADrinks_SASoft drinks_IMountain Dew Energised Soft Drink Multipack Cans 375mL x 10 Pack | 10 pack,Mountain Dew Energised Soft Drink Multipack Cans 375mL x 10 Pack | 10 pack,Mountain Dew,Drinks,Soft drinks,Soft drink cans,,$9.00,,$18.00,$2.40 per 1L,2684188,"Mountain Dew Energised soft drink is a bold and distinctly refreshing citrus flavoured drink that quenches your thirst with an intense refreshment hit.

With its caffeinated formula, Mountain Dew provides an energised lift when you need a pick me up at any time of day or night.



The 10-can pack is ideal for the fridge at home, taking to parties or enjoying with family or friends on any occasion. The single serve cans are perfect for those thirsty moments when you're out and about, on-the-go! It is also available in a take-home 1.25L multi-serve pack to suit all your flavoured soft drink occasions.



Mountain Dew has a strong association with gaming and is known for its iconic, refreshing, one of a kind taste. Dew provides a bold burst of citrus refreshment for those thirsty moments in life. It's more than just a soft drink, it's an expression, an experience and all about having a damn good time, which is what the MTN DEW experience is all about.



Do the Dew!
Citrus Refreshment

One of a Kind Taste

Fridge Friendly, Easy-Store 10 Pack

Energised Flavour",,,"Per 100g/ml
Per Serving
%DI
Energy
197kJ
739kJ
8%
Protein
0g
0g
0%
Total Fat
0g
0g
0%
Saturated Fat
0g
0g
0%
Carbohydrate
12.3g
46.1g
15%
Sugars
12.3g
46.1g
51%
Sodium
15mg
56mg
2%
Caffeine
15mg
56mg
* Percentage Daily Intakes are based on an average adult diet of 8700 kJ. Your daily intakes may be higher or lower depending on your energy needs.",,https://www.coles.com.au/product/mountain-dew-energised-soft-drink-multipack-cans-375ml-x-10-pack-10-pack-2684188,,,2024-06-16T13:48:44.284110-04:00
Ind54SColes_ADrinks_SASoft drinks_ISchweppes Zero Sugar Classic Mixers Indian Tonic Water Bottle | 1.1L,Schweppes Zero Sugar Classic Mixers Indian Tonic Water Bottle | 1.1L,Schweppes,Drinks,Soft drinks,Mixers,,$3.00,,,$2.73 per 1L,3014828,"Looking for a refreshing and low-calorie tonic water that's perfect for mixing? Look no further than Schweppes Classic Mixers Indian Tonic Water Zero Sugar 1.1L! This zero sugar version of the classic Indian Tonic Water brings the same citrusy blend of flavours with a bitter finish that's perfect as a mixer.

Crafted with natural oils of lemons and oranges, this light and refreshing tonic water beautifully pairs citrus flavours with quinine. And with its low calorie count, it's just as enjoyable on its own as it is mixed into gin or vodka to suit your taste.

So whether you're looking to mix up a classic G&T or simply enjoy a refreshing drink on its own, Schweppes Classic Mixers Indian Tonic Water Zero Sugar 1.1L is the perfect choice. Order now and experience the delicious taste and refreshing flavour of this classic mixer!
Zero sugar version of classic Indian Tonic Water

Crafted with natural oils of lemons and oranges

Low calorie count, perfect for mixing or enjoying alone

Citrusy blend of flavors with a bitter finish

Ideal mixer for classic G&T and other cocktails",,,"Per 100g/ml
Per Serving
%DI
Energy
7kJ
18kJ
Protein
0g
0g
Total Fat
0g
0g
Saturated Fat
0g
0g
Carbohydrate
0g
0g
Sugars
0g
0g
Sodium
20mg
50mg
Dietary Fibre (total)
0g
0g
* Percentage Daily Intakes are based on an average adult diet of 8700 kJ. Your daily intakes may be higher or lower depending on your energy needs.",,https://www.coles.com.au/product/schweppes-zero-sugar-classic-mixers-indian-tonic-water-bottle-1.1l-3014828,,,2024-06-16T13:48:55.353823-04:00
Ind54SColes_ADrinks_SA_IKirks Pasito Passionfruit Soft Drink | 1.25L,Kirks Pasito Passionfruit Soft Drink | 1.25L,Kirks,Drinks,,,,$1.60,,$2.70,$1.28 per 1L,5399086,"This aint just any passionfruit flavoured drink, this is Kirks 'Pasito'. It's as classic as Aunty Dawn's pavlova, served with passionfruit of course. So we hope you enjoy the 'Passionfruiti-ness'. Kirks Pasito is also available in 10 x 375mL multipack cans.
- Passionfruit Flavour

- No artificial colours or flavours

- Fun refreshment for any occasion

- Uniquely Australian

- 1.25L Bottle Soft drink",,,,"Carbonated Water, Sugar, Food Acid (330), Natural Flavour, Passionfruit from Concentrate (0.5%), Natural Colours (161b, 120), Preservative (211)",https://www.coles.com.au/product/kirks-pasito-passionfruit-soft-drink-1.25l-5399086,,,2024-06-16T13:49:04.424325-04:00
Ind54SColes_ADrinks_SASoft drinks_IFever-Tree Premium Mixer Light Indian Tonic Water 8x150mL | 8 pack,Fever-Tree Premium Mixer Light Indian Tonic Water 8x150mL | 8 pack,Fever-Tree,Drinks,Soft drinks,Mixers,,$12.50,,,$10.42 per 1L,6519092,"Our Light Indian Tonic Water uses fruit sugar to provide the traditional sweet balance to the bitterness of the quinine, which is sourced from the deep forests of the Democratic Republic of Congo.
No. 1 Best Selling & Top Trending Mixer for 10 years running as voted by Drinks International

Deliciously light, this tonic has the same great taste, but with 46% less calories when compared to the regular strength Premium Indian Tonic.

No artificial colours or flavours.",,,"Per 100g/ml
Per Serving
%DI
Energy
64kJ
96kJ
Protein
0g
0g
Total Fat
0g
0g
Saturated Fat
0g
0g
Carbohydrate
3.8g
5.7g
Sugars
3.8g
5.7g
Sodium
7mg
11mg
Energy (Cal)
15Cal
23Cal
* Percentage Daily Intakes are based on an average adult diet of 8700 kJ. Your daily intakes may be higher or lower depending on your energy needs.","Carbonated Spring Water, Fructose, Acid (Citric Acid), Natural Flavourings including Quinine.",https://www.coles.com.au/product/fever-tree-premium-mixer-light-indian-tonic-water-8x150ml-8-pack-6519092,,,2024-06-16T13:49:15.563271-04:00
Ind54SColes_ADrinks_SASoft drinks_IFever-Tree Premium Mixers Mediterranean 8x150mL | 8 pack,Fever-Tree Premium Mixers Mediterranean 8x150mL | 8 pack,Fever-Tree,Drinks,Soft drinks,Mixers,,$12.50,,,$10.42 per 1L,6519106,"Crafted with the addition of rosemary and lemon thyme, produces a much lighter, more fragrant tonic, designed to complement a range of spirits, including premium gins, vodkas and fortified wines.
No. 1 Best Selling & Top Trending Mixer for 10 years running as voted by Drinks International

No artificial colours or flavours.",,,"Per 100g/ml
Per Serving
%DI
Energy
144
216
Protein
0
0
Total Fat
0
0
Saturated Fat
0
0
Carbohydrate
11.9g
11.9g
Sugars
11.9g
11.9g
Sodium
7mg
11mg
Monounsaturated
0
0
Energy (Cal)
34
51
Dietary Fibre (total)
0
0
Polyunsaturated
0
0
Trans
0
0
* Percentage Daily Intakes are based on an average adult diet of 8700 kJ. Your daily intakes may be higher or lower depending on your energy needs.",,https://www.coles.com.au/product/fever-tree-premium-mixers-mediterranean-8x150ml-8-pack-6519106,,,2024-06-16T13:49:26.468604-04:00
Ind54SColes_ADrinks_SASoft drinks_IH2aloe Aloe Vera Water Pure | 1L,H2aloe Aloe Vera Water Pure | 1L,H2aloe,Drinks,Soft drinks,Kombucha & other drinks,,$3.70,,,$3.70 per 1L,4301891,,,,,,https://www.coles.com.au/product/h2aloe-aloe-vera-water-pure-1l-4301891,,,2024-06-16T13:49:35.551844-04:00
Ind54SColes_ADrinks_SASoft drinks_IPepsi Max No Sugar Cola Soft Drink Cans Multipack 375mL x 30 Pack | 30 pack,Pepsi Max No Sugar Cola Soft Drink Cans Multipack 375mL x 30 Pack | 30 pack,Pepsi,Drinks,Soft drinks,Soft drink cans,,$26.00,,,$2.31 per 1L,7837413,"Pepsi Max No Sugar Soft drink offers a bold cola taste with no sugar. The smooth taste of Pepsi Max offers a deliciously refreshing and thirst-quenching cola refreshment that can be enjoyed anytime.



Pepsi Max No Sugar, has.no sugar. It's as simple as that with no taste compromise.


It is low in calories vs full sugar colas and in case you are wondering, it also has a bold cola taste that's comparable with full sugar cola products.



The 24 x Pepsi Max can pack is an ideal pack for enjoying at home and sharing with family or friends.


Pepsi Max soft drink is available in a range of other take-home pack sizes such as; mini cans for portion control and multi-serve bottles to suit all your cola drinking occasions.


For maximum enjoyment, drink chilled when you are looking for that fun, tasty, no sugar cola refreshment!



Pepsi Max. Max Taste, No Sugar.
Bold Taste with No Sugar

Low in Calories

On-the-Go Serve

Max Cola Refreshment",,,"Per 100g/ml
Per Serving
%DI
Energy
1.6kJ
6kJ
0.10%
Protein
0.06g
0.2g
0.50%
Total Fat
0g
0g
0%
Saturated Fat
0g
0g
0%
Carbohydrate
0.06g
0.2g
0.10%
Sugars
0g
0g
0%
Sodium
13mg
49mg
2%
Dietary Fibre (total)
0g
0g
0%
* Percentage Daily Intakes are based on an average adult diet of 8700 kJ. Your daily intakes may be higher or lower depending on your energy needs.","Carbonated Water, Colour (150d), Sweeteners (951, 950), Food Acids (338, 330), Preservative (211), Caffeine, Flavour. CONTAINS CAFFEINE. CONTAINS PHENYLALANINE.",https://www.coles.com.au/product/pepsi-max-no-sugar-cola-soft-drink-cans-multipack-375ml-x-30-pack-30-pack-7837413,,,2024-06-16T13:49:47.130977-04:00
Ind54SColes_ADrinks_SASoft drinks_IPepsi Cola Soft Drink Cans Multipack 375mL x 10 Pack | 10 pack,Pepsi Cola Soft Drink Cans Multipack 375mL x 10 Pack | 10 pack,Pepsi,Drinks,Soft drinks,Soft drink cans,,$9.00,,$18.00,$2.40 per 1L,2684213,"The smooth taste of Pepsi cola offers a deliciously refreshing and thirst-quenching soft drink that can be enjoyed anytime. Our classic and bold cola soft drink is best enjoyed chilled or poured over ice.



If you are thinking about reducing your sugar intake then try Pepsi Max, a bold cola taste with no sugar and no taste compromise that offers mouth-watering refreshment.


Equally if you are looking for something a bit different then try one of our deliciously refreshing Pepsi Max No Sugar Flavours; Vanilla, Mango or Creaming Soda.



The 10 x Pepsi can pack is an ideal pack for enjoying at home and sharing with family or friends. You can also store it all on the fridge shelf for easy access to a refreshing, cool cola at any time.


Pepsi soft drink is available in a range of other take-home pack sizes such as; mini cans for portion control and multi-serve bottles to suit all your cola drinking occasions.
Signature Pepsi cola taste

Bold & refreshing

Ideal for Sharing

Fridge-Friendly Pack",,,"Per 100g/ml
Per Serving
%DI
Energy
185kJ
694kJ
8%
Protein
0g
0g
0%
Total Fat
0g
0g
0%
Saturated Fat
0g
0g
0%
Carbohydrate
10.9g
40.9g
13%
Sugars
10.9g
40.9g
45%
Sodium
12mg
45mg
2%
* Percentage Daily Intakes are based on an average adult diet of 8700 kJ. Your daily intakes may be higher or lower depending on your energy needs.",,https://www.coles.com.au/product/pepsi-cola-soft-drink-cans-multipack-375ml-x-10-pack-10-pack-2684213,,,2024-06-16T13:49:58.366074-04:00
Ind54SColes_ADrinks_SASoft drinks_IKirks Sugar Free Lemon Soft Drink 10x375mL | 10 Pack,Kirks Sugar Free Lemon Soft Drink 10x375mL | 10 Pack,Kirks,Drinks,Soft drinks,Soft drink cans,,$8.70,,$14.50,$2.32 per 1L,1181261,"This ain't just any Lemon Squash, this is Kirks, as classic as a 70s style squash racquet & a pair of tight shorts. So put yoursweat bands on and anjoy a smashing Lemon Squash. Kirks Sugar Free Lemon Squash is also available in 1.25L bottle.
- Sugar Free Lemon Squash Flavour

- No artificial colours or flavours

- Fun refreshment for any occasion

- Uniquely Australian

- 10 x 375mL Soft Drink",,,,"Carbonated Water, Food Acids (330, 331), Natural Flavour, Sweeteners (952, 950, 961), Preservative (211), Natural Colour (Carthamus Yellow)",https://www.coles.com.au/product/kirks-sugar-free-lemon-soft-drink-10x375ml-10-pack-1181261,,,2024-06-16T13:50:07.460612-04:00
Ind54SColes_ADrinks_SABeverages_ISolo Zero Sugar Original Lemon Soft Drink Mini Cans Multipack 275mL x 6 Pack | 6 pack,Solo Zero Sugar Original Lemon Soft Drink Mini Cans Multipack 275mL x 6 Pack | 6 pack,Solo,Drinks,Beverages,Soft drink & energy drinks,,$6.50,,,"$3.94 per 1L
Was $9.00 on May 2024",6476820,"Introducing Solo Thirst Crusher Original Lemon, the perfect thirst-quenching drink that is sure to satisfy your taste buds. Made with 5% crushed lemons to ensure that every sip is packed with a deliciously tangy lemon flavour that is simply irresistible.

Ideal for those hot, summer days when you need to cool down, Solo Thirst Crusher Original Lemon is available in a convenient 24 x 375mL pack, making it perfect for sharing with family and friends. Whether you are enjoying a picnic in the park, heading to the beach, or simply relaxing at home, Solo Thirst Crusher Original Lemon is the perfect drink to keep you hydrated and refreshed.

And, if you're looking for a drink that is both delicious and refreshing, Solo Thirst Crusher Original Lemon is the way to go.

So why wait? Order your pack of Solo Thirst Crusher Original Lemon today and experience the deliciously refreshing taste of natural lemons in every sip. With its fantastic taste, Solo Thirst Crusher Original Lemon is the perfect drink for anyone who wants to stay fresh and hydrated throughout the day.
Sugar-free lemon soft drink

Delicious zesty lemon flavor for invigorating thirst relief

Delicious drink that is both refreshing and convenient",,,"Per 100g/ml
Per Serving
%DI
Energy
10kJ
28kJ
Protein
0g
0g
Total Fat
0g
0g
Saturated Fat
0g
0g
Carbohydrate
0g
0g
Sugars
0g
0g
Sodium
24mg
66mg
Dietary Fibre (total)
0g
0g
* Percentage Daily Intakes are based on an average adult diet of 8700 kJ. Your daily intakes may be higher or lower depending on your energy needs.",,https://www.coles.com.au/product/solo-zero-sugar-original-lemon-soft-drink-mini-cans-multipack-275ml-x-6-pack-6-pack-6476820,,,2024-06-16T13:50:21.078726-04:00
Ind54SColes_ADrinks_SA_IKirks Ginger Beer Soft Drink  | 1.25L,Kirks Ginger Beer Soft Drink  | 1.25L,Kirks,Drinks,,,,$1.60,,$2.70,$1.28 per 1L,5399188,"This aint just any Ginger Beer, this is Kirks 'Olde Stoney'. Just so you know, this one's uniquely marked with Olde Stoney's upside down face on the label. Only then will you know ya have the right one. So raise a mug of Kirks Olde Stoney Ginger Beer. Kirks Olde Stoney Ginger Beer is also available in 10 x 375mL multipack cans.
- Ginger Beer

- No artificial colours or flavours

- Fun refreshment for any occasion

- Uniquely Australian

- 1.25L Bottle Soft drink",,,,"Carbonated Water, Sugar, Natural Flavour, Food Acid (330), Preservative (211), Natural Colour (Caramel 150a)",https://www.coles.com.au/product/kirks-ginger-beer-soft-drink-1.25l-5399188,,,2024-06-16T13:50:30.186469-04:00
Ind54SColes_ADrinks_SASoft drinks_INexba Kombucha Drink Apple Pear Ginger | 1L,Nexba Kombucha Drink Apple Pear Ginger | 1L,Nexba,Drinks,Soft drinks,Kombucha & other drinks,,$3.17,,$6.35,$3.17 per 1L,4302840,"Our delicious and all natural kombucha is made with a unique strain of live probiotic, specially built to survive the journey from your mouth to your gut. These little beauties work hard to promote good gut health and vitality, naturally!",,,"Per 100g/ml
Per Serving
%DI
Energy
9kJ
23kJ
Protein
0g
0g
Total Fat
0g
0g
Saturated Fat
0g
0g
Carbohydrate
0.1g
0.4g
Sugars
0g
0g
Sodium
<1mg
<1mg
Dietary Fibre (total)
0g
0g
* Percentage Daily Intakes are based on an average adult diet of 8700 kJ. Your daily intakes may be higher or lower depending on your energy needs.",,https://www.coles.com.au/product/nexba-kombucha-drink-apple-pear-ginger-1l-4302840,,,2024-06-16T13:50:41.931080-04:00
Ind54SColes_ADrinks_SASoft drinks_IPepsi Max No Sugar Vanilla Cola Soft Drink Cans Multipack 375mL x 10 Pack | 10 pack,Pepsi Max No Sugar Vanilla Cola Soft Drink Cans Multipack 375mL x 10 Pack | 10 pack,Pepsi,Drinks,Soft drinks,Soft drink cans,,$9.00,,$18.00,$2.40 per 1L,2887480,"Pepsi Max No Sugar Vanilla flavoured soft drink offers the refreshing bold cola taste with no sugar combined with a hint of smoky, vanilla flavour that is deliciously smooth and creamy.


If you're looking for a unique soft drink experience, Pepsi Max has fused the classic taste of sweet, fragrant vanilla to deliver a delightful taste sensation.



The Pepsi Max No Sugar Vanilla soft drink 10 can pack is a perfect pack for the fridge so you can enjoy this delicious taste at home or share with family or friends on any social occasion when you're looking for a soda treat that tastes a little different.


This creamy vanilla sensation is also available in a 2L bottle for in-home multi-serve occasions or 600mL single serve when you are out and about. For maximum enjoyment, drink chilled when you are looking for that tasty, smooth, no sugar refreshment!



Pepsi Max Vanilla. Max Taste, No Sugar.
Smoky Vanilla Cola Refreshment

Bold Taste with No Sugar

Low in Calories

On-the-Go Serve

Fridge-Friendly Pack",,,"Per 100g/ml
Per Serving
%DI
Energy
3kJ
11kJ
0.10%
Protein
0.1g
0.4g
0.80%
Total Fat
0g
0g
0%
Saturated Fat
0g
0g
0%
Carbohydrate
0.1g
0.4g
0.10%
Sugars
0g
0g
0%
Sodium
10mg
38mg
2%
Dietary Fibre (total)
0g
0g
0%
* Percentage Daily Intakes are based on an average adult diet of 8700 kJ. Your daily intakes may be higher or lower depending on your energy needs.",,https://www.coles.com.au/product/pepsi-max-no-sugar-vanilla-cola-soft-drink-cans-multipack-375ml-x-10-pack-10-pack-2887480,,,2024-06-16T13:50:54.397007-04:00
Ind54SColes_ADrinks_SASoft drinks_IKirks Soft Drink Orange Cans 10X375Ml | 10 pack,Kirks Soft Drink Orange Cans 10X375Ml | 10 pack,Kirks,Drinks,Soft drinks,Soft drink cans,,$8.70,,$14.50,$2.32 per 1L,6421497,"This isn't just any orange flavoured drink, this is Kirks! As classic as a refreshing ocean dip on a hot summer's day. Made in Australia with no artificial colours and flavours, this beverage is an Aussie favourite, providing fun and delicious refreshment for any occasion. Enjoy an amazing tangy taste!
Tangy and delicious Orange Flavour

No artificial colours or flavours

Fun refreshment for any occasion

Made in Australia",,,"Per 100g/ml
Per Serving
%DI
Energy
137
515
Protein
0
0
Total Fat
0
0
Saturated Fat
0
0
Carbohydrate
7.9
29
Sugars
7.8
29
Sodium
5.1
19
Energy (Cal)
33
123
Dietary Fibre (total)
0
0
* Percentage Daily Intakes are based on an average adult diet of 8700 kJ. Your daily intakes may be higher or lower depending on your energy needs.",,https://www.coles.com.au/product/kirks-soft-drink-orange-cans-10x375ml-10-pack-6421497,,,2024-06-16T13:51:05.751660-04:00
Ind54SColes_ADrinks_SASoft drinks_ISchweppes Lime Soda Water with Lime Juice Bottle | 1.1L,Schweppes Lime Soda Water with Lime Juice Bottle | 1.1L,Schweppes,Drinks,Soft drinks,Mixers,,$3.00,,,$2.73 per 1L,3014840,"Welcome to the world of refreshment! Introducing Schweppes Lime Soda Mixer with Lime Juice 1.1L - a quintessential blend of natural lime juice and sparkling Schweppervescence. This delightful soda mixer is crafted with care, using only the purest mineral salts and triple-filtered water to create a delicately flavoured beverage that is perfect for any occasion.

Schweppes Lime Soda Mixer with Lime Juice 1.1L is its natural lime taste. This refreshing soda mixer has a crisp and clean flavour that showcases the zingy zest of fresh lime juice, making it the perfect choice for anyone who loves something light, tangy and refreshing.

But that's not all. Schweppes Lime Soda Mixer with Lime Juice 1.1L is also versatile and easy to use. It can be chilled and enjoyed on its own, or mixed with your favourite spirit or cocktail to create a unique and delicious flavour sensation that will impress your guests.

What's great about this beverage is that it's not only delicious, but also great. With natural lime juice as the primary ingredient, Schweppes Lime Soda Mixer with Lime Juice 1.1L provides an excellent source of vitamins and minerals. It is also low in calories and has no artificial colours or flavours.

So, if you're looking for a light and refreshing beverage that's perfect for any occasion, look no further than Schweppes Lime Soda Mixer with Lime Juice 1.1L. Experience the zesty, refreshing taste of natural lime juice in every sip.
Natural lime taste with a crisp and clean flavor.

Versatile and easy to use as a mixer.

great with natural lime juice as the primary ingredient.

Low in calories, no artificial colors or flavors.

Perfect for any occasion, refreshing and zesty taste guaranteed.",,,"Per 100g/ml
Per Serving
%DI
Energy
87kJ
217kJ
Protein
0g
0g
Total Fat
0g
0g
Saturated Fat
0g
0g
Carbohydrate
5.1g
12.7g
Sugars
4.6g
11.5g
Sodium
5mg
13mg
* Percentage Daily Intakes are based on an average adult diet of 8700 kJ. Your daily intakes may be higher or lower depending on your energy needs.",,https://www.coles.com.au/product/schweppes-lime-soda-water-with-lime-juice-bottle-1.1l-3014840,,,2024-06-16T13:51:16.849175-04:00
Ind54SColes_ADrinks_SASoft drinks_IColes No Sugar Soft Drink Lemonade | 2L,Coles No Sugar Soft Drink Lemonade | 2L,Coles,Drinks,Soft drinks,Soft drink bottles,,$1.45,,,$0.73 per 1L,5235329,No Artificial Colours & Flavours,,,"Per 100g/ml
Per Serving
%DI
Energy
0
0
Protein
0
0
Carbohydrate
0
0
Sugars
0
0
Sodium
24
59
Saturated
0
0
Energy (Cal)
0
0
Fat
0
0
Dietary Fibre (total)
0
0
* Percentage Daily Intakes are based on an average adult diet of 8700 kJ. Your daily intakes may be higher or lower depending on your energy needs.",,https://www.coles.com.au/product/coles-no-sugar-soft-drink-lemonade-2l-5235329,,,2024-06-16T13:51:28.125061-04:00
Ind54SColes_ADrinks_SASoft drinks_IRemedy Sodaly Blood Orange 4x250mL | 4 pack,Remedy Sodaly Blood Orange 4x250mL | 4 pack,Remedy,Drinks,Soft drinks,Kombucha & other drinks,,$6.00,,$8.00,$6.00 per 1L,7035874,,,,,,https://www.coles.com.au/product/remedy-sodaly-blood-orange-4x250ml-4-pack-7035874,,,2024-06-16T13:51:37.018991-04:00
Ind54SColes_ADrinks_SASoft drinks_IKirks Orange Soft Drink | 1.25L,Kirks Orange Soft Drink | 1.25L,Kirks,Drinks,Soft drinks,Soft drink bottles,,$1.60,,$2.70,$1.28 per 1L,6421646,"This isn't just any orange flavoured drink, this is Kirks! As classic as a refreshing ocean dip on a hot summer's day. Made in Australia with no artificial colours and flavours, this beverage is an Aussie favourite, providing fun and delicious refreshment for any occasion. Enjoy an amazing tangy taste!
Tangy and delicious Orange Flavour

No artificial colours or flavours

Fun refreshment for any occasion

Made in Australia",,,"Per 100g/ml
Per Serving
%DI
Energy
137
343
4
Total Fat
0
Saturated Fat
0
0
0
Carbohydrate
7.9
20
6
Sugars
7.8
20
22
Sodium
5.1
12.8
0.6
Energy (Cal)
33
82
4
Dietary Fibre (total)
0
0
0
* Percentage Daily Intakes are based on an average adult diet of 8700 kJ. Your daily intakes may be higher or lower depending on your energy needs.",,https://www.coles.com.au/product/kirks-orange-soft-drink-1.25l-6421646,,,2024-06-16T13:51:49.614853-04:00
Ind54SColes_ADrinks_SASoft drinks_IRemedy Sodaly Guava 250mL | 4 pack,Remedy Sodaly Guava 250mL | 4 pack,Remedy,Drinks,Soft drinks,Kombucha & other drinks,,$6.00,,$8.00,$6.00 per 1L,6210185,"Sweet and tangy with light floral notes. Super refreshing and made for summer sipping. Perfect on its own, this crisp, tropical bevvie is also great paired with tacos, salads, BBQs and even tequila. They say you can't have it all. They were wrong! Sodaly is a deliciously different, ALL-NATURAL soft drink. It's BIG on FLAVOUR and low on calories. Full of prebiotic goodness and NO SUGAR. Guilt-free just got better for you. Remedy Sodaly is:
Sugar free, for real
All natural
Made with prebiotics
Low on Calories
Vegan
Gluten Free
A-Ok in or out of the fridge",,,"Per 100g/ml
Per Serving
%DI
Energy
13kJ
32kJ
Protein
<1g
<1g
Total Fat
<1g
<1g
Saturated Fat
<1g
<1g
Carbohydrate
<1g
<1g
Sugars
0g
0g
Sodium
<5mg
<5mg
Dietary Fibre (total)
<1g
<1g
* Percentage Daily Intakes are based on an average adult diet of 8700 kJ. Your daily intakes may be higher or lower depending on your energy needs.","Carbonated water, apple cider vinegar, plant-based sweeteners (erythritol & steviol glycosides), hibiscus tea, natural guava flavour.",https://www.coles.com.au/product/remedy-sodaly-guava-250ml-4-pack-6210185,,,2024-06-16T13:52:01.247719-04:00
Ind54SColes_ADrinks_SASoft drinks_ISodasmith Lemon Myrtle Tonic Can 4x200mL | 4 pack,Sodasmith Lemon Myrtle Tonic Can 4x200mL | 4 pack,Sodasmith,Drinks,Soft drinks,Mixers,,$7.00,,,$8.75 per 1L,5563656,"Sodasmith Lemon Myrtle Tonic Water is vibrant, citrusy and downright moreish; great with spirits or entirely delicious on its own as a non-alc option. Like all of the Sodasmith products, this tonic is made with 100% Tasmanian spring water and all-natural plant-based ingredients, plus native Australian Lemon Myrtle. Crafted by the Elements.",,,"Per 100g/ml
Per Serving
%DI
Energy
101kJ
202kJ
Protein
0g
0g
Total Fat
0g
0g
Saturated Fat
0g
0g
Carbohydrate
6g
12g
Sugars
4.7g
9.4g
Sodium
2.7mg
5.4mg
Dietary Fibre (total)
0g
0g
* Percentage Daily Intakes are based on an average adult diet of 8700 kJ. Your daily intakes may be higher or lower depending on your energy needs.",,https://www.coles.com.au/product/sodasmith-lemon-myrtle-tonic-can-4x200ml-4-pack-5563656,,,2024-06-16T13:52:11.929387-04:00
Ind54SColes_ADrinks_SABeverages_IRemedy Kombucha Raspberry Lemonade | 750mL,Remedy Kombucha Raspberry Lemonade | 750mL,Remedy,Drinks,Beverages,Water & juices,,$5.90,,,"$7.87 per 1L
Was $7.50 on May 2024",3896931,"No sugar. No Nasties. Just REAL kombucha made the old-school way, brewed over 30 days. Our Raspberry Lemonade is a nostalgic childhood flavour upgraded to an all-natural kombucha filled with live cultures, organic acids and antioxidants. This guilt-free, no-sugar fizzy drink is safe for kids and allergen-free. Remedy Kombucha contains:
No Sugar, for real
All Natural
Certified Organic
Low on Caloriesl
Vegan
Gluten Free",,,"Per 100g/ml
Per Serving
%DI
Energy
12kJ
40kJ
Protein
<1g
<1g
Total Fat
<1g
<1g
Saturated Fat
<1g
<1g
Carbohydrate
<1g
<1g
Sugars
0g
0g
Sodium
<5mg
<5mg
Dietary Fibre (total)
<1g
<1g
* Percentage Daily Intakes are based on an average adult diet of 8700 kJ. Your daily intakes may be higher or lower depending on your energy needs.",,https://www.coles.com.au/product/remedy-kombucha-raspberry-lemonade-750ml-3896931,,,2024-06-16T13:52:22.770284-04:00
Ind54SColes_ADrinks_SA_IKirks Mixers Ginger Ale Mini Cans 6x250mL | 6 pack,Kirks Mixers Ginger Ale Mini Cans 6x250mL | 6 pack,Kirks,Drinks,,,,$4.90,,,"$3.27 per 1L
Was $8.20 on Apr 2024",6670130,"Kirks Dry Ginger Ale is a unique and refreshing beverage which can be enjoyed either straight or as a mixer.
To enjoy either straight or as a mixer.

Delicious and refreshing flavour

Made in Australia

Best served chilled",,,"Per 100g/ml
Per Serving
%DI
Energy
131
327
4
Protein
0
0
Total Fat
0
Saturated Fat
0
0
0
Carbohydrate
7.3
18
6
Sugars
7.3
18
20
Sodium
1
2.5
0.6
Energy (Cal)
31
78
4
Dietary Fibre (total)
0
0
0
* Percentage Daily Intakes are based on an average adult diet of 8700 kJ. Your daily intakes may be higher or lower depending on your energy needs.",,https://www.coles.com.au/product/kirks-mixers-ginger-ale-mini-cans-6x250ml-6-pack-6670130,,,2024-06-16T13:52:34.105956-04:00
Ind54SColes_ADrinks_SA_ICoca-Cola Classic Soft Drink Multipack Glass Bottles 4x330mL | 4 pack,Coca-Cola Classic Soft Drink Multipack Glass Bottles 4x330mL | 4 pack,Coca-Cola,Drinks,,,,$9.15,,,$6.93 per 1L,3448271,"Nothing beats the taste of Coca-Cola Classic. It's the perfect companion whether you're on the go, relaxing at home, enjoying with friends or as a drink with your meal. Refresh yourself with the authentic Coke taste. Designed to go with everything, the taste of Classic Coca-Cola has remained unchanged for more than 130 years. Coca-Cola soft drink is available in cans, mini cans, single serve and sharing size bottles as well as multipacks.
Classic Coke Taste

330mL Glass Soft Drink

Perfect for drinking on the go, having with a meal or relaxing with at home.

Serve Drink Cold for Maximum Refreshment

A Quality Product of The Coca-Cola Company",,,"Per 100g/ml
Per Serving
%DI
Energy
180
594
7
Protein
0
0
0
Total Fat
0
0
0
Saturated Fat
0
0
0
Carbohydrate
10.6
35
11
Sugars
10.6
35
39
Sodium
10
33
1
Energy (Cal)
43
142
7
* Percentage Daily Intakes are based on an average adult diet of 8700 kJ. Your daily intakes may be higher or lower depending on your energy needs.",,https://www.coles.com.au/product/coca-cola-classic-soft-drink-multipack-glass-bottles-4x330ml-4-pack-3448271,,,2024-06-16T13:52:45.199570-04:00
Ind54SColes_ADrinks_SASoft drinks_IRemedy Sodaly Raspberry 250mL | 4 pack,Remedy Sodaly Raspberry 250mL | 4 pack,Remedy,Drinks,Soft drinks,Kombucha & other drinks,,$6.00,,$8.00,$6.00 per 1L,6210174,"A grown-up drink for your inner child. Yup we've whipped up the naughtiest tasting raspberry soft drink we could with all the flavour and none of the nasties! Sodaly is a deliciously different, ALL-NATURAL soft drink. It's BIG on FLAVOUR and low on calories. Full of prebiotic goodness and NO SUGAR. Guilt free just got better for you. Remedy Sodaly is:
Sugar free, for real
All natural
Made with Prebiotics
Low on Calories
Vegan
Gluten Free
A-Ok in or out of the fridge",,,"Per 100g/ml
Per Serving
%DI
Energy
13kJ
32kJ
Protein
<1g
<1g
Total Fat
<1g
<1g
Saturated Fat
<1g
<1g
Carbohydrate
<1g
<1g
Sugars
0g
0g
Sodium
<5mg
<5mg
Dietary Fibre (total)
<1g
<1g
* Percentage Daily Intakes are based on an average adult diet of 8700 kJ. Your daily intakes may be higher or lower depending on your energy needs.",,https://www.coles.com.au/product/remedy-sodaly-raspberry-250ml-4-pack-6210174,,,2024-06-16T13:52:56.289684-04:00
Ind54SColes_ADrinks_SA_ICoca-Cola Zero Sugar Vanilla Soft Drink Multipack Mini Cans 6x250mL | 6 pack,Coca-Cola Zero Sugar Vanilla Soft Drink Multipack Mini Cans 6x250mL | 6 pack,Coca-Cola,Drinks,,,,$6.75,,$9.20,$4.50 per 1L,5484593,"Coca-Cola Vanilla Zero Sugar has the refreshing Coca-Cola taste with the sweet aroma of vanilla and no sugar, making it a delicious twist on an old favourite. Coca-Cola Vanilla Zero Sugar soft drink is available in multipack cans, single serve bottles and sharing size bottles. There's a pack for almost any occasion.
Classic Coke Taste with a Twist

Hint of Vanilla

No Sugar

250mL can

Serve Drink Cold for Maximum Refreshment",,,"Per 100g/ml
Per Serving
%DI
Energy
1
2.5
0.1
Protein
0.05
0.1
0.2
Total Fat
0
0
0
Saturated Fat
0
0
0
Carbohydrate
0.1
0.3
0.1
Sugars
0
0
0
Sodium
1
2.5
0.1
Energy (Cal)
0.2
0.6
0.1
Dietary Fibre (total)
0
0
0
* Percentage Daily Intakes are based on an average adult diet of 8700 kJ. Your daily intakes may be higher or lower depending on your energy needs.",,https://www.coles.com.au/product/coca-cola-zero-sugar-vanilla-soft-drink-multipack-mini-cans-6x250ml-6-pack-5484593,,,2024-06-16T13:56:05.500990-04:00
Ind54SColes_ADrinks_SA_ISchweppes Lemon Lime Bitters Soft Drink Classic Mixers Bottle | 1.1L,Schweppes Lemon Lime Bitters Soft Drink Classic Mixers Bottle | 1.1L,Schweppes,Drinks,,,,$3.00,,,$2.73 per 1L,3014839,"Indulge in the timeless taste of Schweppes Classic Mixers Lemon Lime & Bitters 1.1L, a handcrafted blend of botanical herbs, lemon, lime and bitters that promises to tantalize your taste buds. This iconic mixer is the perfect choice for those who appreciate a refreshing and tangy beverage.

The Master Blenders at Schweppes have carefully crafted this mixer in small batches, ensuring the perfect balance of flavors that Schweppes is renowned for. Six botanical herbs, including cinnamon, clove and pimento berry, are combined with the natural goodness of lemon and lime juices, resulting in a deliciously tangy and uplifting finish.

You can enjoy Schweppes Classic Mixers Lemon Lime & Bitters chilled or pair it with your favorite gin for a punchy cocktail that will take your taste buds on a journey. This mixer is perfect for your Aussie summer days, whether you're lounging by the pool or hosting a BBQ with friends and family.

When it comes to quality and taste, Schweppes is a name you can trust. Their Classic Mixers Lemon Lime & Bitters 1.1L is no exception, delivering a refreshing and iconic beverage that you will love. With its natural flavours and perfect balance of bitters, this mixer is a must-have for any home bar or entertaining event. So why wait? Order your bottle today and start enjoying the refreshing taste of Schweppes Classic Mixers Lemon Lime & Bitters!
Handcrafted blend of botanical herbs, lemon, lime and bitters.

Perfect balance of six botanical herbs and natural juices.

Enjoy chilled or pair with your favorite gin.

Trusted name in quality and taste.

Refreshing and iconic beverage for any occasion.",,,"Per 100g/ml
Per Serving
%DI
Energy
172kJ
430kJ
Protein
0g
0g
Total Fat
0g
0g
Saturated Fat
0g
0g
Carbohydrate
9.6g
24.5g
Sugars
9.6g
24.0g
Sodium
7mg
18mg
* Percentage Daily Intakes are based on an average adult diet of 8700 kJ. Your daily intakes may be higher or lower depending on your energy needs.","Carbonated Water, Sugar, Reconstituted Fruit Juices (Lime 2.5%, Lemon 2.5%), Natural Flavours (With Lemon Peel Extract, Citrus Oils, Aromatic Botanicals), Preservative (211), Food Acid (330), Natural Colour (161b), Black Carrot Concentrate.",https://www.coles.com.au/product/schweppes-lemon-lime-bitters-soft-drink-classic-mixers-bottle-1.1l-3014839,,,2024-06-16T13:56:17.076653-04:00
Ind54SColes_ADrinks_SA_I-196 Double Lemon & Vodka Can 330ml | 4 Pack,-196 Double Lemon & Vodka Can 330ml | 4 Pack,-196,Drinks,,,,$28.00,,,$21.21 per 1L,4419632,"Suntory -196 Double Lemon
is an alcoholic premix made from Shochu, Vodka and Soda. 
It uses Suntory's unique Freeze Crush Technology to capture every bit of all-natural bold lemon flavour. Whole lemons are is frozen and crushed at -196°C, then infused in spirits to maintain that unique, full-fruit flavour. This is then added to Shochu, Vodka & Soda to bring to you Suntory -196 as you know it.
Suntory -196 comes from Suntory's No.1 Premix brand in Japan*, Strong Zero. With 0.3 grams of sugar and only 122 calories per can, Suntory -196 Double Lemon is the drink of choice for your next pres occasion.
Extreme Japanese Spirit

Real, whole lemons

0.3 grams of sugar per serve

122 calories per serve

From Suntory's No. 1 Premix in Japan*

*2019 IWSR Sales Data.

1.6 Standard Drinks per serve.

6% ABV.",,,,,https://www.coles.com.au/product/196-double-lemon-and-vodka-can-330ml-4-pack-4419632,,,2024-06-16T13:56:27.498123-04:00
Ind54SColes_ADrinks_SA_ICoca-Cola Zero Sugar Vanilla Soft Drink Multipack Cans 10x375mL | 10 pack,Coca-Cola Zero Sugar Vanilla Soft Drink Multipack Cans 10x375mL | 10 pack,Coca-Cola,Drinks,,,,$19.00,Pick any 2 for $25,,$5.07 per 1L,3989974,"Coca-Cola Vanilla zero Sugar has the refreshing Coca-Cola taste with the sweet aroma of vanilla and zero sugar, making it a delicious twist on an old favourite. Coca-Cola Vanilla soft drink is available in multipack cans, single serve bottles and sharing size bottles. There's a pack for almost any occasion.
Classic Coke Taste with a Twist

Hint of Vanilla

No Sugar

10 x 375mL can soft drink

Perfect for drinking on the go, having with a meal or relaxing with at home.",,,"Per 100g/ml
Per Serving
%DI
Energy
1.2
4.5
0.1
Protein
0.02
0.09
0.2
Total Fat
0
0
0
Saturated Fat
0
0
0
Carbohydrate
0.03
0.1
0.1
Sugars
0
0
0
Sodium
4.1
15
0.7
Energy (Cal)
0.3
1.1
0.1
Dietary Fibre (total)
0
0
0
* Percentage Daily Intakes are based on an average adult diet of 8700 kJ. Your daily intakes may be higher or lower depending on your energy needs.",,https://www.coles.com.au/product/coca-cola-zero-sugar-vanilla-soft-drink-multipack-cans-10x375ml-10-pack-3989974,,,2024-06-16T13:56:40.426935-04:00
Ind54SColes_ADrinks_SA_IRemedy Kombucha Raspberry | 1.25L,Remedy Kombucha Raspberry | 1.25L,Remedy,Drinks,,,,$8.95,,,$7.16 per 1L,3831517,"No sugar. No Nasties. Just REAL kombucha made the old-school way, brewed over 30 days. Our Raspberry Lemonade is a nostalgic childhood flavour upgraded to an all-natural kombucha with no sugar, naturally. This guilt-free, no-sugar fizzy drink is safe for kids and allergen-free. Remedy Kombucha is:
Sugar free, for real
All natural
Certified Organic
Low on Calories
Vegan
Gluten Free
A-Ok in or out of the fridge",,,"Per 100g/ml
Per Serving
%DI
Energy
12kJ
29kJ
Protein
<1g
<1g
Total Fat
<1g
<1g
Saturated Fat
<1g
<1g
Carbohydrate
1.6g
4g
Sugars
0g
0g
Sodium
<5mg
<5mg
* Percentage Daily Intakes are based on an average adult diet of 8700 kJ. Your daily intakes may be higher or lower depending on your energy needs.",,https://www.coles.com.au/product/remedy-kombucha-raspberry-1.25l-3831517,,,2024-06-16T13:56:52.787678-04:00
Ind54SColes_ADrinks_SA_ICoca-Cola Classic Soft Drink Multipack Mini Bottles 12x300mL | 12 pack,Coca-Cola Classic Soft Drink Multipack Mini Bottles 12x300mL | 12 pack,Coca-Cola,Drinks,,,,$11.40,,$19.00,$3.17 per 1L,7910342,"Nothing beats the taste of Coca-Cola Classic. It's the perfect companion whether you're on the go, relaxing at home, enjoying with friends or as a drink with your meal. Refresh yourself with the authentic Coke taste. Designed to go with everything, the taste of Classic Coca-Cola has remained unchanged for more than 130 years. Coca-Cola soft drink is available in cans, mini cans, single serve and sharing size bottles as well as multipacks.
Classic Coke Taste

Serve Drink Cold for Maximum Refreshment

A Quality Product of The Coca-Cola Company

12 x 300mL Multipack Bottles Soft Drink

Perfect for drinking on the go, having with a meal or relaxing with at home.",,,"Per 100g/ml
Per Serving
%DI
Energy
180
540
6
Protein
0
0
0
Total Fat
0
0
0
Saturated Fat
0
0
0
Carbohydrate
10.6
32
10
Sugars
10.6
32
35
Sodium
10
30
1
Energy (Cal)
43
129
6
* Percentage Daily Intakes are based on an average adult diet of 8700 kJ. Your daily intakes may be higher or lower depending on your energy needs.",,https://www.coles.com.au/product/coca-cola-classic-soft-drink-multipack-mini-bottles-12x300ml-12-pack-7910342,,,2024-06-16T13:57:06.012727-04:00
Ind54SColes_ADrinks_SA_ISchweppes Traditional Zero Sugar Pink Lemondade Soft Drink Bottle | 1.1L,Schweppes Traditional Zero Sugar Pink Lemondade Soft Drink Bottle | 1.1L,Schweppes,Drinks,,,,$3.00,,,$2.73 per 1L,3989668,"Indulge in the delicious taste of Schweppes Traditional Zero Sugar Pink Lemonade with Natural Strawberry Flavour. This refreshing beverage is the perfect combination of classic lemonade with a twist of juicy strawberry flavour, all without the sugar of added sugars.

With a legacy of over 240 years, Schweppes has been at the forefront of the beverage industry, bringing innovation, craft, and quality to every sip. The original hand-crafted recipe from 1835 has been perfected by only a few Master Blenders to create this bespoke combination of lemon and lime oils, blended at the perfect temperature to bring out the full taste in zero sugar.

Enjoy the Schweppervescence experience with every sip of this 1.1L PET bottle, perfect for sharing with friends and family. Whether you're lounging by the pool or hosting a barbecue, Schweppes Traditional Zero Sugar Pink Lemonade with Natural Strawberry Flavour is the perfect addition to any occasion. Order now and experience the Schweppes difference!
Delicious blend of classic lemonade and natural strawberry flavor.

Zero sugar.

Versatile drink that can be enjoyed in many ways.

Great for sharing.

Ideal choice for outdoor activities or thirst quenching.",,,"Per 100g/ml
Per Serving
%DI
Energy
7kJ
18kJ
Protein
0g
0g
Total Fat
0g
0g
Saturated Fat
0g
0g
Carbohydrate
0g
0g
Sugars
0g
0g
Sodium
9mg
23mg
Dietary Fibre (total)
0g
0g
* Percentage Daily Intakes are based on an average adult diet of 8700 kJ. Your daily intakes may be higher or lower depending on your energy needs.",,https://www.coles.com.au/product/schweppes-traditional-zero-sugar-pink-lemondade-soft-drink-bottle-1.1l-3989668,,,2024-06-16T13:57:18.692153-04:00
Ind54SColes_ADrinks_SA_IKirks Lemon Squash Soft Drink 10x375mL | 10 Pack,Kirks Lemon Squash Soft Drink 10x375mL | 10 Pack,Kirks,Drinks,,,,$8.70,,$14.50,$2.32 per 1L,9125050,"This ain't just any Lemon Squash, this is Kirks, as classic as a 70s style squash racquet & a pair of tight shorts. So put your sweat bands on and anjoy a smashing Lemon Squash. Kirks Lemon Squash is also available in 1.25L bottle.
Lemon Squash Flavour

No artificial colours or flavours

Fun refreshment for any occasion

Uniquely Australian

10 x 375mL Soft Drink",,,,,https://www.coles.com.au/product/kirks-lemon-squash-soft-drink-10x375ml-10-pack-9125050,,,2024-06-16T13:57:28.125427-04:00
Ind54SColes_ADrinks_SA_ICoca-Cola Zero Sugar Vanilla Soft Drink Bottle | 1.25L,Coca-Cola Zero Sugar Vanilla Soft Drink Bottle | 1.25L,Coca-Cola,Drinks,,,,$3.85,Pick any 2 for $5.60,,$3.08 per 1L,3271060,"Coca-Cola Vanilla Zero Sugar has the refreshing Coca-Cola taste with the sweet aroma of vanilla and no sugar, making it a delicious twist on an old favourite. Coca-Cola Vanilla Zero Sugar soft drink is available in multipack cans, single serve bottles and sharing size bottles. There's a pack for almost any occasion.
Classic Coke Taste with a Twist

Hint of Vanilla

No Sugar

1.25L Bottle Soft Drink

Perfect for drinking on the go, having with a meal or relaxing with at home.

1.25L Bottle.",,,"Per 100g/ml
Per Serving
%DI
Energy
1
2.5
0.1
Protein
0.05
0.1
0.3
Total Fat
0
0
0
Saturated Fat
0
0
0
Carbohydrate
0.1
0.3
0.1
Sugars
0
0
0
Sodium
1.0
2.5
0.1
Energy (Cal)
0.2
0.6
0.1
Dietary Fibre (total)
0
0
0
* Percentage Daily Intakes are based on an average adult diet of 8700 kJ. Your daily intakes may be higher or lower depending on your energy needs.",,https://www.coles.com.au/product/coca-cola-zero-sugar-vanilla-soft-drink-bottle-1.25l-3271060,,,2024-06-16T13:57:39.563068-04:00
Ind54SColes_ADrinks_SA_ICoca-Cola Zero Sugar Caffeine Free Soft Drink Bottle | 1.25L,Coca-Cola Zero Sugar Caffeine Free Soft Drink Bottle | 1.25L,Coca-Cola,Drinks,,,,$3.85,Pick any 2 for $5.60,,$3.08 per 1L,3989555,"Coca-Cola Zero Sugar Caffeine Free is a deliciously light choice for those who want the classic taste of Coke without the Caffeine and no sugar. Whether sharing with family and friends or accompanying a meals, Coca-Cola Zero Sugar Caffeine Free has a pack for almost any occasion. Coca-Cola Zero Sugar Caffeine Free soft drink is available in cans, sharing size bottles and multipacks.
Caffeine Free

1.25L Soft Drink

Perfect for drinking on the go, having with a meal or relaxing with at home.

Serve Drink Cold for Maximum Refreshment

A Quality Product of The Coca-Cola Company",,,"Per 100g/ml
Per Serving
%DI
Energy
0.8
2
0.1
Protein
0.05
0.1
0.2
Total Fat
0
0
0
Saturated Fat
0
0
0
Carbohydrate
0.1
0.3
0.1
Sugars
0
0
0
Sodium
4.1
10.3
0.4
Energy (Cal)
0.2
0.5
0.1
Dietary Fibre (total)
0
0
0
Caffeine
0
0
* Percentage Daily Intakes are based on an average adult diet of 8700 kJ. Your daily intakes may be higher or lower depending on your energy needs.",,https://www.coles.com.au/product/coca-cola-zero-sugar-caffeine-free-soft-drink-bottle-1.25l-3989555,,,2024-06-16T13:57:51.133959-04:00
Ind54SColes_ADrinks_SA_ISprite Lemonade Soft Drink 10x375mL | 10 pack,Sprite Lemonade Soft Drink 10x375mL | 10 pack,Sprite,Drinks,,,,$19.00,Pick any 2 for $25,,$5.07 per 1L,1849329,"With its clean, crisp, lemon-lime taste, Sprite is a lemonade soft drink with a hit of refreshment. Perfect with meals, as a mixer, on the go or relaxing at home. Sprite soft drink has natural flavours. Sprite is available in cans, mini cans, single serve and sharing size bottles as well as multipacks.
Hit of refreshment

Lemon-lime flavour

Natural flavour

Great with meals

10 x 375 multipack

Natural flavour.",,,"Per 100g/ml
Per Serving
%DI
Energy
120
451
5
Protein
0.01
0.02
0.1
Total Fat
0
0
0
Saturated Fat
0
0
0
Carbohydrate
6.9
26
8
Sugars
6.9
26
29
Sodium
6.8
25
1
Energy (Cal)
29
108
5
Dietary Fibre (total)
0
0
0
* Percentage Daily Intakes are based on an average adult diet of 8700 kJ. Your daily intakes may be higher or lower depending on your energy needs.",,https://www.coles.com.au/product/sprite-lemonade-soft-drink-10x375ml-10-pack-1849329,,,2024-06-16T13:58:03.283010-04:00
Ind54SColes_ADrinks_SA_ISchweppes Lemonade Soft Drink Cans Multipack 375mL x 30 Pack | 30 pack,Schweppes Lemonade Soft Drink Cans Multipack 375mL x 30 Pack | 30 pack,Schweppes,Drinks,,,,$26.00,,,$2.31 per 1L,7837388,"Looking for a refreshing drink that delivers a crisp, clean taste? Look no further than Schweppes Lemonade! This beloved beverage has been a favorite among generations, thanks to its harmonious blend of lemon and lime oils that deliver a zesty, crisp taste that truly delights the senses.

Crafted by Schweppes' Master Blenders, this iconic drink is the perfect choice for sharing with friends and family. And with 30 x 375mL bottles per case, you'll have plenty to go around. Whether you enjoy it chilled on its own or mixed into your favorite cocktail, Schweppes Lemonade is the ultimate thirst-quencher.

What sets Schweppes Lemonade apart from other drinks is its commitment to quality. Each bottle is carefully crafted to deliver a consistent flavor that's sure to satisfy. And with its bold and refreshing taste, it's the perfect choice for those hot summer days or anytime you need a little pick-me-up.

So why not stock up on Schweppes Lemonade today? With its delicious taste and refreshing properties, it's the perfect addition to any gathering or occasion. Order now and experience the crisp, clean taste of Schweppes Lemonade for yourself!
The harmonious blend of lemon and lime oils deliver a zesty, crisp taste.

Crafted by Schweppes' Master Blenders with a commitment to quality.

Perfect for sharing with friends and family with 30 bottles.

Refreshing thirst-quencher perfect for hot summer days or pick-me-ups.

Stock up now and experience the delicious, crisp taste for yourself.",,,"Per 100g/ml
Per Serving
%DI
Energy
143kJ
536kJ
Protein
0g
0g
Total Fat
0g
0g
Saturated Fat
0g
0g
Carbohydrate
8.2g
30.8g
Sugars
8.2g
30.8g
Sodium
10mg
38mg
* Percentage Daily Intakes are based on an average adult diet of 8700 kJ. Your daily intakes may be higher or lower depending on your energy needs.",,https://www.coles.com.au/product/schweppes-lemonade-soft-drink-cans-multipack-375ml-x-30-pack-30-pack-7837388,,,2024-06-16T13:58:14.910010-04:00
Ind54SColes_ADrinks_SA_ISprite Lemonade Soft Drink Multipack Mini Cans 6x250mL | 6 pack,Sprite Lemonade Soft Drink Multipack Mini Cans 6x250mL | 6 pack,Sprite,Drinks,,,,$6.75,,$9.20,$4.50 per 1L,4398747,"With its clean, crisp, lemon-lime taste, Sprite is a lemonade soft drink with a hit of refreshment. Perfect with meals, as a mixer, on the go or relaxing at home. Sprite soft drink has natural flavours. Sprite is available in cans, mini cans, single serve and sharing size bottles as well as multipacks.
Hit of refreshment

Lemon-lime flavour

Natural flavour

Great with meals

Lemon-lime flavour

Natural flavour.",,,"Per 100g/ml
Per Serving
%DI
Energy
120
301
3
Protein
0.01
0.01
0.1
Total Fat
0
0
0
Saturated Fat
0
0
0
Carbohydrate
6.9
17
5
Sugars
6.9
17
19
Sodium
6.8
17
0.7
Energy (Cal)
29
72
3
Dietary Fibre (total)
0
0
0
* Percentage Daily Intakes are based on an average adult diet of 8700 kJ. Your daily intakes may be higher or lower depending on your energy needs.",,https://www.coles.com.au/product/sprite-lemonade-soft-drink-multipack-mini-cans-6x250ml-6-pack-4398747,,,2024-06-16T13:58:26.549891-04:00
Ind54SColes_ADrinks_SASoft drinks_ICoca-Cola Vanilla Soft Drink 6x250mL | 6 pack,Coca-Cola Vanilla Soft Drink 6x250mL | 6 pack,Coca-Cola,Drinks,Soft drinks,Soft drink cans,,$6.75,,$9.20,$4.50 per 1L,4398714,"Coca-Cola Vanilla has the refreshing Coca-Cola Classic taste with the sweet aroma of vanilla, making it a delicious twist on an old favourite. Coca-Cola Vanilla soft drink is available in multipack cans, single serve bottles and sharing size bottles. There's a pack for almost any occasion.
Classic Coke Taste with a Twist

6 x 250mL Mini Cans Soft Drink

Perfect for drinking on the go, having with a meal or relaxing with at home.

Deliciously Vanilla

A Quality Product of The Coca-Cola Company",,,"Per 100g/ml
Per Serving
%DI
Energy
185
463
5
Protein
0
0
0
Total Fat
0
0
0
Saturated Fat
0
0
0
Carbohydrate
11
28
9
Sugars
10.9
27
30
Sodium
10
25
1.1
Energy (Cal)
44
110
5
* Percentage Daily Intakes are based on an average adult diet of 8700 kJ. Your daily intakes may be higher or lower depending on your energy needs.",,https://www.coles.com.au/product/coca-cola-vanilla-soft-drink-6x250ml-6-pack-4398714,,,2024-06-16T13:58:38.215181-04:00
Ind54SColes_ADrinks_SA_IFanta Orange Soft Drink Cans 24x375mL | 24 Pack,Fanta Orange Soft Drink Cans 24x375mL | 24 Pack,Fanta,Drinks,,,,$23.10,,$38.50,$2.57 per 1L,5325873,"Bright, bubbly and popular, Fanta is the orange soft drink with a tingly, fruity and bold taste. With no artificial colours, Fanta softd rink is perfect for enjoying with friends, on the go or having with meals. Fanta Orange is available in cans, mini cans, single serve and sharing size bottles as well as multipacks.
Bold fruity taste

No artificial colours

Orange Flavour

24 x 375mL Multipack Soft Drink

Bring home flavour",,,"Per 100g/ml
Per Serving
%DI
Energy
79
298
3
Protein
0
0
0
Total Fat
0
0
0
Saturated Fat
0
0
0
Carbohydrate
4.6
17
5
Sugars
4.5
17
19
Sodium
6.8
26
1
Energy (Cal)
19
71
3
Dietary Fibre (total)
0
0
0
* Percentage Daily Intakes are based on an average adult diet of 8700 kJ. Your daily intakes may be higher or lower depending on your energy needs.",,https://www.coles.com.au/product/fanta-orange-soft-drink-cans-24x375ml-24-pack-5325873,,,2024-06-16T13:58:52.003632-04:00
Ind54SColes_ADrinks_SASoft drinks_ICoca-Cola Zero Sugar Soft Drink Multipack Bottles 12x300mL | 12 pack,Coca-Cola Zero Sugar Soft Drink Multipack Bottles 12x300mL | 12 pack,Coca-Cola,Drinks,Soft drinks,Soft drink cans,,$11.40,,$19.00,$3.17 per 1L,1492374,"Coca-Cola Zero Sugar is a deliciously light choice for those who want the classic taste of Coke with no sugar. Whether sharing with family and friends or accompanying a meal, Coca-Cola Zero Sugar has a pack for almost any occasion. Coca-Cola Zero Sugar soft drink is available in cans, mini cans, single serve and sharing size bottles as well as multipacks.
The Coke Taste You Love with No Sugar and Low Calories

Serve Drink Cold for Maximum Refreshment

A Quality Product of The Coca-Cola Company

Perfect for drinking on the go, having with a meal or relaxing with at home.

Serve drink cold for Maximum refreshment.",,,"Per 100g/ml
Per Serving
%DI
Energy
1.2
3.6
0.1
Protein
0.02
0.07
0.1
Total Fat
0
0
0
Saturated Fat
0
0
0
Carbohydrate
0.03
0.1
0.1
Sugars
0
0
0
Sodium
4.1
12.3
0.5
Energy (Cal)
0.3
0.9
0.1
Dietary Fibre (total)
0
0
0
* Percentage Daily Intakes are based on an average adult diet of 8700 kJ. Your daily intakes may be higher or lower depending on your energy needs.",,https://www.coles.com.au/product/coca-cola-zero-sugar-soft-drink-multipack-bottles-12x300ml-12-pack-1492374,,,2024-06-16T13:59:04.371235-04:00
Ind54SColes_ADrinks_SASoft drinks_IPepsi Cola Soft Drink Cans Multipack 375mL x 30 Pack | 30 pack,Pepsi Cola Soft Drink Cans Multipack 375mL x 30 Pack | 30 pack,Pepsi,Drinks,Soft drinks,Soft drink cans,,$26.00,,,$2.31 per 1L,7837424,"The smooth taste of Pepsi cola offers a deliciously refreshing and thirst-quenching soft drink that can be enjoyed anytime. Our classic and bold cola soft drink is best enjoyed chilled or poured over ice.

If you are thinking about reducing your sugar intake then try Pepsi Max, a bold cola taste with no sugar and no taste compromise that offers mouth-watering refreshment.

Equally if you are looking for something a bit different then try one of our deliciously refreshing Pepsi Max No Sugar Flavours; Vanilla, Mango or Creaming Soda.

The 30 x Pepsi can pack is an ideal pack for enjoying at home and sharing with family or friends.

Pepsi soft drink is available in a range of other take-home pack sizes such as; mini cans for portion control and multi-serve bottles to suit all your cola drinking occasions.
Signature Pepsi cola taste

Bold & refreshing

Ideal for Sharing",,,"Per 100g/ml
Per Serving
%DI
Energy
185kJ
694kJ
8%
Protein
0g
0g
0%
Total Fat
0g
0g
0%
Saturated Fat
0g
0g
0%
Carbohydrate
10.9g
40.9g
13%
Sugars
10.9g
40.9g
45%
Sodium
12mg
45mg
2%
* Percentage Daily Intakes are based on an average adult diet of 8700 kJ. Your daily intakes may be higher or lower depending on your energy needs.",,https://www.coles.com.au/product/pepsi-cola-soft-drink-cans-multipack-375ml-x-30-pack-30-pack-7837424,,,2024-06-16T13:59:17.367338-04:00
Ind54SColes_ADrinks_SASoft drinks_IBundaberg Brewed Drink Ginger Beer Diet 4x375mL | 4 pack,Bundaberg Brewed Drink Ginger Beer Diet 4x375mL | 4 pack,Bundaberg,Drinks,Soft drinks,Mixers,,$7.35,,,$4.90 per 1L,2481307,"Craft brewed over 3 days just like the original, Bundaberg Diet Ginger Beer contains less sugar and almost twice the ginger! Great for those looking for full flavour with less calories.
Hold a bottle up to the light and you'll see real ginger pieces suspended throughout. Be sure to invert the bottle before opening to enjoy the full refreshing flavour.
Real Aussie Ginger
Brewed over 3 days
Australian family owned
Best enjoyed cold",,,"Per 100g/ml
Per Serving
%DI
Energy
34kJ
128kJ
1%
Protein
<1g
<1g
0%
Total Fat
<1g
<1g
0%
Saturated Fat
<1g
<1g
0%
Carbohydrate
1.7g
6.4g
2%
Sugars
1.2g
4.5g
5%
Sodium
11mg
42mg
2%
* Percentage Daily Intakes are based on an average adult diet of 8700 kJ. Your daily intakes may be higher or lower depending on your energy needs.",,https://www.coles.com.au/product/bundaberg-brewed-drink-ginger-beer-diet-4x375ml-4-pack-2481307,,,2024-06-16T13:59:29.646957-04:00
Ind54SColes_ADrinks_SASoft drinks_IWaterfords Sparkling Lite & Fruity Apple Berry | 1L,Waterfords Sparkling Lite & Fruity Apple Berry | 1L,Waterfords,Drinks,Soft drinks,Soft drink bottles,,$2.00,Pick any 2 for $3,,$2.00 per 1L,3047758,Low joule flavoured drink with sparkling natural mineral waterLite & Fruity 90% reduction in sugar when compared to Waterfords Full Sugar Flavoured Mineral Water.,,,"Per 100g/ml
Per Serving
%DI
Energy
12kJ
30kJ
0.30%
Protein
<1g
<1g
0%
Total Fat
<1g
<1g
0%
Saturated Fat
0g
0g
0%
Carbohydrate
0.5g
1.3g
0.40%
Sugars
0.4g
1.1g
1.20%
Sodium
14mg
35mg
1.50%
Dietary Fibre (total)
<1g
<1g
0%
* Percentage Daily Intakes are based on an average adult diet of 8700 kJ. Your daily intakes may be higher or lower depending on your energy needs.","Carbonated Water (94%) (Mineral Water (83%), Purified Water (11%)), Reconstituted Fruit Juices (5%) (Apple (4.9%), Raspberry (0.1%)), Food Acid (Citric), Natural Flavour, Preservative (211), Sweeteners (952, 955, 950), Colour (122)",https://www.coles.com.au/product/waterfords-sparkling-lite-and-fruity-apple-berry-1l-3047758,,,2024-06-16T13:59:40.702275-04:00
Ind54SColes_ADrinks_SASoft drinks_ISunkist Zero Sugar Orange Soft Drink Bottle Sugar Free | 1.25L,Sunkist Zero Sugar Orange Soft Drink Bottle Sugar Free | 1.25L,Sunkist,Drinks,Soft drinks,Soft drink bottles,,$2.00,,$3.00,$1.60 per 1L,5037358,"Are you looking for a refreshing and great drink to quench your thirst? Look no further than Sunkist Zero Sugar! This delicious orange-flavored drink is the perfect choice for those who want all the flavor without any of the sugar. With zero sugar and no artificial colors or flavors, Sunkist Zero Sugar is a low-joule option that won't weigh you down.

Whether you're trying to stay great or just looking for a tasty drink to enjoy, Sunkist Zero Sugar is the perfect choice. Its refreshing orange flavor is sure to satisfy your cravings. And with no artificial colors or flavors, you can feel good about what you're putting into your body.

So why wait? Order your Sunkist Zero Sugar today and start enjoying all the flavor and refreshment with none of the sugar. Whether you're relaxing at home, hitting the gym, or on the go, Sunkist Zero Sugar is the perfect drink for any occasion. Don't settle for less - choose Sunkist Zero Sugar and taste the difference today!
Refreshing orange flavor satisfies without sugar

Zero sugar and no artificial colors or flavors

Low-joule option won't weigh you down

Perfect for when you're relaxing at home, hitting the gym, or on the go.

Smart choice for any occasion, taste the difference today!",,,"Per 100g/ml
Per Serving
%DI
Energy
2kJ
5kJ
0.10%
Protein
0g
0g
0%
Total Fat
0g
0g
0%
Saturated Fat
0g
0g
0%
Carbohydrate
0g
0g
0%
Sugars
0g
0g
0%
Sodium
16mg
40mg
2%
Dietary Fibre (total)
0g
0g
0%
* Percentage Daily Intakes are based on an average adult diet of 8700 kJ. Your daily intakes may be higher or lower depending on your energy needs.",,https://www.coles.com.au/product/sunkist-zero-sugar-orange-soft-drink-bottle-sugar-free-1.25l-5037358,,,2024-06-16T13:59:52.123001-04:00
Ind54SColes_ADrinks_SASoft drinks_IKirks Creamy Soda Soft Drink  | 1.25L,Kirks Creamy Soda Soft Drink  | 1.25L,Kirks,Drinks,Soft drinks,Soft drink bottles,,$1.60,,$2.70,$1.28 per 1L,5399075,"This isn't just any creaming soda, this is Kirks! As classic as the sound of an icecream truck on a hot summer's day. We hope you give it the creaming-ist lick of approval. Kirks Creaming Soda is also available in 10 x 375mL multipack cans.
- Creaming Soda Flavour

- No artificial colours or flavours

- Fun refreshment for any occasion

- Uniquely Australian

- 1.25L Bottle Soft drink",,,,"Carbonated Water, Sugar, Natural Flavour, Natural Colours (163, 120), Food Acid (330), Preservative (211)",https://www.coles.com.au/product/kirks-creamy-soda-soft-drink-1.25l-5399075,,,2024-06-16T14:00:02.279525-04:00
Ind54SColes_ADrinks_SA_IColes Passionfruit Soft Drink | 1.25L,Coles Passionfruit Soft Drink | 1.25L,Coles,Drinks,,,,$1.20,,,$0.96 per 1L,5235227,,,,"Per 100g/ml
Per Serving
%DI
Energy
167kJ
417kJ
Protein
0g
0g
Total Fat
0g
0g
Saturated Fat
0g
0g
Carbohydrate
9.8g
24.5g
Sugars
9.8g
24.4g
Sodium
10mg
25mg
Dietary Fibre (total)
0g
0g
* Percentage Daily Intakes are based on an average adult diet of 8700 kJ. Your daily intakes may be higher or lower depending on your energy needs.",,https://www.coles.com.au/product/coles-passionfruit-soft-drink-1.25l-5235227,,,2024-06-16T14:00:13.606978-04:00
Ind54SColes_ADrinks_SASoft drinks_IBundaberg Brewed Drink Tropical Mango 4x375mL | 4 pack,Bundaberg Brewed Drink Tropical Mango 4x375mL | 4 pack,Bundaberg,Drinks,Soft drinks,Mixers,,$7.35,,,$4.90 per 1L,3038994,"Brewed over 4 days using mangoes grown in tropical northern Australia, Bundaberg Tropical Mango is a delight to anyone who loves mango. With no artificial flavours or colours, this brew delivers on a taste that is true to the Kensington Pride mangoes it is brewed with.
Real Australian Mango
Brewed over 4 days
Australian family owned
Best enjoyed cold",,,"Per 100g/ml
Per Serving
%DI
Energy
196kJ
735kJ
8%
Protein
<1g
<1g
0%
Total Fat
<1g
<1g
0%
Saturated Fat
<1g
<1g
0%
Carbohydrate
11.5g
43.2g
14%
Sugars
11.5g
43.2g
48%
Sodium
25mg
95mg
4%
* Percentage Daily Intakes are based on an average adult diet of 8700 kJ. Your daily intakes may be higher or lower depending on your energy needs.",,https://www.coles.com.au/product/bundaberg-brewed-drink-tropical-mango-4x375ml-4-pack-3038994,,,2024-06-16T14:00:25.786591-04:00
Ind54SColes_ADrinks_SA_ISolo Soft Drink Mango Zero 10x375mL | 10 pack,Solo Soft Drink Mango Zero 10x375mL | 10 pack,Solo,Drinks,,,,$9.00,,$18.00,$2.40 per 1L,7714322,"Refresh with The Original Thirst Crusher Lemon taste that you know and love, with a twist of Mango Flavour! This 10 pack is perfect for those sharing occasions with friends and family.
Original Lemon Taste with Mango Flavour

Zero Sugar

No artifical colours and flavours

In a 10 pack to share with friends and family

SOLO the #1 Lemon Soft drink in Australia",,,"Per 100g/ml
Per Serving
%DI
Energy
11kJ
41kJ
Protein
0g
0g
Total Fat
0g
0g
Saturated Fat
0g
0g
Carbohydrate
0g
0g
Sugars
0g
0g
Sodium
24mg
90mg
Dietary Fibre (total)
0g
0g
* Percentage Daily Intakes are based on an average adult diet of 8700 kJ. Your daily intakes may be higher or lower depending on your energy needs.",,https://www.coles.com.au/product/solo-soft-drink-mango-zero-10x375ml-10-pack-7714322,,,2024-06-16T14:00:36.825952-04:00
Ind54SColes_ADrinks_SASoft drinks_ISchweppes Bitter Lemon Soft Drink Classic Mixers Multipack 300mL x 4 Pack | 4 pack,Schweppes Bitter Lemon Soft Drink Classic Mixers Multipack 300mL x 4 Pack | 4 pack,Schweppes,Drinks,Soft drinks,Mixers,,$7.40,,,$6.17 per 1L,7351885,"Looking for the perfect mixer to add an extra kick to your favourite drinks? Look no further than Schweppes Classic Mixers Bitter Lemon! Characterised by its signature bittersweet bite, this vibrant and zesty drink is the perfect addition to any cocktail or fruit juice.

Crafted with a complex blend of flavours, each sip of Schweppes Classic Mixers Bitter Lemon 4 x 300mL is sure to tantalise your taste buds. Combining orange and lemon peels with quinine, this distinctive refreshment boasts a zingy, delightfully fruity finish that lingers in your mouth.

Whether you're looking to create the perfect gin and tonic or simply want to add some extra oomph to your favourite fruit juice, Schweppes Classic Mixers Bitter Lemon is sure to impress. So why wait? Stock up on this delicious drink today and take your cocktail game to the next level!
Complex blend of flavours in each sip, tantalising taste buds.

Distinctive refreshment with zingy, fruity finish that lingers.

Perfect addition to any cocktail or fruit juice.

Crafted with orange and lemon peels and quinine.

Elevate your cocktail game with Schweppes Classic Mixers Bitter Lemon.",,,"Per 100g/ml
Per Serving
%DI
Energy
221kJ
663kJ
Protein
0g
0g
Total Fat
0g
0g
Saturated Fat
0g
0g
Carbohydrate
12.7g
38.1g
Sugars
12.4g
37.2g
Sodium
7mg
21mg
* Percentage Daily Intakes are based on an average adult diet of 8700 kJ. Your daily intakes may be higher or lower depending on your energy needs.",,https://www.coles.com.au/product/schweppes-bitter-lemon-soft-drink-classic-mixers-multipack-300ml-x-4-pack-4-pack-7351885,,,2024-06-16T14:00:49.100239-04:00
Ind54SColes_ADrinks_SASoft drinks_ISodasmith Light Tonic Can 4x200mL | 4 pack,Sodasmith Light Tonic Can 4x200mL | 4 pack,Sodasmith,Drinks,Soft drinks,Mixers,,$7.00,,,$8.75 per 1L,5563634,"Sodasmith Light Tonic Water is a more delicate version of the Tasmanian Tonic Water, made with 100% Tasmanian spring water and all-natural plant-based ingredients, but with 25% less sugar, making it the perfect companion for your favourite spirit. Crafted by the Elements.",,,,,https://www.coles.com.au/product/sodasmith-light-tonic-can-4x200ml-4-pack-5563634,,,2024-06-16T14:00:58.997222-04:00
Ind54SColes_ADrinks_SASoft drinks_ICapi Sunset Tonic | 750mL,Capi Sunset Tonic | 750mL,Capi,Drinks,Soft drinks,Mixers,,$3.30,,$4.15,$4.40 per 1L,5463312,"Meet CAPI - premium, all-natural drinks that are bottled at the source and Clearly Australian.
CAPI Sunset Tonic is flavour-forward with tart and sweet citrus, rounded out by Mount Zero pink lake salt and an inviting pale pink hue. It's 100% natural and carefully crafted to pair perfectly with contemporary gins.
- All natural & no preservatives
- Made using real quinine
- Naturally flavoured
- Glass bottled
- Australian-made
Enjoy it over ice, paired with craft, contemporary or citrus-flavoured gins, tequila, vodka, rum and citrus non-alcoholic spirits. Garnish with fresh lime, orange or grapefruit.",,,"Per 100g/ml
Per Serving
%DI
Energy
123kJ
306kJ
Protein
0g
0g
Total Fat
0g
0g
Saturated Fat
0g
0g
Carbohydrate
6.4g
16.1g
Sugars
6.4g
16.1g
Sodium
24mg
59mg
* Percentage Daily Intakes are based on an average adult diet of 8700 kJ. Your daily intakes may be higher or lower depending on your energy needs.",,https://www.coles.com.au/product/capi-sunset-tonic-750ml-5463312,,,2024-06-16T14:01:11.953743-04:00
Ind54SColes_ADrinks_SASoft drinks_IPepsi Max No Sugar Creaming Soda Cola Soft Drink Cans Multipack 375mL x 10 Pack | 10 pack,Pepsi Max No Sugar Creaming Soda Cola Soft Drink Cans Multipack 375mL x 10 Pack | 10 pack,Pepsi,Drinks,Soft drinks,Soft drink cans,,$9.00,,$18.00,$2.40 per 1L,6574115,"Indulge in the deliciously bold taste of Pepsi Max No Sugar Creaming Soda! This low calorie soft drink is the perfect choice for those who want maximum taste without the sugar. With a hint of creaming soda and fairy floss flavour, this refreshing beverage offers a delightful taste sensation that will leave you wanting more.

The 600mL bottle is the perfect size for home or on-the-go, while the 1.25L bottle and 10 can pack are great for sharing with family and friends. Whether you're looking for a refreshing drink while out and about or a tasty treat at home, Pepsi Max No Sugar Creaming Soda has got you covered.

Enjoy this invigorating soft drink chilled for maximum enjoyment. With no sugar and maximum taste, Pepsi Max Creaming Soda is the perfect choice for any occasion. So why wait? Treat yourself to the bold and creamy taste of Pepsi Max No Sugar Creaming Soda today!
Indulge in the bold and creamy taste of Pepsi Max.

Low calorie soft drink, sugar-free indulgence.

Perfect size for home, on-the-go, or sharing.

Invigorating when chilled, delightful taste sensation.

Maximum taste with no sugar, perfect for any occasion.",,,"Per 100g/ml
Per Serving
%DI
Energy
3kJ
11kJ
0.10%
Protein
0.1g
0.4g
0.80%
Total Fat
0g
0g
0%
Saturated Fat
0g
0g
0%
Carbohydrate
0.1g
0.4g
0.10%
Sugars
0g
0g
0%
Sodium
10mg
38mg
2%
Dietary Fibre (total)
0g
0g
0%
* Percentage Daily Intakes are based on an average adult diet of 8700 kJ. Your daily intakes may be higher or lower depending on your energy needs.",,https://www.coles.com.au/product/pepsi-max-no-sugar-creaming-soda-cola-soft-drink-cans-multipack-375ml-x-10-pack-10-pack-6574115,,,2024-06-16T14:01:23.092813-04:00
Ind54SColes_ADrinks_SASoft drinks_IQue Cola Soft Drink | 1.25L,Que Cola Soft Drink | 1.25L,Que,Drinks,Soft drinks,Soft drink bottles,,$1.20,,,$0.96 per 1L,3243541,"A refreshing range of colas exclusive to Coles supermarkets, Que is available in Regular and No Sugar. Great taste and well priced! Taste the difference.",,,"Per 100g/ml
Per Serving
%DI
Energy
183kJ
457kJ
5%
Protein
0g
0g
0%
Total Fat
0g
0g
0%
Saturated Fat
0g
0g
0%
Carbohydrate
10.7g
26.8g
9%
Sugars
10.7g
26.7g
30%
Sodium
5mg
13mg
0.50%
Dietary Fibre (total)
0g
0g
0%
* Percentage Daily Intakes are based on an average adult diet of 8700 kJ. Your daily intakes may be higher or lower depending on your energy needs.",,https://www.coles.com.au/product/que-cola-soft-drink-1.25l-3243541,,,2024-06-16T14:01:34.395216-04:00
Ind54SColes_ADrinks_SASoft drinks_IPepsi Light Caffeine Free No Sugar Cola Soft Drink Bottle | 1.25L,Pepsi Light Caffeine Free No Sugar Cola Soft Drink Bottle | 1.25L,Pepsi,Drinks,Soft drinks,Soft drink bottles,,$2.00,,$3.00,$1.60 per 1L,5114390,"Pepsi Light caffeine-free, has.no caffeine AND no sugar. It's as simple as that.



Pepsi Light is low in calories vs full sugar colas. And, in case you we're wondering, it also has the bold taste of cola that's comparable with full sugar cola soft drinks.



The 1.25L multi-serve Pepsi Light bottle is ideal for the fridge at home or for enjoying with family and friends at any social, entertaining occasion.



Unbeatable taste without the caffeine or sugar hit.

No sugar

No caffeine",,,"Per 100g/ml
Per Serving
%DI
Energy
1kJ
4kJ
0.10%
Protein
0g
0g
0%
Total Fat
0g
0g
0%
Saturated Fat
0g
0g
0%
Carbohydrate
0g
0g
0%
Sugars
0g
0g
0%
Sodium
15mg
38mg
2%
Dietary Fibre (total)
0g
0g
0%
Caffeine
0mg
0mg
* Percentage Daily Intakes are based on an average adult diet of 8700 kJ. Your daily intakes may be higher or lower depending on your energy needs.",,https://www.coles.com.au/product/pepsi-light-caffeine-free-no-sugar-cola-soft-drink-bottle-1.25l-5114390,,,2024-06-16T14:01:45.607734-04:00
Ind54SColes_ADrinks_SASoft drinks_ICoca-Cola Zero Sugar Soft Drink Bottle | 1.25L,Coca-Cola Zero Sugar Soft Drink Bottle | 1.25L,Coca-Cola,Drinks,Soft drinks,Soft drink bottles,,$3.85,Pick any 2 for $5.60,,$3.08 per 1L,2993706,"Coca-Cola Zero Sugar is a deliciously light choice for those who want the classic taste of Coke with no sugar. Whether sharing with family and friends or accompanying a meal, Coca-Cola Zero Sugar has a pack for almost any occasion. Coca-Cola Zero Sugar soft drink is available in cans, mini cans, single serve and sharing size bottles as well as multipacks.
The Coke Taste You Love with No Sugar and Low Calories

Serve Drink Cold for Maximum Refreshment

A Quality Product of The Coca-Cola Company

Perfect for drinking on the go, having with a meal or relaxing with at home.

Serve Drink Cold for Maximum Refreshment",,,"Per 100g/ml
Per Serving
%DI
Energy
1.2
3
0.1
Protein
0.02
0.06
0.1
Total Fat
0
0
0
Saturated Fat
0
0
0
Carbohydrate
0.03
0.08
0.1
Sugars
0
0
0
Sodium
4.1
10.3
0.4
Energy (Cal)
0.3
0.7
0.1
Dietary Fibre (total)
0
0
0
* Percentage Daily Intakes are based on an average adult diet of 8700 kJ. Your daily intakes may be higher or lower depending on your energy needs.",,https://www.coles.com.au/product/coca-cola-zero-sugar-soft-drink-bottle-1.25l-2993706,,,2024-06-16T14:01:56.709415-04:00
Ind54SColes_ADrinks_SA_ICapi Dry Tonic Water | 4 pack,Capi Dry Tonic Water | 4 pack,Capi,Drinks,,,,$8.00,,,$8.00 per 1L,3834355,"Meet CAPI - premium, all-natural drinks that are bottled at the source and Clearly Australian.
Known as 'the bartender's choice', CAPI Dry Tonic has a unique dry finish and less than 7gm of sugar per serve. It packs all the bite of the best quality, natural quinine and is understated enough to let your gin be the hero.
- All natural & no preservatives
- Made using real quinine
- Glass bottled
- Australian-made
Enjoy it over ice, paired with craft or contemporary gins, tequila, rum and citrus non-alcoholic spirits. Garnish with fresh, seasonal herbs or citrus.",,,"Per 100g/ml
Per Serving
%DI
Energy
112kJ
280kJ
Protein
<0.1g
<0.1g
Total Fat
<0.1g
<0.1g
Saturated Fat
<0.1g
<0.1g
Carbohydrate
6.6g
16.5g
Sugars
6.2g
15.5g
Sodium
1.4mg
3.5mg
* Percentage Daily Intakes are based on an average adult diet of 8700 kJ. Your daily intakes may be higher or lower depending on your energy needs.",,https://www.coles.com.au/product/capi-dry-tonic-water-4-pack-3834355,,,2024-06-16T14:02:07.900870-04:00
Ind54SColes_ADrinks_SASoft drinks_IKirks Zero Sugar Orange Soft Drink Cans 10x375ml | 10 pack,Kirks Zero Sugar Orange Soft Drink Cans 10x375ml | 10 pack,Kirks,Drinks,Soft drinks,Soft drink cans,,$8.70,,$14.50,$2.32 per 1L,6421566,"This isn't just any orange flavoured drink, this is Kirks! As classic as a refreshing ocean dip on a hot summer's day. Made in Australia with no artificial colours and flavours, this beverage is an Aussie favourite, providing fun and delicious refreshment for any occasion. Enjoy an amazing tangy taste, without the sugar!Kirks Orange Sugar Free is also available in multipack cans.
Tangy and delicious Orange Flavour

No artificial colours or flavours

Fun refreshment for any occasion

Made in Australia

Sugar free",,,"Per 100g/ml
Per Serving
%DI
Energy
4.1
15
0.2
Total Fat
0
Saturated Fat
0
0
0
Carbohydrate
0.01
0.03
0.1
Sugars
0
0
0
Sodium
8.2
31
1
Energy (Cal)
1
3.7
0.2
Dietary Fibre (total)
0
0
0
* Percentage Daily Intakes are based on an average adult diet of 8700 kJ. Your daily intakes may be higher or lower depending on your energy needs.","Carbonated Water, Food Acid (330), Flavour, Sweeteners (950, 952, 955), Colour (120), Preservative (211).",https://www.coles.com.au/product/kirks-zero-sugar-orange-soft-drink-cans-10x375ml-10-pack-6421566,,,2024-06-16T14:02:19.141000-04:00
Ind54SColes_ADrinks_SASoft drinks_ISchweppes Soda Water Bottle Classic Mixers | 1.1L,Schweppes Soda Water Bottle Classic Mixers | 1.1L,Schweppes,Drinks,Soft drinks,Mixers,,$3.00,,,$2.73 per 1L,3014770,"Looking for a refreshing drink that can also be used as a versatile mixer? Look no further than Schweppes Classic Mixers Soda Water 1.1L! This premium soda water is made with mineral salts and pristine triple filtered water, creating a crisp and delightful taste that's perfect for any occasion.

But what really sets Schweppes Classic Mixers Soda Water apart is its signature Schweppervescence - the delicate bubbles that give this drink its incredible fizz and texture. Whether you enjoy it on its own or as a mixer for your favourite alcohol, Schweppes Classic Mixers Soda Water is sure to add some sparkle to your day.

So why not try it chilled, with fresh lemon, lime or orange slices for a refreshing and invigorating drink? Or get creative and mix it with your favourite spirits to create delicious and unique cocktails. With Schweppes Classic Mixers Soda Water, the possibilities are endless!
Premium soda water made with mineral salts and triple filtered water

Signature Schweppervescence for incredible fizz and texture

Refreshing and invigorating when served chilled with fresh fruit

Versatile mixer for creating unique and delicious cocktails

Endless possibilities for adding sparkle to any occasion",,,"Per 100g/ml
Per Serving
%DI
Energy
0kJ
0kJ
Protein
0g
0g
Total Fat
0g
0g
Saturated Fat
0g
0g
Carbohydrate
0g
0g
Sugars
0g
0g
Sodium
1mg
3mg
* Percentage Daily Intakes are based on an average adult diet of 8700 kJ. Your daily intakes may be higher or lower depending on your energy needs.",,https://www.coles.com.au/product/schweppes-soda-water-bottle-classic-mixers-1.1l-3014770,,,2024-06-16T14:02:30.690562-04:00
Ind54SColes_ADrinks_SASoft drinks_ICoca-Cola Diet Soft Drink Cans 30x375mL | 30 pack,Coca-Cola Diet Soft Drink Cans 30x375mL | 30 pack,Coca-Cola,Drinks,Soft drinks,Soft drink cans,,$47.20,,,$4.20 per 1L,8464800,"Diet Coke is a deliciously light, sugar free and no kilojoule soft drink. It delivers a distinct, unique and light taste. With its bubbly sparkle, 'Diet Coke' has been refreshing and delighting drinkers for decades. The perfect sparkling soft drink for enjoying on the go, having with a meal or relaxing with at home. Coca-Cola Diet soft drink is available in cans, mini cans, single serve and sharing size bottles as well as multipacks.
Distinct Diet Coke Taste

No Sugar and Low Kilojoule

A Quality Product of The Coca-Cola Company

30 x 375mL Multipack Soft Drink

Perfect for drinking on the go, having with a meal or relaxing with at home.",,,"Per 100g/ml
Per Serving
%DI
Energy
1.9
7.1
0.1
Protein
0.05
0.2
0.4
Total Fat
0
0
0
Saturated Fat
0
0
0
Carbohydrate
0.1
0.4
0.1
Sugars
0
0
0
Sodium
1
3.8
0.2
Energy (Cal)
0.5
1.7
0.1
Dietary Fibre (total)
0
0
0
* Percentage Daily Intakes are based on an average adult diet of 8700 kJ. Your daily intakes may be higher or lower depending on your energy needs.",,https://www.coles.com.au/product/coca-cola-diet-soft-drink-cans-30x375ml-30-pack-8464800,,,2024-06-16T14:02:41.694766-04:00
Ind54SColes_ADrinks_SASoft drinks_ISolo Zero Sugar Original Lemon Soft Drink | 1.25L,Solo Zero Sugar Original Lemon Soft Drink | 1.25L,Solo,Drinks,Soft drinks,Soft drink bottles,,$2.00,,$3.00,$1.60 per 1L,1167362,"Introducing Solo Thirst Crusher Original Lemon, the perfect thirst-quenching drink that is sure to satisfy your taste buds. Made with 5% crushed lemons to ensure that every sip is packed with a deliciously tangy lemon flavour that is simply irresistible.

Ideal for those hot, summer days when you need to cool down, Solo Thirst Crusher Original Lemon is available in a convenient 24 x 375mL pack, making it perfect for sharing with family and friends. Whether you are enjoying a picnic in the park, heading to the beach, or simply relaxing at home, Solo Thirst Crusher Original Lemon is the perfect drink to keep you hydrated and refreshed.

And, if you're looking for a drink that is both delicious and refreshing, Solo Thirst Crusher Original Lemon is the way to go.

So why wait? Order your pack of Solo Thirst Crusher Original Lemon today and experience the deliciously refreshing taste of natural lemons in every sip. With its fantastic taste, Solo Thirst Crusher Original Lemon is the perfect drink for anyone who wants to stay fresh and hydrated throughout the day.
Sugar-free lemon soft drink

Delicious zesty lemon flavor for invigorating thirst relief

Delicious drink that is both refreshing and convenient",,,"Per 100g/ml
Per Serving
%DI
Energy
7kJ
18kJ
0.20%
Protein
0g
0g
0%
Total Fat
0g
0g
0%
Saturated Fat
0g
0g
0%
Carbohydrate
0g
0g
0%
Sugars
0g
0g
0%
Sodium
17mg
43mg
2%
Dietary Fibre (total)
0g
0g
0%
* Percentage Daily Intakes are based on an average adult diet of 8700 kJ. Your daily intakes may be higher or lower depending on your energy needs.",,https://www.coles.com.au/product/solo-zero-sugar-original-lemon-soft-drink-1.25l-1167362,,,2024-06-16T14:02:52.889938-04:00
Ind54SColes_ADrinks_SASoft drinks_IColes Mixer Diet Tonic Diet Water | 1.25L,Coles Mixer Diet Tonic Diet Water | 1.25L,Coles,Drinks,Soft drinks,Mixers,,$1.20,,,$0.96 per 1L,5180497,Coles Diet Tonic Water 1. 25 Litre No Artificial Colours & Flavours use as a mixer or refreshing beverage,,,"Per 100g/ml
Per Serving
%DI
Energy
0
0
Protein
0
0
Carbohydrate
0
0
Sugars
0
0
Sodium
7
17.5
Saturated
0
0
Energy (Cal)
0
0
Fat
0
0
Dietary Fibre (total)
0
0
* Percentage Daily Intakes are based on an average adult diet of 8700 kJ. Your daily intakes may be higher or lower depending on your energy needs.",,https://www.coles.com.au/product/coles-mixer-diet-tonic-diet-water-1.25l-5180497,,,2024-06-16T14:03:03.980466-04:00
Ind54SColes_ADrinks_SASoft drinks_IPepsi Max No Sugar Cola Soft Drink Cans Multipack 375mL x 24 Pack | 24 pack,Pepsi Max No Sugar Cola Soft Drink Cans Multipack 375mL x 24 Pack | 24 pack,Pepsi,Drinks,Soft drinks,Soft drink cans,,$34.85,Pick any 2 for $45,,$3.87 per 1L,7366022,"Pepsi Max No Sugar Soft drink offers a bold cola taste with no sugar. The smooth taste of Pepsi Max offers a deliciously refreshing and thirst-quenching cola refreshment that can be enjoyed anytime.

Pepsi Max No Sugar, has....no sugar. It's as simple as that with no taste compromise.

It's low in calories vs full sugar colas. And, in case you were wondering, it also has a bold cola taste that's comparable with full sugar cola products.

The 24 x Pepsi Max can pack is an ideal pack for enjoying at home and sharing with family or friends.

Pepsi Max soft drink is available in a range of other take-home pack sizes such as; mini cans for portion control and multi-serve bottles to suit all your cola drinking occasions.

For maximum enjoyment, drink chilled when you are looking for that fun, tasty, no sugar cola refreshment!

Pepsi Max. Max Taste, No Sugar.
Bold Taste with No Sugar

Low in Calories

On-the-Go Serve

Max Cola Refreshment",,,"Per 100g/ml
Per Serving
%DI
Energy
1.6
6kJ
0.10%
Protein
0.06
0.2
0.50%
Total Fat
0g
0g
0%
Saturated Fat
0g
0g
0%
Carbohydrate
0.06g
0.2g
0.10%
Sugars
0g
0g
0%
Sodium
13mg
49mg
2%
Dietary Fibre (total)
0g
0g
0%
* Percentage Daily Intakes are based on an average adult diet of 8700 kJ. Your daily intakes may be higher or lower depending on your energy needs.",,https://www.coles.com.au/product/pepsi-max-no-sugar-cola-soft-drink-cans-multipack-375ml-x-24-pack-24-pack-7366022,,,2024-06-16T14:03:15.377431-04:00
Ind54SColes_ADrinks_SASoft drinks_ILa Ice No Sugar Cola Soft Drink | 2L,La Ice No Sugar Cola Soft Drink | 2L,La Ice,Drinks,Soft drinks,Soft drink bottles,,$1.75,,$2.00,$0.88 per 1L,3813639,"Launched in 2000, LA Ice has gone on to become one of Australia's favourite colas. With a rich caramel flavour and great cola taste, LA Ice has become the cola alternative for consumers looking for a change from the major cola brands.",,,"Per 100g/ml
Per Serving
%DI
Energy
2kJ
6kJ
0.10%
Protein
0g
0g
0%
Total Fat
0g
0g
0%
Saturated Fat
0g
0g
0%
Carbohydrate
0.1g
0.3g
0.10%
Sugars
0g
0g
0%
Sodium
15mg
38mg
2%
Dietary Fibre (total)
0g
0g
0%
* Percentage Daily Intakes are based on an average adult diet of 8700 kJ. Your daily intakes may be higher or lower depending on your energy needs.",,https://www.coles.com.au/product/la-ice-no-sugar-cola-soft-drink-2l-3813639,,,2024-06-16T14:03:26.421602-04:00
Ind54SColes_ADrinks_SASoft drinks_IFever-Tree Premium Mixers Mediterranean Light Tonic | 500mL,Fever-Tree Premium Mixers Mediterranean Light Tonic | 500mL,Fever-Tree,Drinks,Soft drinks,Mixers,,$4.90,,,$9.80 per 1L,4819368,"In our Light version, we use fruit sugar to sweeten the drink. The rocky hillside farms of the Provence region of southern France benefit from the warm air flowing inland from the Mediterranean Sea, creating perfect growing conditions for hardy aromatic shrubs like lemon thyme. The well-drained soil and long, sun-filled days allow these plants to thrive and the flavours to deepen.
No. 1 Best Selling & Top Trending Mixer for 10 years running as voted by Drinks International

Same great taste, and made with with 46% less calories, our Light Mediterranean Tonic Water never compromises on flavour.

No artificial colours or flavours.",,,"Per 100g/ml
Per Serving
%DI
Energy
72
144
Protein
0
0
Total Fat
0
0
Saturated Fat
0
0
Carbohydrate
4.2g
8.4g
Sugars
4.2g
8.4g
Sodium
7mg
14mg
Monounsaturated
0
0
Energy (Cal)
17
34
Dietary Fibre (total)
0
0
Polyunsaturated
0
0
Trans
0
0
* Percentage Daily Intakes are based on an average adult diet of 8700 kJ. Your daily intakes may be higher or lower depending on your energy needs.",,https://www.coles.com.au/product/fever-tree-premium-mixers-mediterranean-light-tonic-500ml-4819368,,,2024-06-16T14:03:37.228807-04:00
Ind54SColes_ADrinks_SABeverages_IPepsi Cola Soft Drink Mini Cans Multipack 275mL X 6 Pack | 6 pack,Pepsi Cola Soft Drink Mini Cans Multipack 275mL X 6 Pack | 6 pack,Pepsi,Drinks,Beverages,Soft drink & energy drinks,,$6.50,,,"$3.94 per 1L
Was $9.00 on May 2024",6476808,"The smooth taste of Pepsi cola offers a deliciously refreshing and thirst-quenching soft drink that can be enjoyed anytime. Our classic and bold cola soft drink is best enjoyed chilled or poured over ice.



Pepsi Max, a bold cola taste with no sugar and no taste compromise that offers mouth-watering refreshment.


Equally if you are looking for something a bit different then try one of our deliciously refreshing Pepsi Max No Sugar Flavours; Vanilla, Mango or Creaming Soda.



The 375mL single serve Pepsi can is the perfect drink for when you need a refreshing lift when you're out and about, on the go.


Pepsi soft drink is also available in a range of take-home pack sizes such as; mini cans for portion control, larger multi-can packs and multi-serve bottles to suit all your cola drinking occasions.
Signature Pepsi cola taste

Bold & refreshing",,,"Per 100g/ml
Per Serving
%DI
Energy
185kJ
509kJ
6%
Protein
0g
0g
0%
Total Fat
0g
0g
0%
Saturated Fat
0g
0g
0%
Carbohydrate
10.9g
30.0g
10%
Sugars
10.9g
30.0g
33%
Sodium
12mg
33mg
1%
* Percentage Daily Intakes are based on an average adult diet of 8700 kJ. Your daily intakes may be higher or lower depending on your energy needs.",,https://www.coles.com.au/product/pepsi-cola-soft-drink-mini-cans-multipack-275ml-x-6-pack-6-pack-6476808,,,2024-06-16T14:03:48.450621-04:00
Ind54SColes_ADrinks_SASoft drinks_IMountain Dew Citrus Soft Drink Bottle | 1.25L,Mountain Dew Citrus Soft Drink Bottle | 1.25L,Mountain Dew,Drinks,Soft drinks,Soft drink bottles,,$2.00,,$3.00,$1.60 per 1L,9855562,"Mountain Dew Energised soft drink is a bold and distinctly refreshing citrus flavoured soft drink that quenches your thirst with an intense refreshment hit.

With its caffeinated formula, Mountain Dew provides an energised lift when you need a pick me up at any time of day or night.



The 1.25L multi-serve pack is ideal for enjoying with family and friends on any social, entertaining occasion. Mtn Dew Energised also comes in a range of take-home multi-packs to suit all your flavoured soft drink occasions and single serve packs for those thirsty moments when you're out and about on-the-go!



Mountain Dew has a strong association with gaming and is known for its iconic, refreshing, one of a kind taste. Dew provides a bold burst of citrus refreshment for those thirsty moments in life. It's more than just a soft drink, it's an expression, an experience and all about having a damn good time, which is what the MTN DEW experience is all about.



Do the Dew!
Citrus Refreshment

One of a Kind Taste

Energised Flavour",,,"Per 100g/ml
Per Serving
%DI
Energy
197kJ
493kJ
6%
Protein
0g
0g
0%
Total Fat
0g
0g
0%
Saturated Fat
0g
0g
0%
Carbohydrate
12.3g
30.8g
10%
Sugars
12.3g
30.8g
34%
Sodium
15mg
38mg
Caffeine
15mg
38mg
* Percentage Daily Intakes are based on an average adult diet of 8700 kJ. Your daily intakes may be higher or lower depending on your energy needs.",,https://www.coles.com.au/product/mountain-dew-citrus-soft-drink-bottle-1.25l-9855562,,,2024-06-16T14:04:01.970018-04:00
Ind54SColes_ADrinks_SASoft drinks_INexba Kombucha Apple Pear Ginger 4x330mL | 4 pack,Nexba Kombucha Apple Pear Ginger 4x330mL | 4 pack,Nexba,Drinks,Soft drinks,Kombucha & other drinks,,$6.95,,$8.95,$5.27 per 1L,3718332,"Stuff in the bottle: Purified sparkling water, naturally fermented kombucha (purified water, oolong tea, sugarÂ°, kombucha cultures). Nexba Natural Sweetener Blend (erythritol*, stevia), food acids (citric acid), natural pear, apple & ginger flavour, natural flavours, probiotic culture (bacillus coagulans).
Â°Sugar has been fully consumed during the extended fermentation process to produce the kombucha.
*Erythritol is naturally produced by fermentation of starches in fruits and vegetables.
*Bacillus Coagulans
Our delicious and 100% natural kombucha is brewed over 40 days with real...
Oolong tea leaves & living scoby
Good gut feels
We've spent years innovating to formulate a unique strain of smart & robust probiotic that survives the journey to your gut! These little beauties work hard to promote good gut health.",,,"Per 100g/ml
Per Serving
%DI
Energy
10kJ
32kJ
Protein
0g
0g
Total Fat
0g
0g
Saturated Fat
0g
0g
Carbohydrate
0.2g
0.5g
Sugars
0g
0g
Sodium
<1mg
<1mg
* Percentage Daily Intakes are based on an average adult diet of 8700 kJ. Your daily intakes may be higher or lower depending on your energy needs.",,https://www.coles.com.au/product/nexba-kombucha-apple-pear-ginger-4x330ml-4-pack-3718332,,,2024-06-16T14:04:13.490361-04:00
Ind54SColes_ADrinks_SASoft drinks_IWaterfords Sparkling Lite & Fruity Lemon Lime Bitter | 1L,Waterfords Sparkling Lite & Fruity Lemon Lime Bitter | 1L,Waterfords,Drinks,Soft drinks,Soft drink bottles,,$2.00,Pick any 2 for $3,,$2.00 per 1L,3047769,Low joule flavoured drink with sparkling natural mineral waterLite & Fruity 90% reduction in sugar when compared to Waterfords Full Sugar Flavoured Mineral Water.,,,"Per 100g/ml
Per Serving
%DI
Energy
9kJ
23kJ
0.30%
Protein
<1g
<1g
0%
Total Fat
<1g
<1g
0%
Saturated Fat
0g
0g
0%
Carbohydrate
0.3g
0.9g
0.30%
Sugars
0.1g
0.3g
0.30%
Sodium
14mg
35mg
1.50%
Dietary Fibre (total)
<1g
<1g
0%
* Percentage Daily Intakes are based on an average adult diet of 8700 kJ. Your daily intakes may be higher or lower depending on your energy needs.",,https://www.coles.com.au/product/waterfords-sparkling-lite-and-fruity-lemon-lime-bitter-1l-3047769,,,2024-06-16T14:04:24.792941-04:00
Ind54SColes_ADrinks_SA_ISchweppes Zero Sugar Agrum Citrus Blend Soft Drink Bottle | 1.1L,Schweppes Zero Sugar Agrum Citrus Blend Soft Drink Bottle | 1.1L,Schweppes,Drinks,,,,$3.00,,,$2.73 per 1L,3014781,"You'll love the exotic blend of fruit flavours in Schweppes Agrum Citrus Blend Zero Sugar 1.1L. Citrusy with flavours or grapefruit and mandarin blended with orange and kalamansi lime, this is one refreshing drink to enjoy on a hot day. Enjoy chilled or combine with botanical gin, lime and fruit juice for a sweet cocktail hit.
A blend of exotic flavours

Natural oils from citrus peels such as grapefruit, mandarin

Notes of bitter oranges and kalamansi lime

Contains zero sugar

Fresh and fruity with a zesty finish",,,"Per 100g/ml
Per Serving
%DI
Energy
5kJ
13kJ
Protein
0g
0g
Total Fat
0g
0g
Saturated Fat
0g
0g
Carbohydrate
0g
0g
Sugars
0g
0g
Sodium
17mg
43mg
Dietary Fibre (total)
0g
0g
* Percentage Daily Intakes are based on an average adult diet of 8700 kJ. Your daily intakes may be higher or lower depending on your energy needs.",,https://www.coles.com.au/product/schweppes-zero-sugar-agrum-citrus-blend-soft-drink-bottle-1.1l-3014781,,,2024-06-16T14:04:35.780707-04:00
Ind54SColes_ADrinks_SABeverages_ISchweppes Lemonade Multipack Mini Cans 275mL x 6 Pack | 6 pack,Schweppes Lemonade Multipack Mini Cans 275mL x 6 Pack | 6 pack,Schweppes,Drinks,Beverages,Soft drink & energy drinks,,$6.50,,,"$3.94 per 1L
Was $9.00 on May 2024",6476783,"With a harmonious blend of lemon and lime oils, Schweppes Lemonade 200mL delivers a zesty, crisp taste to delight your senses. It's handcrafted by Schweppes' Master Blenders, making it an iconic drink to share with friends and family. Enjoy chilled on its own, or mix into cocktails.
Hand crafted recipe by Schweppes' Master Blenders

Bespoke blend of lemon and lime oils

Inspired by the original Schweppes Aerated Lemonade from 1838

Crisp, clean taste

A drink loved by generations",,,"Per 100g/ml
Per Serving
%DI
Energy
143kJ
393kJ
Protein
0g
0g
Total Fat
0g
0g
Saturated Fat
0g
0g
Carbohydrate
8.2g
22.6g
Sugars
8.2g
22.6g
Sodium
10mg
28mg
* Percentage Daily Intakes are based on an average adult diet of 8700 kJ. Your daily intakes may be higher or lower depending on your energy needs.",,https://www.coles.com.au/product/schweppes-lemonade-multipack-mini-cans-275ml-x-6-pack-6-pack-6476783,,,2024-06-16T14:04:47.743214-04:00
Ind54SColes_ADrinks_SABeverages_IFanta Soft Drink Fanta Orange | 2L,Fanta Soft Drink Fanta Orange | 2L,Fanta,Drinks,Beverages,Soft drink & energy drinks,,$3.00,,,"$1.50 per 1L
Was $3.40 on Apr 2024",224857,"Bright, bubbly and popular, Fanta is the orange soft drink with a tingly, fruity and bold taste. With no artificial colours, Fanta softd rink is perfect for enjoying with friends, on the go or having with meals. Fanta Orange is available in cans, mini cans, single serve and sharing size bottles as well as multipacks.
Bold fruity taste

No artificial colours

Orange flavour

Bring home flavour

Orange flavour",,,"Per 100g/ml
Per Serving
%DI
Energy
127
316
2
Protein
0
0
0
Total Fat
0
0
0
Saturated Fat
0
0
0
Carbohydrate
7.3
18
4
Sugars
7.2
18
13
Sodium
1.1
2.7
0.7
Energy (Cal)
30
76
2
Dietary Fibre (total)
0
0
0
* Percentage Daily Intakes are based on an average adult diet of 8700 kJ. Your daily intakes may be higher or lower depending on your energy needs.",,https://www.coles.com.au/product/fanta-soft-drink-fanta-orange-2l-224857,,,2024-06-16T14:04:59.871655-04:00
Ind54SColes_ADrinks_SASoft drinks_ICoca-Cola Raspberry Zero Sugar Soft Drink Bottle | 1.25L,Coca-Cola Raspberry Zero Sugar Soft Drink Bottle | 1.25L,Coca-Cola,Drinks,Soft drinks,Soft drink bottles,,$3.85,Pick any 2 for $5.60,,$3.08 per 1L,6421271,"Try NEW Coca-Cola Zero Sugar Raspberry. Coca-Cola Zero Sugar Raspberry mixes refreshing Coca-Cola taste with the sensational taste of raspberry. The zero sugar drink is a delicious twist.
Classic Coke Taste with a Twist

Raspberry flavour

Serve Drink Cold for Maximum Refreshmen

A Quality Product of The Coca-Cola Company

600mL PET",,,"Per 100g/ml
Per Serving
%DI
Energy
1.7
4.2
0.1
Protein
0.02
0.06
0.1
Total Fat
0
0
0
Saturated Fat
0
0
0
Carbohydrate
0.03
0.08
0.1
Sugars
0
0
0
Sodium
4.1
10.3
0.4
Energy (Cal)
0.4
1
0.1
Dietary Fibre (total)
0
0
0
* Percentage Daily Intakes are based on an average adult diet of 8700 kJ. Your daily intakes may be higher or lower depending on your energy needs.","Carbonated water, colour (150d), food acids (338, 331), flavour, sweeteners (951, 950), caffeine.",https://www.coles.com.au/product/coca-cola-raspberry-zero-sugar-soft-drink-bottle-1.25l-6421271,,,2024-06-16T14:05:11.064097-04:00
Ind54SColes_ADrinks_SASoft drinks_IRemedy Sodaly Lemon Lime Bitter 4x250mL | 4 pack,Remedy Sodaly Lemon Lime Bitter 4x250mL | 4 pack,Remedy,Drinks,Soft drinks,Kombucha & other drinks,,$6.00,,$8.00,$6.00 per 1L,6210141,"A classy hand-crafted take on traditional Lemon, Lime & Bitters made for good times with no sugar, for real. Fresh lemon and lime is paired with aromatic clove and cinnamon for a full flavoured and elegant soft drink. Breezy, refreshing and sophisticated, this sparky little number is perfect on its own or used as a mixer.
Sugar Free, for real
All natural
Full of Flavour
Low in Calories
Vegan friendly
Gluten Free",,,"Per 100g/ml
Per Serving
%DI
Energy
13kJ
32kJ
Protein
<1g
<1g
Total Fat
<1g
<1g
Saturated Fat
<1g
<1g
Carbohydrate
0.1g
0.3g
Sugars
0g
0g
Sodium
<5mg
<5mg
Dietary Fibre (total)
<1g
<1g
* Percentage Daily Intakes are based on an average adult diet of 8700 kJ. Your daily intakes may be higher or lower depending on your energy needs.",,https://www.coles.com.au/product/remedy-sodaly-lemon-lime-bitter-4x250ml-4-pack-6210141,,,2024-06-16T14:05:22.901911-04:00
Ind54SColes_ADrinks_SASoft drinks_IFanta Pineapple Zero Sugar Mini Cans 6x250mL | 6 pack,Fanta Pineapple Zero Sugar Mini Cans 6x250mL | 6 pack,Fanta,Drinks,Soft drinks,Soft drink cans,,$6.75,,$9.20,$4.50 per 1L,7714570,"Bright, bubbly and popular, Fanta Pineapple is a sparkling soft drink with delicious pineapple flavour. Fanta Pineapple softdrink is perfect for relaxing at home, on the go or having with meals. Fanta Pineapple is available in single serve and sharing size bottles.
Bold Fruity Taste

A Quality Product of The Coca-Cola Company

Pineapple Flavour

250mL Soft Drink

Bring Home Flavour",,,"Per 100g/ml
Per Serving
%DI
Energy
2.4
6
Protein
0
0
Total Fat
0
0
Saturated Fat
0
0
Carbohydrate
0.02
0.04
Sugars
0
0
Sodium
6.8
17
Energy (Cal)
0.6
1.4
Dietary Fibre (total)
0
0
* Percentage Daily Intakes are based on an average adult diet of 8700 kJ. Your daily intakes may be higher or lower depending on your energy needs.",,https://www.coles.com.au/product/fanta-pineapple-zero-sugar-mini-cans-6x250ml-6-pack-7714570,,,2024-06-16T14:05:33.881427-04:00
Ind54SColes_ADrinks_SASoft drinks_INexba Mango Kombucha 4X330mL | 4 pack,Nexba Mango Kombucha 4X330mL | 4 pack,Nexba,Drinks,Soft drinks,Kombucha & other drinks,,$6.95,,$8.95,$5.27 per 1L,3803792,"Good gut feels
We've spent years innovating to formulate a unique strain of smart & robust probiotic that survives the journey to your gut! These little beauties work hard to promote good gut health.
Our delicious and 100% natural kombucha is brewed over 40 days with real... Oolong tea leaves & living scoby",,,"Per 100g/ml
Per Serving
%DI
Energy
11kJ
37kJ
Protein
0g
0g
Total Fat
0g
0g
Saturated Fat
0g
0g
Carbohydrate
0.2g
0.5g
Sugars
0g
0g
Sodium
<1mg
<1mg
Dietary Fibre (total)
0g
0g
* Percentage Daily Intakes are based on an average adult diet of 8700 kJ. Your daily intakes may be higher or lower depending on your energy needs.",,https://www.coles.com.au/product/nexba-mango-kombucha-4x330ml-4-pack-3803792,,,2024-06-16T14:05:45.178429-04:00
Ind54SColes_ADrinks_SASoft drinks_ISolo Thirst Crusher Original Lemon Soft Drink Cans Multipack 375mL x 10 Pack | 10 pack,Solo Thirst Crusher Original Lemon Soft Drink Cans Multipack 375mL x 10 Pack | 10 pack,Solo,Drinks,Soft drinks,Soft drink cans,,$9.00,,$18.00,$2.40 per 1L,2684144,"Introducing Solo Thirst Crusher Original Lemon, the perfect thirst-quenching drink that is sure to satisfy your taste buds. Made with 5% crushed lemons to ensure that every sip is packed with a deliciously tangy lemon flavour that is simply irresistible.

Ideal for those hot, summer days when you need to cool down, Solo Thirst Crusher Original Lemon is available in a convenient 10 x 375mL pack, making it perfect for sharing with family and friends. Whether you are enjoying a picnic in the park, heading to the beach, or simply relaxing at home, Solo Thirst Crusher Original Lemon is the perfect drink to keep you hydrated and refreshed.

And, if you're looking for a drink that is both delicious and refreshing, Solo Thirst Crusher Original Lemon is the way to go.

So why wait? Order your pack of Solo Thirst Crusher Original Lemon today and experience the deliciously refreshing taste of natural lemons in every sip. With its fantastic taste, Solo Thirst Crusher Original Lemon is the perfect drink for anyone who wants to stay fresh and hydrated throughout the day.
Made with 5% crushed lemons for tangy flavour

Free from artificial colours and flavours for a healthier choice

Convenient 10 x 375mL pack for sharing with family and friends

Ultimate thirst crusher for those hot summer days

Deliciously refreshing taste of natural lemons in every sip",,,"Per 100g/ml
Per Serving
%DI
Energy
200kJ
750kJ
9%
Protein
0.05g
0.2g
0.40%
Total Fat
0g
0g
0%
Saturated Fat
0g
0g
0%
Carbohydrate
11.5g
43.1g
14%
Sugars
11.5g
43.1g
48%
Sodium
18mg
68mg
3%
* Percentage Daily Intakes are based on an average adult diet of 8700 kJ. Your daily intakes may be higher or lower depending on your energy needs.",,https://www.coles.com.au/product/solo-thirst-crusher-original-lemon-soft-drink-cans-multipack-375ml-x-10-pack-10-pack-2684144,,,2024-06-16T14:05:57.210134-04:00
Ind54SColes_ADrinks_SASoft drinks_ISchweppes Zero Sugar Lemonade Soft Drink Bottle | 1.1L,Schweppes Zero Sugar Lemonade Soft Drink Bottle | 1.1L,Schweppes,Drinks,Soft drinks,Soft drink bottles,,$3.00,,,$2.73 per 1L,3270238,"Quench your thirst with the tangy and crisp taste of Schweppes Lemonade Zero Sugar. This refreshing drink is perfect for those who want to enjoy the classic taste of lemonade without the sugar. Made with natural lemon flavour, it's a beloved refreshment that will keep you feeling refreshed all day long.

Schweppes Lemonade Zero Sugar is a sugar-free version of the original 1835 recipe that has been adored by Aussies for generations. This 1.1L bottle brings the same fresh flavour with no added sugar, making it a healthier alternative to traditional lemonade.

Crafted with a mix of lemon and lime, Schweppes Lemonade Zero Sugar has a crisp, clean taste that is perfect for hot summer days. It's also a great mixer for your favourite cocktails, adding a zesty twist to your favourite drinks.
Refreshing zero sugar beverage with natural lemon flavour.

Great tasting low calorie lemonade in a large bottle.

Crisp, tangy, and perfect for any occasion.

Convenient 1.1L size for sharing with friends and family.

A great party pleasing option to bring everyone together",,,"Per 100g/ml
Per Serving
%DI
Energy
6kJ
15kJ
Protein
0g
0g
Total Fat
0g
0g
Saturated Fat
0g
0g
Carbohydrate
0g
0g
Sugars
0g
0g
Sodium
9mg
23mg
Dietary Fibre (total)
0g
0g
* Percentage Daily Intakes are based on an average adult diet of 8700 kJ. Your daily intakes may be higher or lower depending on your energy needs.",,https://www.coles.com.au/product/schweppes-zero-sugar-lemonade-soft-drink-bottle-1.1l-3270238,,,2024-06-16T14:06:08.677226-04:00
Ind54SColes_ADrinks_SASoft drinks_IBundaberg Brewed Ginger Beer | 750mL,Bundaberg Brewed Ginger Beer | 750mL,Bundaberg,Drinks,Soft drinks,Mixers,,$3.55,,,$4.73 per 1L,5037234,"The iconic taste of Bundaberg Ginger Beer starts with homegrown Aussie ginger, including ginger from our very own farm. Our Master Brewers then brew over 3 days to our traditional family recipe, the same we've used for 4 generations.
Hold a bottle up to the light and you'll see real ginger pieces suspended throughout. Be sure to invert the bottle before opening to enjoy the full refreshing flavour.
Real Aussie Ginger
Brewed over 3 days
Australian family owned
Best enjoyed cold",,,"Per 100g/ml
Per Serving
%DI
Energy
182kJ
455kJ
5%
Protein
<0g
<0g
0%
Total Fat
<0g
<0g
0%
Saturated Fat
<0g
<0g
0%
Carbohydrate
10.7g
26.8g
9%
Sugars
10.6g
26.5g
29%
Sodium
11mg
28mg
1%
* Percentage Daily Intakes are based on an average adult diet of 8700 kJ. Your daily intakes may be higher or lower depending on your energy needs.","Carbonated Water, Cane Sugar, Ginger Root, Natural Flavours, Acid (Citric Acid), Yeast, Preservatives (202, 211), Antioxidant (Ascorbic Acid)",https://www.coles.com.au/product/bundaberg-brewed-ginger-beer-750ml-5037234,,,2024-06-16T14:06:19.680142-04:00
Ind54SColes_ADrinks_SASoft drinks_ICoca-Cola Zero Sugar Vanilla Soft Drink Multipack Bottles 12x300mL | 12 pack,Coca-Cola Zero Sugar Vanilla Soft Drink Multipack Bottles 12x300mL | 12 pack,Coca-Cola,Drinks,Soft drinks,Soft drink bottles,,$11.40,,$19.00,$3.17 per 1L,5192816,"Coca-Cola Vanilla Zero Sugar has the refreshing Coca-Cola taste with the sweet aroma of vanilla and Zero sugar, making it a delicious twist on an old favourite. Coca-Cola Vanilla soft drink is available in multipack cans, single serve bottles and sharing size bottles. There's a pack for almost any occasion.
Classic Coke Taste with a Twist

Hint of Vanilla

No Sugar

300mL Bottle

Serve Drink Cold for Maximum Refreshment",,,"Per 100g/ml
Per Serving
%DI
Energy
1
3
0.1
Protein
0.05
0.2
0.4
Total Fat
0
0
0
Saturated Fat
0
0
0
Carbohydrate
0.1
0.3
0.1
Sugars
0
0
0
Sodium
1
3
0.1
Energy (Cal)
0.2
0.7
0.1
Dietary Fibre (total)
0
0
0
* Percentage Daily Intakes are based on an average adult diet of 8700 kJ. Your daily intakes may be higher or lower depending on your energy needs.","Carbonated Water, Colour (150d), Food Acids (338, 332), Sweeteners (951, 950), Flavour, caffeine.",https://www.coles.com.au/product/coca-cola-zero-sugar-vanilla-soft-drink-multipack-bottles-12x300ml-12-pack-5192816,,,2024-06-16T14:06:31.229214-04:00
Ind54SColes_ADrinks_SASoft drinks_ISanpellegrino Chinotto Drink Cans | 4 pack,Sanpellegrino Chinotto Drink Cans | 4 pack,Sanpellegrino,Drinks,Soft drinks,Soft drink cans,,$7.50,,,$9.38 per 1L,3733369,"SANPELLEGRINO Italian Sparkling Drinks Chinotto (Citrus) 4 x 330mL Cans

A 'cult drink' from the 1950s, SANPELLEGRINO Chinotto is a sparkling fruit drink with the unmistakable taste of the chinotto citrus fruit. This small citrus gets its distinctive bittersweet tastes from the unique conditions of the Mediterranean land. SANPELLEGRINO Chinotto expertly combines carefully selected chinotto extract that provides a full-bodied taste that balances sweet and bitter with smooth hints of cinnamon and rhubarb.

SANPELLEGRINO Traditional is a classic range of drinks bursting with the flavours of sun-ripened fruit from Italy and the Mediterranean, enhanced by the addition of sparkling water and natural aromas for drinks that call for tasty time-outs.

Every can of SANPELLEGRINO contains the excellence of quality fruit and an expertise that has made SANPELLEGRINO Italian Sparkling Drinks an Italian tradition since 1932. The aroma and taste of these extraordinary drinks bring to you the wonderful Mediterranean, known for its breathtaking landscapes, rich soils and temperate climate.

Discover classic Mediterranean fruit flavours and take the time for taste with SANPELLEGRINO Italian Sparkling Drinks.

Bottled in Italy.",,,"Per 100g/ml
Per Serving
%DI
Energy
181kJ
597kJ
7%
Protein
0g
0g
0.0%
Total Fat
0g
0g
0.0%
Saturated Fat
0g
0g
0.0%
Carbohydrate
10g
33g
11.0%
Sugars
10g
33g
13.0%
Sodium
20mg
66mg
3.0%
Dietary Fibre (total)
0g
0g
0.0%
* Percentage Daily Intakes are based on an average adult diet of 8700 kJ. Your daily intakes may be higher or lower depending on your energy needs.",,https://www.coles.com.au/product/sanpellegrino-chinotto-drink-cans-4-pack-3733369,,,2024-06-16T14:06:42.517576-04:00
Ind54SColes_ADrinks_SASoft drinks_IQue Cola No Sugar Cola | 1.25L,Que Cola No Sugar Cola | 1.25L,Que Cola,Drinks,Soft drinks,Soft drink bottles,,$1.20,,,$0.96 per 1L,3243563,"A refreshing range of colas exclusive to Coles supermarkets, Que is available in Regular and No Sugar. Great taste and well priced! Taste the difference.",,,"Per 100g/ml
Per Serving
%DI
Energy
2kJ
6kJ
0.10%
Protein
0g
0g
0%
Total Fat
0g
0g
0%
Saturated Fat
0g
0g
0%
Carbohydrate
0.1g
0.3g
0.10%
Sugars
0g
0g
0%
Sodium
15mg
38mg
2%
Dietary Fibre (total)
0g
0g
0%
* Percentage Daily Intakes are based on an average adult diet of 8700 kJ. Your daily intakes may be higher or lower depending on your energy needs.",,https://www.coles.com.au/product/que-cola-no-sugar-cola-1.25l-3243563,,,2024-06-16T14:06:53.789096-04:00
Ind54SColes_ADrinks_SASoft drinks_ICoca-Cola Zero Sugar Soft Drink Multipack Cans 10x375mL | 10 pack,Coca-Cola Zero Sugar Soft Drink Multipack Cans 10x375mL | 10 pack,Coca-Cola,Drinks,Soft drinks,Soft drink cans,,$19.00,Pick any 2 for $25,,$5.07 per 1L,2993739,"Coca-Cola Zero Sugar is a deliciously light choice for those who want the classic taste of Coke with no sugar. Whether sharing with family and friends or accompanying a meal, Coca-Cola Zero Sugar has a pack for almost any occasion. Coca-Cola Zero Sugar soft drink is available in cans, mini cans, single serve and sharing size bottles as well as multipacks.
The Coke Taste You Love with No Sugar and Low Calories

Serve Drink Cold for Maximum Refreshment

A Quality Product of The Coca-Cola Company

Perfect for drinking on the go, having with a meal or relaxing with at home.

Serve Drink Cold for Maximum Refreshment",,,"Per 100g/ml
Per Serving
%DI
Energy
1.2
4.5
0.1
Protein
0.02
0.09
0.2
Total Fat
0
0
0
Saturated Fat
0
0
0
Carbohydrate
0.03
0.1
0.1
Sugars
0
0
0
Sodium
4.1
15
0.7
Energy (Cal)
0.3
1.1
0.1
Dietary Fibre (total)
0
0
0
* Percentage Daily Intakes are based on an average adult diet of 8700 kJ. Your daily intakes may be higher or lower depending on your energy needs.",,https://www.coles.com.au/product/coca-cola-zero-sugar-soft-drink-multipack-cans-10x375ml-10-pack-2993739,,,2024-06-16T14:07:04.760761-04:00
Ind54SColes_ADrinks_SASoft drinks_IBundaberg Craft Brewed Drink Traditional Lemonade 4x375mL | 4 pack,Bundaberg Craft Brewed Drink Traditional Lemonade 4x375mL | 4 pack,Bundaberg,Drinks,Soft drinks,Mixers,,$7.35,,,$4.90 per 1L,2027416,The zesty taste of yesteryear is captured in Bundaberg Traditional Lemonade. Brewed over 3 days using Aussie Eureka Lemons. Be sure to invert the bottle before drinking for the best flavour experience. - Real Australian Lemons - Brewed over 3 days - Australian family owned - Best enjoyed cold,,,"Per 100g/ml
Per Serving
%DI
Energy
196kJ
733kJ
8%
Protein
<1g
<1g
Total Fat
<1g
<1g
Saturated Fat
<1g
<1g
Carbohydrate
11.5g
43.1g
14%
Sugars
11.5g
43.1g
48%
Sodium
14mg
52mg
2%
* Percentage Daily Intakes are based on an average adult diet of 8700 kJ. Your daily intakes may be higher or lower depending on your energy needs.","Carbonated Water, Cane Sugar, Lemon Juice from Concentrate (5%), Lemon Brew (4.5%) (Water, Lemon Puree, Cane Sugar, Yeast), Flavours, Acid (Citric Acid), Preservative (211).",https://www.coles.com.au/product/bundaberg-craft-brewed-drink-traditional-lemonade-4x375ml-4-pack-2027416,,,2024-06-16T14:07:15.906761-04:00
Ind54SColes_ADrinks_SASoft drinks_ISchweppes Zero Sugar Lemon Lime Bitters Soft Drink Classic Mixers Multipack Bottles 300mL x 4 Pack | 4 pack,Schweppes Zero Sugar Lemon Lime Bitters Soft Drink Classic Mixers Multipack Bottles 300mL x 4 Pack | 4 pack,Schweppes,Drinks,Soft drinks,Mixers,,$7.40,,,$6.17 per 1L,3752782,"Indulge in a classic drink without the sugar of sugar intake with Schweppes Classic Mixers Lemon Lime & Bitters Zero Sugar 4 x 300mL. Perfect for any occasion, this beloved Australian combination of aromatic bitters and zesty lemon and lime juices makes for a refreshing and satisfying beverage.

Whether you're hosting a party or enjoying a quiet night in, Schweppes Classic Mixers Lemon Lime & Bitters Zero Sugar is the ideal mixer for any occasion. Serve it over ice with a slice of lemon for a refreshing summer drink or mix it with your favourite alcohol for a delicious cocktail.

This zero sugar classic mixer is not only a crowd-pleaser but also a great alternative to traditional sugary drinks. Perfect for family gatherings and hot summer days, Schweppes Classic Mixers Lemon Lime & Bitters Zero Sugar will leave you feeling refreshed and energised.

So, why wait? Grab your bottle of Schweppes Classic Mixers Lemon Lime & Bitters Zero Sugar 4 x 300mL now and experience the perfect blend of sweet and tangy flavours. Enjoy the classic taste of this Australian favourite with zero sugar and indulge in every sip, sugar-free.
Enjoy the classic flavour of Australian lemon lime & bitters sugar-free

Perfect for any occasion

parties, gatherings, or a quiet night in

A great alternative to traditional sugary drinks

Refreshing and satisfying whether served alone or mixed with alcohol",,,"Per 100g/ml
Per Serving
%DI
Energy
11kJ
33kJ
Protein
0g
0g
Total Fat
0g
0g
Saturated Fat
0g
0g
Carbohydrate
0g
0g
Sugars
0g
0g
Sodium
20mg
60mg
Dietary Fibre (total)
0g
0g
* Percentage Daily Intakes are based on an average adult diet of 8700 kJ. Your daily intakes may be higher or lower depending on your energy needs.",,https://www.coles.com.au/product/schweppes-zero-sugar-lemon-lime-bitters-soft-drink-classic-mixers-multipack-bottles-300ml-x-4-pack-4-pack-3752782,,,2024-06-16T14:07:27.014760-04:00
Ind54SColes_ADrinks_SASoft drinks_ISchweppes Lemonade Soft Drink Bottle | 1.1L,Schweppes Lemonade Soft Drink Bottle | 1.1L,Schweppes,Drinks,Soft drinks,Soft drink bottles,,$3.00,,,$2.73 per 1L,3270191,"With a harmonious blend of lemon and lime oils, Schweppes Lemonade 1.1L delivers a zesty, crisp taste to delight your senses. It's handcrafted by Schweppes' Master Blenders, making it an iconic drink to share with friends and family. Enjoy chilled on its own, or mix into cocktails.
Hand crafted recipe by Schweppes' Master Blenders

Bespoke blend of lemon and lime oils

Inspired by the original Schweppes Aerated Lemonade from 1835

Crisp, clean taste

A drink loved by generations",,,"Per 100g/ml
Per Serving
%DI
Energy
143kJ
358kJ
Protein
0g
0g
Total Fat
0g
0g
Saturated Fat
0g
0g
Carbohydrate
8.2g
20.5g
Sugars
8.2g
20.5g
Sodium
6mg
15mg
* Percentage Daily Intakes are based on an average adult diet of 8700 kJ. Your daily intakes may be higher or lower depending on your energy needs.","Carbonated Water, Sugar, Food Acids (330, 331), Natural Flavours (With Lime & Lemon Oils).",https://www.coles.com.au/product/schweppes-lemonade-soft-drink-bottle-1.1l-3270191,,,2024-06-16T14:07:39.575369-04:00
Ind54SColes_ADrinks_SASoft drinks_ICoca-Cola Zero Sugar Soft Drink Bottle | 2L,Coca-Cola Zero Sugar Soft Drink Bottle | 2L,Coca-Cola,Drinks,Soft drinks,Soft drink bottles,,$3.90,,,$1.95 per 1L,3029790,"Coca-Cola Zero Sugar is a deliciously light choice for those who want the classic taste of Coke with no sugar. Whether sharing with family and friends or accompanying a meal, Coca-Cola Zero Sugar has a pack for almost any occasion. Coca-Cola Zero Sugar soft drink is available in cans, mini cans, single serve and sharing size bottles as well as multipacks.
The Coke Taste You Love with No Sugar and Low Calories

Serve Drink Cold for Maximum Refreshment

A Quality Product of The Coca-Cola Company

Perfect for drinking on the go, having with a meal or relaxing with at home.

Serve Drink Cold for Maximum Refreshment",,,"Per 100g/ml
Per Serving
%DI
Energy
1.2
3
0.1
Protein
0.02
0.06
0.1
Total Fat
0
0
0
Saturated Fat
0
0
0
Carbohydrate
0.03
0.08
0.1
Sugars
0
0
0
Sodium
4.1
10.3
0.4
Energy (Cal)
0.3
0.7
0.1
Dietary Fibre (total)
0
0
0
* Percentage Daily Intakes are based on an average adult diet of 8700 kJ. Your daily intakes may be higher or lower depending on your energy needs.",,https://www.coles.com.au/product/coca-cola-zero-sugar-soft-drink-bottle-2l-3029790,,,2024-06-16T14:07:50.557490-04:00
Ind54SColes_ADrinks_SASoft drinks_IRemedy Kombucha Passionfruit | 1.25L,Remedy Kombucha Passionfruit | 1.25L,Remedy,Drinks,Soft drinks,Kombucha & other drinks,,$8.95,,,$7.16 per 1L,7035900,"We're pretty passionate about this flavour (see what we did there?). It's the summer lover you've been waiting for that will be with you all year round. It's light, fun and fresh for easy drinking in the sun. Remedy Kombucha contains:
No sugar, for real
All natural ingredients
Certified Organic
Low on Calories
Vegan
Gluten Free
A-Ok in or out of the fridge",,,"Per 100g/ml
Per Serving
%DI
Energy
12kJ
30kJ
Protein
<1g
<1g
Total Fat
<1g
<1g
Saturated Fat
<1g
<1g
Carbohydrate
<1g
<1g
Sugars
0g
0g
Sodium
<5mg
<5mg
Dietary Fibre (total)
<1g
<1g
* Percentage Daily Intakes are based on an average adult diet of 8700 kJ. Your daily intakes may be higher or lower depending on your energy needs.",,https://www.coles.com.au/product/remedy-kombucha-passionfruit-1.25l-7035900,,,2024-06-16T14:08:01.457396-04:00
Ind54SColes_ADrinks_SASoft drinks_IFever Tree Soda Lime & Yuzu 200mL | 4 pack,Fever Tree Soda Lime & Yuzu 200mL | 4 pack,Fever Tree,Drinks,Soft drinks,Mixers,,$9.00,,,$11.25 per 1L,3944740,"Our Lime & Yuzu Soda is made with Tahiti lime from Mexico's fertile groves in addition to pressed oil extract from the wonderfully floral Japanese yuzu, for their unique flavour profiles that add a wonderful lightness to our Lime & Yuzu Soda.
No. 1 Best Selling & Top Trending Mixer for 10 years running as voted by Drinks International

Packed with zestiness and citrus notes, this widely-loved soda has only 16 calories per 100mls, making it a guilt-free choice when enjoying mixing with spirits or sipping as a sophisticated soft drink.

No artificial colours or flavours.",,,,,https://www.coles.com.au/product/fever-tree-soda-lime-and-yuzu-200ml-4-pack-3944740,,,2024-06-16T14:08:10.403162-04:00
Ind54SColes_ADrinks_SASoft drinks_ICapi Tonic Water Low Sugar | 4 pack,Capi Tonic Water Low Sugar | 4 pack,Capi,Drinks,Soft drinks,Mixers,,$8.00,,,$2.00 per 1ea,3834344,"Meet CAPI - premium, all-natural drinks that are bottled at the source and Clearly Australian.
With less than 25 calories per serve, CAPI Low Sugar Tonic is naturally flavoured with a hint of mandarin and monk fruit for subtle sweetness. It is 100% natural with no artificial sweeteners and uses the best quality, real quinine.
All natural & no preservatives
Made using real quinine
Low calorie
Glass bottled
Australian-made
Enjoy it over ice, paired with gin, vodka, tequila, rum and citrus non-alcoholic spirits. Garnish with fresh grapefruit or mandarin.",,,"Per 100g/ml
Per Serving
%DI
Energy
41.8kJ
105kJ
Protein
<0.15g
<0.36g
Total Fat
<0.2g
<0.5g
Saturated Fat
<0g
<0g
Carbohydrate
2.5g
6.25g
Sugars
2.5g
6.25g
Sodium
1.5mg
3.75mg
* Percentage Daily Intakes are based on an average adult diet of 8700 kJ. Your daily intakes may be higher or lower depending on your energy needs.",,https://www.coles.com.au/product/capi-tonic-water-low-sugar-4-pack-3834344,,,2024-06-16T14:08:22.490035-04:00
Ind54SColes_ADrinks_SA_ISchweppes Soda Water Bottle Classic Mixers Glass Multipack 300mL x 4 Pack | 4 pack,Schweppes Soda Water Bottle Classic Mixers Glass Multipack 300mL x 4 Pack | 4 pack,Schweppes,Drinks,,,,$7.40,,,$6.17 per 1L,7351965,"Indulge in the sparkling taste of Schweppes Classic Mixers Soda Water 4 x 300mL. This refreshing drink is perfect for those who love to add a touch of fizz to their daily routine. Made with the finest mineral salts and pristine triple filtered water, the delicate bubbles of Schweppervescence give this soda water a crisp, delightful taste that you can enjoy anytime, anywhere.

Schweppes Classic Mixers Soda Water 4 x 300mL is not only a delicious drink on its own, but it is also a versatile mixer that can be paired with your preferred alcohol. Whether you are throwing a party or simply unwinding after a long day, a splash of Schweppes Classic Mixers Soda Water can take your drink to the next level.

This classic mixer is perfect for those who appreciate quality and taste. The subtle nuances of mineral salts and the light, refreshing bubbles create a delightful drinking experience that is hard to beat. Served chilled and garnished with fresh lemon, lime, or orange slices, Schweppes Classic Mixers Soda Water is the perfect complement to any meal or occasion.

Experience the magic of Schweppervescence and treat your taste buds to the perfect balance of flavors with Schweppes Classic Mixers Soda Water 4 x 300mL. Indulge in a drink that is both refreshing and sophisticated, and elevate your beverage game to the next level. Try it today and get ready to be blown away by the delightful taste of this classic drink.
Refreshing and versatile; perfect as both a standalone drink and mixer.

Made with the finest mineral salts and triple-filtered water.

Enjoy a crisp and delightful taste with Schweppervescence bubbles.

Suitable for those who appreciate quality and sophistication.

Elevate your beverage game with the perfect balance of flavors.",,,"Per 100g/ml
Per Serving
%DI
Energy
0kJ
0kJ
Protein
0g
0g
Total Fat
0g
0g
Saturated Fat
0g
0g
Carbohydrate
0g
0g
Sugars
0g
0g
Sodium
1mg
3mg
* Percentage Daily Intakes are based on an average adult diet of 8700 kJ. Your daily intakes may be higher or lower depending on your energy needs.",,https://www.coles.com.au/product/schweppes-soda-water-bottle-classic-mixers-glass-multipack-300ml-x-4-pack-4-pack-7351965,,,2024-06-16T14:08:34.611619-04:00
Ind54SColes_ADrinks_SASoft drinks_IKirks Sugar Free Orange Soft Drink Bottle | 1.25L,Kirks Sugar Free Orange Soft Drink Bottle | 1.25L,Kirks,Drinks,Soft drinks,Soft drink bottles,,$1.60,,$2.70,$1.28 per 1L,6421362,"This isn't just any orange flavoured drink, this is Kirks! As classic as a refreshing ocean dip on a hot summer's day. Made in Australia with no artificial colours and flavours, this beverage is an Aussie favourite, providing fun and delicious refreshment for any occasion. Enjoy an amazing tangy taste, without the sugar!Kirks Orange Sugar Free is also available in 1.25L bottles.
Tangy and delicious Orange Flavour

No artificial colours or flavours

Fun refreshment for any occasion

Made in Australia

Sugar free",,,"Per 100g/ml
Per Serving
%DI
Energy
4.1
10.2
0.1
Protein
0
0
0
Total Fat
0
0
Saturated Fat
0
0
0
Carbohydrate
0.01
0.02
0
Sugars
0
0
0
Sodium
8.2
20
0.9
Energy (Cal)
1
2.4
0.1
Dietary Fibre (total)
0
0
0
* Percentage Daily Intakes are based on an average adult diet of 8700 kJ. Your daily intakes may be higher or lower depending on your energy needs.","Carbonated Water, Food Acid (330), Flavour, Sweeteners (950, 952, 955), Colour (120), Preservative (211).",https://www.coles.com.au/product/kirks-sugar-free-orange-soft-drink-bottle-1.25l-6421362,,,2024-06-16T14:50:26.186452-04:00
Ind54SColes_ADrinks_SASoft drinks_ICoca-Cola Zero Sugar Soft Drink Multipack Bottles 12x300mL | 12 pack,Coca-Cola Zero Sugar Soft Drink Multipack Bottles 12x300mL | 12 pack,Coca-Cola,Drinks,Soft drinks,Soft drink cans,,$11.40,,$19.00,$3.17 per 1L,1492374,"Coca-Cola Zero Sugar is a deliciously light choice for those who want the classic taste of Coke with no sugar. Whether sharing with family and friends or accompanying a meal, Coca-Cola Zero Sugar has a pack for almost any occasion. Coca-Cola Zero Sugar soft drink is available in cans, mini cans, single serve and sharing size bottles as well as multipacks.
The Coke Taste You Love with No Sugar and Low Calories

Serve Drink Cold for Maximum Refreshment

A Quality Product of The Coca-Cola Company

Perfect for drinking on the go, having with a meal or relaxing with at home.

Serve drink cold for Maximum refreshment.",,,"Per 100g/ml
Per Serving
%DI
Energy
1.2
3.6
0.1
Protein
0.02
0.07
0.1
Total Fat
0
0
0
Saturated Fat
0
0
0
Carbohydrate
0.03
0.1
0.1
Sugars
0
0
0
Sodium
4.1
12.3
0.5
Energy (Cal)
0.3
0.9
0.1
Dietary Fibre (total)
0
0
0
* Percentage Daily Intakes are based on an average adult diet of 8700 kJ. Your daily intakes may be higher or lower depending on your energy needs.",,https://www.coles.com.au/product/coca-cola-zero-sugar-soft-drink-multipack-bottles-12x300ml-12-pack-1492374,,,2024-06-16T14:50:37.388464-04:00
Ind54SColes_ADrinks_SASoft drinks_IFever-Tree Premium Mixer Light Indian Tonic Water 8x150mL | 8 pack,Fever-Tree Premium Mixer Light Indian Tonic Water 8x150mL | 8 pack,Fever-Tree,Drinks,Soft drinks,Mixers,,$12.50,,,$10.42 per 1L,6519092,"Our Light Indian Tonic Water uses fruit sugar to provide the traditional sweet balance to the bitterness of the quinine, which is sourced from the deep forests of the Democratic Republic of Congo.
No. 1 Best Selling & Top Trending Mixer for 10 years running as voted by Drinks International

Deliciously light, this tonic has the same great taste, but with 46% less calories when compared to the regular strength Premium Indian Tonic.

No artificial colours or flavours.",,,"Per 100g/ml
Per Serving
%DI
Energy
64kJ
96kJ
Protein
0g
0g
Total Fat
0g
0g
Saturated Fat
0g
0g
Carbohydrate
3.8g
5.7g
Sugars
3.8g
5.7g
Sodium
7mg
11mg
Energy (Cal)
15Cal
23Cal
* Percentage Daily Intakes are based on an average adult diet of 8700 kJ. Your daily intakes may be higher or lower depending on your energy needs.","Carbonated Spring Water, Fructose, Acid (Citric Acid), Natural Flavourings including Quinine.",https://www.coles.com.au/product/fever-tree-premium-mixer-light-indian-tonic-water-8x150ml-8-pack-6519092,,,2024-06-16T14:50:48.919949-04:00
Ind54SColes_ADrinks_SASoft drinks_ISchweppes Zero Sugar Lemonade Soft Drink Bottle | 1.1L,Schweppes Zero Sugar Lemonade Soft Drink Bottle | 1.1L,Schweppes,Drinks,Soft drinks,Soft drink bottles,,$3.00,,,$2.73 per 1L,3270238,"Quench your thirst with the tangy and crisp taste of Schweppes Lemonade Zero Sugar. This refreshing drink is perfect for those who want to enjoy the classic taste of lemonade without the sugar. Made with natural lemon flavour, it's a beloved refreshment that will keep you feeling refreshed all day long.

Schweppes Lemonade Zero Sugar is a sugar-free version of the original 1835 recipe that has been adored by Aussies for generations. This 1.1L bottle brings the same fresh flavour with no added sugar, making it a healthier alternative to traditional lemonade.

Crafted with a mix of lemon and lime, Schweppes Lemonade Zero Sugar has a crisp, clean taste that is perfect for hot summer days. It's also a great mixer for your favourite cocktails, adding a zesty twist to your favourite drinks.
Refreshing zero sugar beverage with natural lemon flavour.

Great tasting low calorie lemonade in a large bottle.

Crisp, tangy, and perfect for any occasion.

Convenient 1.1L size for sharing with friends and family.

A great party pleasing option to bring everyone together",,,"Per 100g/ml
Per Serving
%DI
Energy
6kJ
15kJ
Protein
0g
0g
Total Fat
0g
0g
Saturated Fat
0g
0g
Carbohydrate
0g
0g
Sugars
0g
0g
Sodium
9mg
23mg
Dietary Fibre (total)
0g
0g
* Percentage Daily Intakes are based on an average adult diet of 8700 kJ. Your daily intakes may be higher or lower depending on your energy needs.",,https://www.coles.com.au/product/schweppes-zero-sugar-lemonade-soft-drink-bottle-1.1l-3270238,,,2024-06-16T14:51:00.282404-04:00
Ind54SColes_ADrinks_SA_ISanpellegrino Chinotto Drink Cans | 4 pack,Sanpellegrino Chinotto Drink Cans | 4 pack,Sanpellegrino,Drinks,,,,$7.50,,,$9.38 per 1L,3733369,"SANPELLEGRINO Italian Sparkling Drinks Chinotto (Citrus) 4 x 330mL Cans

A 'cult drink' from the 1950s, SANPELLEGRINO Chinotto is a sparkling fruit drink with the unmistakable taste of the chinotto citrus fruit. This small citrus gets its distinctive bittersweet tastes from the unique conditions of the Mediterranean land. SANPELLEGRINO Chinotto expertly combines carefully selected chinotto extract that provides a full-bodied taste that balances sweet and bitter with smooth hints of cinnamon and rhubarb.

SANPELLEGRINO Traditional is a classic range of drinks bursting with the flavours of sun-ripened fruit from Italy and the Mediterranean, enhanced by the addition of sparkling water and natural aromas for drinks that call for tasty time-outs.

Every can of SANPELLEGRINO contains the excellence of quality fruit and an expertise that has made SANPELLEGRINO Italian Sparkling Drinks an Italian tradition since 1932. The aroma and taste of these extraordinary drinks bring to you the wonderful Mediterranean, known for its breathtaking landscapes, rich soils and temperate climate.

Discover classic Mediterranean fruit flavours and take the time for taste with SANPELLEGRINO Italian Sparkling Drinks.

Bottled in Italy.",,,"Per 100g/ml
Per Serving
%DI
Energy
181kJ
597kJ
7%
Protein
0g
0g
0.0%
Total Fat
0g
0g
0.0%
Saturated Fat
0g
0g
0.0%
Carbohydrate
10g
33g
11.0%
Sugars
10g
33g
13.0%
Sodium
20mg
66mg
3.0%
Dietary Fibre (total)
0g
0g
0.0%
* Percentage Daily Intakes are based on an average adult diet of 8700 kJ. Your daily intakes may be higher or lower depending on your energy needs.",,https://www.coles.com.au/product/sanpellegrino-chinotto-drink-cans-4-pack-3733369,,,2024-06-16T14:51:11.369900-04:00
Ind54SColes_ADrinks_SA_ISchweppes Lemonade Soft Drink Cans Multipack 375mL x 10 Pack | 10 pack,Schweppes Lemonade Soft Drink Cans Multipack 375mL x 10 Pack | 10 pack,Schweppes,Drinks,,,,$9.00,,$18.00,$2.40 per 1L,2684155,"Refreshment has never been easier to come by with the Schweppes Lemonade 10 pack 375mL. Schweppes, the iconic brand that has been around for generations, presents this lemonade that will leave you coming back for more. This drink delivers a crisp and clean taste that is simply refreshing, making it the perfect thirst quencher for a hot day, an evening in with friends, or even for parties.

Crafted by Schweppes' Master Blenders, the Schweppes Lemonade 10 pack 375mL boasts a harmonious blend of lemon and lime oils. The zesty, crisp taste is a delightful experience for your senses, making it a must-have for an afternoon pick-me-up or as part of a recipe while entertaining guests.

Perfectly handcrafted, this iconic drink is a staple bonding item for families and friends, bringing people together over sweet and tangy flavours. You may choose to enjoy the Schweppes Lemonade 10 pack 375mL chilled by itself or mix it into your favourite cocktail to uncover new flavour combinations and possibilities. Its versatility is limited only by your imagination!

With the Schweppes Lemonade 10 pack 375mL, you'll enjoy a highly refreshing beverage that has stood the test of time. It comes in a pack of 10, convenient to stock up for future occasions. Whether you're hosting cookouts, picnics, or indoor parties, you'll have all that you need to keep the festivities going with this exquisite drink.

With crisp and clean taste, the Schweppes Lemonade 10 pack 375mL is your ultimate thirst-quencher, a rich source of refreshment, and the best way to indulge in the most iconic taste that generations of families have come to love. So why wait any longer? Get your hands on the Schweppes Lemonade 10 pack 375mL and share the joy of this iconic drink with your loved ones today!
Schweppes Lemonade 10 pack 375mL

the ultimate thirst-quencher!

A harmonious blend of lemon and lime oils for a zesty, crisp taste.

Perfect for bonding with family and friends over sweet and tangy flavours.

Comes in a pack of 10",,,"Per 100g/ml
Per Serving
%DI
Energy
143kJ
536kJ
Protein
0g
0g
Total Fat
0g
0g
Saturated Fat
0g
0g
Carbohydrate
8.2g
30.8g
Sugars
8.2g
30.8g
Sodium
10mg
38mg
* Percentage Daily Intakes are based on an average adult diet of 8700 kJ. Your daily intakes may be higher or lower depending on your energy needs.",,https://www.coles.com.au/product/schweppes-lemonade-soft-drink-cans-multipack-375ml-x-10-pack-10-pack-2684155,,,2024-06-16T14:51:22.761501-04:00
Ind54SColes_ADrinks_SASoft drinks_IRemedy Sodaly Passionfruit 250mL | 4 pack,Remedy Sodaly Passionfruit 250mL | 4 pack,Remedy,Drinks,Soft drinks,Kombucha & other drinks,,$6.00,,$8.00,$6.00 per 1L,6210163,"We're pretty passionate about this flavour (see what we did there?). It's the summer lover you've been waiting for that will be with you all year round. It's light, fun and fresh for easy drinking in the sun. They say you can't have it all. They were wrong! Sodaly is a deliciously different, ALL-NATURAL soft drink. It's BIG on FLAVOUR and low on calories. Full of prebiotic goodness and NO SUGAR. Guilt-free just got better for you. Remedy Sodaly are:
Sugar free, for real
All natural
Made with prebiotic ACV
Low on Calories
Vegan
Gluten Free
A-Ok in or out of the fridge",,,"Per 100g/ml
Per Serving
%DI
Energy
13kJ
32kJ
Protein
<1g
<1g
Total Fat
<1g
<1g
Saturated Fat
<1g
<1g
Carbohydrate
<1g
<1g
Sugars
0g
0g
Sodium
<5mg
<5mg
Dietary Fibre (total)
<1g
<1g
* Percentage Daily Intakes are based on an average adult diet of 8700 kJ. Your daily intakes may be higher or lower depending on your energy needs.",,https://www.coles.com.au/product/remedy-sodaly-passionfruit-250ml-4-pack-6210163,,,2024-06-16T14:51:34.001445-04:00
Ind54SColes_ADrinks_SASoft drinks_IKirks Creamy Soda Soft Drink  | 1.25L,Kirks Creamy Soda Soft Drink  | 1.25L,Kirks,Drinks,Soft drinks,Soft drink bottles,,$1.60,,$2.70,$1.28 per 1L,5399075,"This isn't just any creaming soda, this is Kirks! As classic as the sound of an icecream truck on a hot summer's day. We hope you give it the creaming-ist lick of approval. Kirks Creaming Soda is also available in 10 x 375mL multipack cans.
- Creaming Soda Flavour

- No artificial colours or flavours

- Fun refreshment for any occasion

- Uniquely Australian

- 1.25L Bottle Soft drink",,,,"Carbonated Water, Sugar, Natural Flavour, Natural Colours (163, 120), Food Acid (330), Preservative (211)",https://www.coles.com.au/product/kirks-creamy-soda-soft-drink-1.25l-5399075,,,2024-06-16T14:51:42.737321-04:00
Ind54SColes_ADrinks_SASoft drinks_IRemedy Sodaly Lemon Lime Bitter 4x250mL | 4 pack,Remedy Sodaly Lemon Lime Bitter 4x250mL | 4 pack,Remedy,Drinks,Soft drinks,Kombucha & other drinks,,$6.00,,$8.00,$6.00 per 1L,6210141,"A classy hand-crafted take on traditional Lemon, Lime & Bitters made for good times with no sugar, for real. Fresh lemon and lime is paired with aromatic clove and cinnamon for a full flavoured and elegant soft drink. Breezy, refreshing and sophisticated, this sparky little number is perfect on its own or used as a mixer.
Sugar Free, for real
All natural
Full of Flavour
Low in Calories
Vegan friendly
Gluten Free",,,"Per 100g/ml
Per Serving
%DI
Energy
13kJ
32kJ
Protein
<1g
<1g
Total Fat
<1g
<1g
Saturated Fat
<1g
<1g
Carbohydrate
0.1g
0.3g
Sugars
0g
0g
Sodium
<5mg
<5mg
Dietary Fibre (total)
<1g
<1g
* Percentage Daily Intakes are based on an average adult diet of 8700 kJ. Your daily intakes may be higher or lower depending on your energy needs.",,https://www.coles.com.au/product/remedy-sodaly-lemon-lime-bitter-4x250ml-4-pack-6210141,,,2024-06-16T14:51:53.687546-04:00
Ind54SColes_ADrinks_SAPremixed drinks_I-196 Double Lemon & Vodka Can 330ml | 4 Pack,-196 Double Lemon & Vodka Can 330ml | 4 Pack,-196,Drinks,Premixed drinks,Vodka premix,,$28.00,,,$21.21 per 1L,4419632,"Suntory -196 Double Lemon
is an alcoholic premix made from Shochu, Vodka and Soda. 
It uses Suntory's unique Freeze Crush Technology to capture every bit of all-natural bold lemon flavour. Whole lemons are is frozen and crushed at -196°C, then infused in spirits to maintain that unique, full-fruit flavour. This is then added to Shochu, Vodka & Soda to bring to you Suntory -196 as you know it.
Suntory -196 comes from Suntory's No.1 Premix brand in Japan*, Strong Zero. With 0.3 grams of sugar and only 122 calories per can, Suntory -196 Double Lemon is the drink of choice for your next pres occasion.
Extreme Japanese Spirit

Real, whole lemons

0.3 grams of sugar per serve

122 calories per serve

From Suntory's No. 1 Premix in Japan*

*2019 IWSR Sales Data.

1.6 Standard Drinks per serve.

6% ABV.",,,,"CARBONATED WATER, SHOCHU, VODKA, FOOD ACIDS (330, 331), LEMON CONCENTRATE, FLAVOURS, PRESERVATIVE (211), SWEETENER (955).",https://www.coles.com.au/product/196-double-lemon-and-vodka-can-330ml-4-pack-4419632,,,2024-06-16T14:52:02.553522-04:00
Ind54SColes_ADrinks_SASpirits_ICanadian Club 12YO Classic Blended Whisky 700mL | 1 Each,Canadian Club 12YO Classic Blended Whisky 700mL | 1 Each,Canadian Club,Drinks,Spirits,American & Canadian whiskey,,$65.00,,$68.00,$92.86 per 1L,8332456,"Canadian Club 12 Year Old is aged for the extra 6 years to allow maturing in wood to produce a darker spirit with more of the traditional characteristics of aged whiskies and a richer, more aromatic flavour. This 12 Year Old whisky is perfect for mixing, or can be served on the rocks.",,,,,https://www.coles.com.au/product/canadian-club-12yo-classic-blended-whisky-700ml-1-each-8332456,,,2024-06-16T14:52:11.411010-04:00
Ind54SColes_ADrinks_SASoft drinks_ICoca-Cola Diet Coke Soft Drink 24x375mL | 24 pack,Coca-Cola Diet Coke Soft Drink 24x375mL | 24 pack,Coca-Cola,Drinks,Soft drinks,Soft drink cans,,$23.10,,$38.50,$2.57 per 1L,4561203,"Diet Coke is a deliciously light, sugar free and no kilojoule soft drink. It delivers a distinct, unique and light taste. With its bubbly sparkle, 'Diet Coke' has been refreshing and delighting drinkers for decades. The perfect sparkling soft drink for enjoying on the go, having with a meal or relaxing with at home. Coca-Cola Diet soft drink is available in cans, mini cans, single serve and sharing size bottles as well as multipacks.
Distinct Diet Coke Taste

No Sugar and Low Kilojoule

A Quality Product of The Coca-Cola Company

24 x 375mL Multipack Soft Drink

Perfect for drinking on the go, having with a meal or relaxing with at home.",,,"Per 100g/ml
Per Serving
%DI
Energy
1.9
7.1
0.1
Protein
0.05
0.2
0.4
Total Fat
0
0
0
Saturated Fat
0
0
0
Carbohydrate
0.1
0.4
0.1
Sugars
0
0
0
Sodium
1
3.8
0.2
Energy (Cal)
0.5
1.7
0.1
Dietary Fibre (total)
0
0
0
* Percentage Daily Intakes are based on an average adult diet of 8700 kJ. Your daily intakes may be higher or lower depending on your energy needs.","Carbonated Water, Colour (150d), Food Acids (338, 330), Sweeteners (951, 950), Flavour, Caffeine.",https://www.coles.com.au/product/coca-cola-diet-coke-soft-drink-24x375ml-24-pack-4561203,,,2024-06-16T14:52:22.533694-04:00
Ind54SColes_ADrinks_SABeverages_IPepsi Max No Sugar Cola Soft Drink Mini Cans Multipack 275mL x 6 Pack | 6 pack,Pepsi Max No Sugar Cola Soft Drink Mini Cans Multipack 275mL x 6 Pack | 6 pack,Pepsi,Drinks,Beverages,Soft drink & energy drinks,,$6.50,,,"$3.94 per 1L
Was $9.00 on May 2024",6476794,"Pepsi Max No Sugar soft drink offers a bold cola taste with no sugar. The smooth taste of Pepsi Max offers a deliciously refreshing and thirst-quenching cola refreshment that can be enjoyed anytime.

Pepsi Max No Sugar, has....no sugar. It's as simple as that with no taste compromise.

It is low in calories vs full sugar colas and in case you were wondering, it also has a bold cola taste that's comparable with full sugar cola products.

The 24 x Pepsi Max bottle pack is the perfect size for a family or to cater for a party or BBQ when you need a supply of delicious mixers. These 24 Pepsi Max bottles are the ultimate crowd-pleasers!

Pepsi Max soft drink is also available in a range of take-home pack sizes such as; smaller multi-can packs and multi-serve bottles to suit all your cola drinking occasions.

For maximum enjoyment, drink chilled when you are looking for that fun, tasty, no sugar cola refreshment!

Pepsi Max. Max Taste, No Sugar.
Bold Taste with No Sugar

Low in Calories

On-the-Go Serve

Max Cola Refreshment",,,"Per 100g/ml
Per Serving
%DI
Energy
2kJ
6kJ
0.10%
Protein
0.1g
0.3g
0.60%
Total Fat
0g
0g
0%
Saturated Fat
0g
0g
0%
Carbohydrate
0. g
0.3g
0.10%
Sugars
0g
0g
0%
Sodium
13mg
36mg
2%
Dietary Fibre (total)
0g
0g
0%
* Percentage Daily Intakes are based on an average adult diet of 8700 kJ. Your daily intakes may be higher or lower depending on your energy needs.",,https://www.coles.com.au/product/pepsi-max-no-sugar-cola-soft-drink-mini-cans-multipack-275ml-x-6-pack-6-pack-6476794,,,2024-06-16T14:52:33.628349-04:00
Ind54SColes_ADrinks_SASoft drinks_ISolo Zero Sugar Original Lemon Soft Drink Cans Multipack 375mL x 24 Pack | 24 pack,Solo Zero Sugar Original Lemon Soft Drink Cans Multipack 375mL x 24 Pack | 24 pack,Solo,Drinks,Soft drinks,Soft drink cans,,$34.85,Pick any 2 for $45,,$3.87 per 1L,4405387,"Solo Zero Sugar is a refreshing and thirst-quenching beverage that is perfect for those who want to stay hydrated without consuming sugar. This package has 24 bottles of 375mL Solo Zero Sugar, making it perfect for both individual and group use.

Solo Zero Sugar is made with the finest quality ingredients. The refreshing and light taste of Solo Zero Sugar is bound to leave you feeling rehydrated and revitalised after a long day.

This pack of Solo Zero Sugar 24 x 375mL is perfect for households, offices, and other venues that require a constant supply of refreshing beverages. Each bottle is resealable, ensuring that there is no wastage and that the beverage remains fresh for a longer period.

Attractive packaging and branding make Solo Zero Sugar an excellent addition to any party, picnic or other social events. The Solo Zero Sugar 24 x 375mL pack can be placed in coolers, dispensers or any other beverage containers, making it the perfect choice for any occasion.

Solo Zero Sugar 24 x 375mL is a sugar-free soft drink choice that is perfect for those who are looking for a refreshing and thirst-quenching drink. Its flavours, and lack of additives make it a safe and refreshing option. So why wait? Grab a pack of Solo Zero Sugar 24 x 375mL and refresh your senses today.
Sugar-free lemon soft drink

Made with the finest quality ingredients

Resealable bottles ensure no wastage and freshness for longer

The 24 x 375mL is excellent addition to any party, picnic or other social events

Attractive packaging and branding make it perfect for any occasion",,,"Per 100g/ml
Per Serving
%DI
Energy
7kJ
26kJ
0.30%
Protein
0g
0g
0%
Total Fat
0g
0g
0%
Saturated Fat
0g
0g
0%
Carbohydrate
0g
0g
0%
Sugars
0g
0g
0%
Sodium
17mg
64mg
3%
Dietary Fibre (total)
0g
0g
0%
* Percentage Daily Intakes are based on an average adult diet of 8700 kJ. Your daily intakes may be higher or lower depending on your energy needs.",,https://www.coles.com.au/product/solo-zero-sugar-original-lemon-soft-drink-cans-multipack-375ml-x-24-pack-24-pack-4405387,,,2024-06-16T14:52:44.455520-04:00
Ind54SColes_ADrinks_SASoft drinks_ISprite Lemonade Soft Drink Bottle | 1.25L,Sprite Lemonade Soft Drink Bottle | 1.25L,Sprite,Drinks,Soft drinks,Soft drink bottles,,$3.85,Pick any 2 for $5.60,,$3.08 per 1L,401657,"With its clean, crisp, lemon-lime taste, Sprite is a lemonade soft drink with a hit of refreshment. Perfect with meals, as a mixer, on the go or relaxing at home. Sprite soft drink has natural flavours. Sprite is available in cans, mini cans, single serve and sharing size bottles as well as multipacks.
1.5 Health Star Rating

1.25L Bottle

Contains Phenylalanine

Hit of refreshment

Lemon-lime flavour

Natural flavour.",,,"Per 100g/ml
Per Serving
%DI
Energy
120
301
3
Protein
0.01
0.01
0.1
Total Fat
0
0
0
Saturated Fat
0
0
0
Carbohydrate
6.9
17
5
Sugars
6.9
17
19
Sodium
6.8
17
0.7
Energy (Cal)
29
72
3
Dietary Fibre (total)
0
0
0
* Percentage Daily Intakes are based on an average adult diet of 8700 kJ. Your daily intakes may be higher or lower depending on your energy needs.",,https://www.coles.com.au/product/sprite-lemonade-soft-drink-bottle-1.25l-401657,,,2024-06-16T14:52:55.471801-04:00
Ind54SColes_ADrinks_SASoft drinks_ISchweppes Lemonade Soft Drink Bottle | 1.1L,Schweppes Lemonade Soft Drink Bottle | 1.1L,Schweppes,Drinks,Soft drinks,Soft drink bottles,,$3.00,,,$2.73 per 1L,3270191,"With a harmonious blend of lemon and lime oils, Schweppes Lemonade 1.1L delivers a zesty, crisp taste to delight your senses. It's handcrafted by Schweppes' Master Blenders, making it an iconic drink to share with friends and family. Enjoy chilled on its own, or mix into cocktails.
Hand crafted recipe by Schweppes' Master Blenders

Bespoke blend of lemon and lime oils

Inspired by the original Schweppes Aerated Lemonade from 1835

Crisp, clean taste

A drink loved by generations",,,"Per 100g/ml
Per Serving
%DI
Energy
143kJ
358kJ
Protein
0g
0g
Total Fat
0g
0g
Saturated Fat
0g
0g
Carbohydrate
8.2g
20.5g
Sugars
8.2g
20.5g
Sodium
6mg
15mg
* Percentage Daily Intakes are based on an average adult diet of 8700 kJ. Your daily intakes may be higher or lower depending on your energy needs.",,https://www.coles.com.au/product/schweppes-lemonade-soft-drink-bottle-1.1l-3270191,,,2024-06-16T14:53:06.426343-04:00
Ind54SColes_ADrinks_SASoft drinks_ISprite Lemonade Soft Drink 10x375mL | 10 pack,Sprite Lemonade Soft Drink 10x375mL | 10 pack,Sprite,Drinks,Soft drinks,Soft drink cans,,$19.00,Pick any 2 for $25,,$5.07 per 1L,1849329,"With its clean, crisp, lemon-lime taste, Sprite is a lemonade soft drink with a hit of refreshment. Perfect with meals, as a mixer, on the go or relaxing at home. Sprite soft drink has natural flavours. Sprite is available in cans, mini cans, single serve and sharing size bottles as well as multipacks.
Hit of refreshment

Lemon-lime flavour

Natural flavour

Great with meals

10 x 375 multipack

Natural flavour.",,,"Per 100g/ml
Per Serving
%DI
Energy
120
451
5
Protein
0.01
0.02
0.1
Total Fat
0
0
0
Saturated Fat
0
0
0
Carbohydrate
6.9
26
8
Sugars
6.9
26
29
Sodium
6.8
25
1
Energy (Cal)
29
108
5
Dietary Fibre (total)
0
0
0
* Percentage Daily Intakes are based on an average adult diet of 8700 kJ. Your daily intakes may be higher or lower depending on your energy needs.",,https://www.coles.com.au/product/sprite-lemonade-soft-drink-10x375ml-10-pack-1849329,,,2024-06-16T14:53:17.370659-04:00
Ind54SColes_ADrinks_SASoft drinks_IFanta Raspberry Zero Sugar Soft Drink Mini Cans 6x250mL | 6 pack,Fanta Raspberry Zero Sugar Soft Drink Mini Cans 6x250mL | 6 pack,Fanta,Drinks,Soft drinks,Soft drink cans,,$6.75,,$9.20,$4.50 per 1L,5484560,"Bright, bubbly and popular, Fanta Raspberry Zero Sugar is a sparkling soft drink with delicious raspberry flavourwith no sugar. Fanta Raspberry Zero Sugar is perfect for relaxing at home, on the go or having with meals. Fanta Raspberry Zero Sugar is available in cans, mini cans, single serve and sharing size bottles.
Zero Sugar

Raspberry Flavour

Bold fruity taste

Bring home flavour

6 x 250mL Mini Cans Soft Drink

Bring home flavour.",,,"Per 100g/ml
Per Serving
%DI
Energy
2.8
7.1
0.1
Protein
0
0
0
Total Fat
0
0
0
Saturated Fat
0
0
0
Carbohydrate
0
0
0
Sugars
0
0
0
Sodium
1
2.5
0.1
Energy (Cal)
0.7
1.7
0.1
Dietary Fibre (total)
0
0
0
* Percentage Daily Intakes are based on an average adult diet of 8700 kJ. Your daily intakes may be higher or lower depending on your energy needs.",,https://www.coles.com.au/product/fanta-raspberry-zero-sugar-soft-drink-mini-cans-6x250ml-6-pack-5484560,,,2024-06-16T14:53:28.361069-04:00
Ind54SColes_ADrinks_SASoft drinks_INexba Tonic Water Pear Jas Lemon Sugar Free | 1L,Nexba Tonic Water Pear Jas Lemon Sugar Free | 1L,Nexba,Drinks,Soft drinks,Mixers,,$2.65,,,$2.65 per 1L,3817833,,,,,,https://www.coles.com.au/product/nexba-tonic-water-pear-jas-lemon-sugar-free-1l-3817833,,,2024-06-16T14:53:37.332443-04:00
Ind54SColes_ADrinks_SASoft drinks_ILa Ice No Sugar Cola Soft Drink | 2L,La Ice No Sugar Cola Soft Drink | 2L,La Ice,Drinks,Soft drinks,Soft drink bottles,,$1.75,,$2.00,$0.88 per 1L,3813639,"Launched in 2000, LA Ice has gone on to become one of Australia's favourite colas. With a rich caramel flavour and great cola taste, LA Ice has become the cola alternative for consumers looking for a change from the major cola brands.",,,"Per 100g/ml
Per Serving
%DI
Energy
2kJ
6kJ
0.10%
Protein
0g
0g
0%
Total Fat
0g
0g
0%
Saturated Fat
0g
0g
0%
Carbohydrate
0.1g
0.3g
0.10%
Sugars
0g
0g
0%
Sodium
15mg
38mg
2%
Dietary Fibre (total)
0g
0g
0%
* Percentage Daily Intakes are based on an average adult diet of 8700 kJ. Your daily intakes may be higher or lower depending on your energy needs.",,https://www.coles.com.au/product/la-ice-no-sugar-cola-soft-drink-2l-3813639,,,2024-06-16T14:53:48.367653-04:00
Ind54SColes_ADrinks_SA_IFever-Tree Premium Mixers Elderflower Tonic Water 4x200mL | 4 pack,Fever-Tree Premium Mixers Elderflower Tonic Water 4x200mL | 4 pack,Fever-Tree,Drinks,,,,$9.00,,,$11.25 per 1L,3536674,"We've taken the essential oils from fragrant, handpicked English elderflowers with our signature quinine sourced from the Democratic Republic of the Congo, we have created a delicious, floral variation of our Indian tonic water.
No. 1 Best Selling & Top Trending Mixer for 10 years running as voted by Drinks International

No artificial colours or flavours.",,,"Per 100g/ml
Per Serving
%DI
Energy
146
292
Protein
0
0
Total Fat
0
0
Saturated Fat
0
0
Carbohydrate
7.9g
15.8g
Sugars
7.9g
15.8g
Sodium
7mg
14mg
Monounsaturated
0
0
Energy (Cal)
34
68
Dietary Fibre (total)
0
0
Polyunsaturated
0
0
Trans
0
0
* Percentage Daily Intakes are based on an average adult diet of 8700 kJ. Your daily intakes may be higher or lower depending on your energy needs.",,https://www.coles.com.au/product/fever-tree-premium-mixers-elderflower-tonic-water-4x200ml-4-pack-3536674,,,2024-06-16T14:54:00.014098-04:00
Ind54SColes_ADrinks_SASoft drinks_ISunkist Orange Soft Drink Cans Multipack 375mL x 30 Pack | 30 pack,Sunkist Orange Soft Drink Cans Multipack 375mL x 30 Pack | 30 pack,Sunkist,Drinks,Soft drinks,Soft drink cans,,$26.00,,,$2.31 per 1L,7837399,"Are you tired of sipping on drinks that are loaded with artificial colours and flavourings? Sunkist Can Pack 30 x 375mL has been crafted with your well-being in mind. This Can Pack is perfect for those who want to indulge in natural flavours without having to compromise on taste.

This pack Contains 30 cans of 375mL each, making it perfect for your next party or gathering. Sunkist Can Pack is not just a refreshing and hydrating beverage, it's a great source of nutrition too. Made with natural flavours, every sip of this orange flavoured beverage helps you refresh and energise your body.

The Sunkist Can Pack is perfect for anyone seeking a delicious, easy-to-drink alternative to carbonated soft drinks, energy drinks or sports drinks. Its unique flavour is perfect for people of all ages, whether you are a young adult looking for an energy boost, or a senior seeking a refreshing and great beverage.

Sunkist Can Pack is ideal for those who love natural flavours and want to experience the taste of fresh oranges. It's the perfect way to kick-start your day.

So, what are you waiting for? Try Sunkist Can Pack 30 x 375mL for yourself and experience the taste of natural flavours that will leave you feeling refreshed and rejuvenated. Order now and discover the refreshing taste of this orange flavoured drink!
30 cans of 375mL each, perfect for gatherings or parties

Made with all-natural ingredients for a refreshing and hydrating drink

Delicious and easy-to-drink alternative to carbonated soft drinks, energy drinks, or sports drinks

Created from high-quality oranges for a natural and authentic taste

Perfect way to kick-start your day.",,,"Per 100g/ml
Per Serving
%DI
Energy
202kJ
758kJ
9%
Protein
0g
0g
0%
Total Fat
0g
0g
0%
Saturated Fat
0g
0g
0%
Carbohydrate
11.8g
44.3g
14%
Sugars
11.8g
44.3g
49%
Sodium
12mg
45mg
2%
* Percentage Daily Intakes are based on an average adult diet of 8700 kJ. Your daily intakes may be higher or lower depending on your energy needs.",,https://www.coles.com.au/product/sunkist-orange-soft-drink-cans-multipack-375ml-x-30-pack-30-pack-7837399,,,2024-06-16T14:54:11.226902-04:00
Ind54SColes_ADrinks_SASoft drinks_ICoca-Cola Zero Sugar Soft Drink Bottle | 2L,Coca-Cola Zero Sugar Soft Drink Bottle | 2L,Coca-Cola,Drinks,Soft drinks,Soft drink bottles,,$3.90,,,$1.95 per 1L,3029790,"Coca-Cola Zero Sugar is a deliciously light choice for those who want the classic taste of Coke with no sugar. Whether sharing with family and friends or accompanying a meal, Coca-Cola Zero Sugar has a pack for almost any occasion. Coca-Cola Zero Sugar soft drink is available in cans, mini cans, single serve and sharing size bottles as well as multipacks.
The Coke Taste You Love with No Sugar and Low Calories

Serve Drink Cold for Maximum Refreshment

A Quality Product of The Coca-Cola Company

Perfect for drinking on the go, having with a meal or relaxing with at home.

Serve Drink Cold for Maximum Refreshment",,,"Per 100g/ml
Per Serving
%DI
Energy
1.2
3
0.1
Protein
0.02
0.06
0.1
Total Fat
0
0
0
Saturated Fat
0
0
0
Carbohydrate
0.03
0.08
0.1
Sugars
0
0
0
Sodium
4.1
10.3
0.4
Energy (Cal)
0.3
0.7
0.1
Dietary Fibre (total)
0
0
0
* Percentage Daily Intakes are based on an average adult diet of 8700 kJ. Your daily intakes may be higher or lower depending on your energy needs.","Carbonated Water, Colour (150d), Food Acids (338, 331), Sweeteners (951, 950), Flavour, Caffeine.",https://www.coles.com.au/product/coca-cola-zero-sugar-soft-drink-bottle-2l-3029790,,,2024-06-16T14:54:22.793188-04:00
Ind54SColes_ADrinks_SASoft drinks_ISchweppes Lemonade Soft Drink Cans Multipack 375mL x 30 Pack | 30 pack,Schweppes Lemonade Soft Drink Cans Multipack 375mL x 30 Pack | 30 pack,Schweppes,Drinks,Soft drinks,Soft drink cans,,$26.00,,,$2.31 per 1L,7837388,"Looking for a refreshing drink that delivers a crisp, clean taste? Look no further than Schweppes Lemonade! This beloved beverage has been a favorite among generations, thanks to its harmonious blend of lemon and lime oils that deliver a zesty, crisp taste that truly delights the senses.

Crafted by Schweppes' Master Blenders, this iconic drink is the perfect choice for sharing with friends and family. And with 30 x 375mL bottles per case, you'll have plenty to go around. Whether you enjoy it chilled on its own or mixed into your favorite cocktail, Schweppes Lemonade is the ultimate thirst-quencher.

What sets Schweppes Lemonade apart from other drinks is its commitment to quality. Each bottle is carefully crafted to deliver a consistent flavor that's sure to satisfy. And with its bold and refreshing taste, it's the perfect choice for those hot summer days or anytime you need a little pick-me-up.

So why not stock up on Schweppes Lemonade today? With its delicious taste and refreshing properties, it's the perfect addition to any gathering or occasion. Order now and experience the crisp, clean taste of Schweppes Lemonade for yourself!
The harmonious blend of lemon and lime oils deliver a zesty, crisp taste.

Crafted by Schweppes' Master Blenders with a commitment to quality.

Perfect for sharing with friends and family with 30 bottles.

Refreshing thirst-quencher perfect for hot summer days or pick-me-ups.

Stock up now and experience the delicious, crisp taste for yourself.",,,"Per 100g/ml
Per Serving
%DI
Energy
143kJ
536kJ
Protein
0g
0g
Total Fat
0g
0g
Saturated Fat
0g
0g
Carbohydrate
8.2g
30.8g
Sugars
8.2g
30.8g
Sodium
10mg
38mg
* Percentage Daily Intakes are based on an average adult diet of 8700 kJ. Your daily intakes may be higher or lower depending on your energy needs.",,https://www.coles.com.au/product/schweppes-lemonade-soft-drink-cans-multipack-375ml-x-30-pack-30-pack-7837388,,,2024-06-16T14:54:34.757751-04:00
Ind54SColes_ADrinks_SA_ISchweppes Agrum Blood Orange Soft Drink Bottles Glass Multipack 300mL x 4 Pack | 4 pack,Schweppes Agrum Blood Orange Soft Drink Bottles Glass Multipack 300mL x 4 Pack | 4 pack,Schweppes,Drinks,,,,$7.40,,,$6.17 per 1L,7377110,"Looking for a refreshing and zesty drink that will energize your taste buds? Look no further than Schweppes Agrum Collection Blood Orange 4 x 300mL. This delightful drink is perfect to enjoy on your own or with friends, and its mix of sweet and citrusy flavours is sure to leave you feeling rejuvenated.

Schweppes Agrum Blood Orange has a subtle yet satisfying taste that is sure to please even the most discerning palate. With notes of kalamansi lime and fresh blood orange, this drink is a perfect blend of exotic and zesty flavours that will leave you craving more.

Schweppes Agrum Collection Blood Orange 4 x 300mL is perfect for any occasion, whether you're looking to unwind after a long day at work or entertain friends and family during a weekend gathering. Serve it chilled over ice for a refreshing and invigorating drink or use it to create a vibrant cocktail that is sure to impress.

If you're looking for a drink that is both delicious and refreshing, look no further than Schweppes Agrum Blood Orange. With its unique blend of sweet and citrusy flavours, it's a drink that is sure to leave you feeling revitalized and refreshed. So why wait? Order your bottle today and experience the delicious taste of Schweppes Agrum Collection Blood Orange for yourself!
Made with the finest ingredients for a subtle yet satisfying taste

Perfect for any occasion, from unwinding to entertaining guests

Unique blend of sweet and citrusy flavors leaves you feeling revitalized

Serve chilled over ice or use in cocktails for a vibrant twist

Versatile use as a standalone thirst quencher or cocktail mixer",,,"Per 100g/ml
Per Serving
%DI
Energy
189kJ
567kJ
Protein
0g
0g
Total Fat
0g
0g
Saturated Fat
0g
0g
Carbohydrate
10.9g
32.7g
Sugars
10.9g
32.7g
Sodium
7mg
21mg
* Percentage Daily Intakes are based on an average adult diet of 8700 kJ. Your daily intakes may be higher or lower depending on your energy needs.",,https://www.coles.com.au/product/schweppes-agrum-blood-orange-soft-drink-bottles-glass-multipack-300ml-x-4-pack-4-pack-7377110,,,2024-06-16T14:54:45.725742-04:00
Ind54SColes_ADrinks_SASoft drinks_ISprite Zero Sugar Lemonade Soft Drink Multipack Cans 10x375mL | 10 pack,Sprite Zero Sugar Lemonade Soft Drink Multipack Cans 10x375mL | 10 pack,Sprite,Drinks,Soft drinks,Soft drink cans,,$19.00,Pick any 2 for $25,,$5.07 per 1L,1849271,"With its clean, crisp, lemon-lime taste, Sprite Zero Sugar is a lemonade soft drink. Quench your thirst with a zero sugar hit of refreshment! Perfect with meals, as a mixer, on the go and relaxing at home. Sprite Zero Sugar softdrink has no artificial colours. Sprite Zero Sugar is available in cans, mini cans, single serve and sharing size bottles as well as multipacks.
Hit of refreshment

Lemon-lime flavour

No added colours

Zero Sugar

Great with meals

10 x 375mL Multipack Cans Soft Drink.",,,"Per 100g/ml
Per Serving
%DI
Energy
4.2
16
0.2
Protein
0.05
0.2
0.4
Total Fat
0
0
0
Saturated Fat
0
0
0
Carbohydrate
0.1
0.4
0.1
Sugars
0
0
0
Sodium
12.7
48
2
Energy (Cal)
1
3.8
0.2
Dietary Fibre (total)
0
0
0
* Percentage Daily Intakes are based on an average adult diet of 8700 kJ. Your daily intakes may be higher or lower depending on your energy needs.",,https://www.coles.com.au/product/sprite-zero-sugar-lemonade-soft-drink-multipack-cans-10x375ml-10-pack-1849271,,,2024-06-16T14:54:56.850283-04:00
Ind54SColes_ADrinks_SASoft drinks_ISprite Zero Sugar Lemonade Soft Drink Bottle | 1.25L,Sprite Zero Sugar Lemonade Soft Drink Bottle | 1.25L,Sprite,Drinks,Soft drinks,Soft drink bottles,,$3.85,Pick any 2 for $5.60,,$3.08 per 1L,3585567,"With its clean, crisp, lemon-lime taste, Sprite Zero Sugar is a lemonade soft drink. Quench your thirst with a Zero sugar hit of refreshment! Perfect with meals, as a mixer, on the go and relaxing at home. Sprite Zero Sugar softdrink has no artificial colours. Sprite Zero Sugar is available in cans, mini cans, single serve and sharing size bottles as well as multipacks.
Hit of refreshment

Lemon-lime flavour

No added colours

Zero Sugar

Great with meals

1.25L Zero Sugar Soft Drink.",,,"Per 100g/ml
Per Serving
%DI
Energy
4.2
10.5
0.1
Protein
0.05
0.1
0.3
Total Fat
0
0
0
Saturated Fat
0
0
0
Carbohydrate
0.1
0.3
0.1
Sugars
0
0
0
Sodium
12.7
32
1
Energy (Cal)
1
2.5
0.1
Dietary Fibre (total)
0
0
0
* Percentage Daily Intakes are based on an average adult diet of 8700 kJ. Your daily intakes may be higher or lower depending on your energy needs.",,https://www.coles.com.au/product/sprite-zero-sugar-lemonade-soft-drink-bottle-1.25l-3585567,,,2024-06-16T14:55:07.673309-04:00
Ind54SColes_ADrinks_SASoft drinks_IBundaberg Brewed Drink Lemon Lime Bitter 4x375mL | 4 pack,Bundaberg Brewed Drink Lemon Lime Bitter 4x375mL | 4 pack,Bundaberg,Drinks,Soft drinks,Mixers,,$7.35,,,$4.90 per 1L,2481250,"Bundaberg Lemon, Lime & Bitters is craft brewed over 7 days using real lemons, limes, herbs and spices. Our Master Brewers combine cinnamon quills, clove buds and gentian root to craft our very own bitters - perfect for this classic Aussie treat.
Real lemons, limes, herbs and spices
Brewed over 7 days
Australian Family Owned
Best served cold",,,"Per 100g/ml
Per Serving
%DI
Energy
196kJ
735kJ
8%
Protein
<1g
<1g
0%
Total Fat
<1g
<1g
0%
Saturated Fat
<1g
<1g
0%
Carbohydrate
11.5g
43.2g
14%
Sugars
11.5g
43.2g
48%
Sodium
9mg
34mg
1%
* Percentage Daily Intakes are based on an average adult diet of 8700 kJ. Your daily intakes may be higher or lower depending on your energy needs.",,https://www.coles.com.au/product/bundaberg-brewed-drink-lemon-lime-bitter-4x375ml-4-pack-2481250,,,2024-06-16T14:55:18.629168-04:00
Ind54SColes_ADrinks_SA_ISchweppes Zero Sugar Lemon Lime Bitters Soft Drink Classic Mixers Multipack Bottles 300mL x 4 Pack | 4 pack,Schweppes Zero Sugar Lemon Lime Bitters Soft Drink Classic Mixers Multipack Bottles 300mL x 4 Pack | 4 pack,Schweppes,Drinks,,,,$7.40,,,$6.17 per 1L,3752782,"Indulge in a classic drink without the sugar of sugar intake with Schweppes Classic Mixers Lemon Lime & Bitters Zero Sugar 4 x 300mL. Perfect for any occasion, this beloved Australian combination of aromatic bitters and zesty lemon and lime juices makes for a refreshing and satisfying beverage.

Whether you're hosting a party or enjoying a quiet night in, Schweppes Classic Mixers Lemon Lime & Bitters Zero Sugar is the ideal mixer for any occasion. Serve it over ice with a slice of lemon for a refreshing summer drink or mix it with your favourite alcohol for a delicious cocktail.

This zero sugar classic mixer is not only a crowd-pleaser but also a great alternative to traditional sugary drinks. Perfect for family gatherings and hot summer days, Schweppes Classic Mixers Lemon Lime & Bitters Zero Sugar will leave you feeling refreshed and energised.

So, why wait? Grab your bottle of Schweppes Classic Mixers Lemon Lime & Bitters Zero Sugar 4 x 300mL now and experience the perfect blend of sweet and tangy flavours. Enjoy the classic taste of this Australian favourite with zero sugar and indulge in every sip, sugar-free.
Enjoy the classic flavour of Australian lemon lime & bitters sugar-free

Perfect for any occasion

parties, gatherings, or a quiet night in

A great alternative to traditional sugary drinks

Refreshing and satisfying whether served alone or mixed with alcohol",,,"Per 100g/ml
Per Serving
%DI
Energy
11kJ
33kJ
Protein
0g
0g
Total Fat
0g
0g
Saturated Fat
0g
0g
Carbohydrate
0g
0g
Sugars
0g
0g
Sodium
20mg
60mg
Dietary Fibre (total)
0g
0g
* Percentage Daily Intakes are based on an average adult diet of 8700 kJ. Your daily intakes may be higher or lower depending on your energy needs.",,https://www.coles.com.au/product/schweppes-zero-sugar-lemon-lime-bitters-soft-drink-classic-mixers-multipack-bottles-300ml-x-4-pack-4-pack-3752782,,,2024-06-16T14:55:31.205278-04:00
Ind54SColes_ADrinks_SASoft drinks_IFever-Tree Premium Mixers Raspberrylight Tonic | 500mL,Fever-Tree Premium Mixers Raspberrylight Tonic | 500mL,Fever-Tree,Drinks,Soft drinks,Mixers,,$4.90,,,$9.80 per 1L,5582537,"By blending natural flavourings of sweet British rhubarb with juicy Scottish raspberries, we've created a refreshingly fruity tonic water, reminiscent of an English summer. Simply mix with your favourite pink or London Dry Gin for a sweeter twist on a gin and tonic.
No. 1 Best Selling & Top Trending Mixer for 10 years running as voted by Drinks International

Fruity and refreshing without the added sugar! This tonic is crafted to be packed full of flavour and at only 19 calories per 100mls, is perfect for all your mixing needs.

No artificial colours or flavours.",,,,"Carbonated Spring Water, Fructose (fruit sugar), Acid: Citric Acid, Natural Rhubarb Flavouring and Natural Raspberry Flavouring with other Natural Flavourings including Natural Quinine, Natural Colourings",https://www.coles.com.au/product/fever-tree-premium-mixers-raspberrylight-tonic-500ml-5582537,,,2024-06-16T14:55:41.727495-04:00
Ind54SColes_ADrinks_SASoft drinks_IFever-Tree Premium Mixers Ginger Ale 4x200mL | 4 pack,Fever-Tree Premium Mixers Ginger Ale 4x200mL | 4 pack,Fever-Tree,Drinks,Soft drinks,Mixers,,$9.00,,,,3814176,"A distinctive ginger flavour created by blending the three of world's finest gingers, from Cochin, the Ivory Coast and Nigeria. Added complexity comes from supportive citrus notes, resulting in an overwhelmingly clean finish - making this the perfect mixer for dark spirits.
No. 1 Best Selling & Top Trending Mixer for 10 years running as voted by Drinks International

No artificial colours or flavours.",,,"Per 100g/ml
Per Serving
%DI
Energy
139
278
Protein
0
0
Total Fat
0
0
Saturated Fat
0
0
Carbohydrate
7.9g
15.8g
Sugars
7.9g
15.8g
Sodium
7mg
14mg
Monounsaturated
0
0
Energy (Cal)
33
66
Dietary Fibre (total)
0
0
Polyunsaturated
0
0
Trans
0
0
* Percentage Daily Intakes are based on an average adult diet of 8700 kJ. Your daily intakes may be higher or lower depending on your energy needs.",,https://www.coles.com.au/product/fever-tree-premium-mixers-ginger-ale-4x200ml-4-pack-3814176,,,2024-06-16T14:55:52.487046-04:00
Ind54SColes_ADrinks_SASoft drinks_ISolo Zero Sugar Original Lemon Soft Drink Cans Multipack 375mL x 10 Pack | 10 pack,Solo Zero Sugar Original Lemon Soft Drink Cans Multipack 375mL x 10 Pack | 10 pack,Solo,Drinks,Soft drinks,Soft drink cans,,$9.00,,$18.00,$2.40 per 1L,3530827,"Solo Thirst Crusher Zero Sugar Original Lemon is a refreshing and delicious soft drink that will quench your thirst like no other. With its unique and zesty lemon flavour, this beverage is perfect for those who love a tangy and citrusy taste. Made with natural flavours and no added sugar, Solo Thirst Crusher is a great alternative to other soft drinks.

Each pack of Solo Thirst Crusher Zero Sugar Original Lemon has 10 bottles of 375mL, making it a convenient option for those who want to stock up on their favourite drink. Whether you're at home, at work, or on-the-go, you can enjoy the refreshing taste of Solo Thirst Crusher anytime, anywhere.

If you're looking for a refreshing and delicious drink that is both refreshing and convenient, Solo Thirst Crusher Zero Sugar Original Lemon is the perfect choice. With its zesty lemon flavour, natural ingredients, and no added sugar, this beverage is sure to satisfy your thirst and your taste buds. So why wait? Try Solo Thirst Crusher Zero Sugar Original Lemon today and discover a whole new level of refreshment!
Sugar-free lemon soft drink

Delicious zesty lemon flavor for invigorating thirst relief

Delicious drink that is both refreshing and convenient

Convenient packaging of 10 x 375mL bottles for on-the-go hydration

Hydrating thirst quencher for active lifestyles",,,"Per 100g/ml
Per Serving
%DI
Energy
7kJ
26kJ
0.30%
Protein
0g
0g
0%
Total Fat
0g
0g
0%
Saturated Fat
0g
0g
0%
Carbohydrate
0g
0g
0%
Sugars
0g
0g
0%
Sodium
17mg
64mg
3%
Dietary Fibre (total)
0g
0g
0%
* Percentage Daily Intakes are based on an average adult diet of 8700 kJ. Your daily intakes may be higher or lower depending on your energy needs.",,https://www.coles.com.au/product/solo-zero-sugar-original-lemon-soft-drink-cans-multipack-375ml-x-10-pack-10-pack-3530827,,,2024-06-16T14:56:03.616725-04:00
Ind54SColes_ADrinks_SASoft drinks_ICoca-Cola Soft Drink Coke | 2L,Coca-Cola Soft Drink Coke | 2L,Coca-Cola,Drinks,Soft drinks,Soft drink bottles,,$3.90,,,$1.95 per 1L,191736,"Nothing beats the taste of Coca-Cola Classic. It's the perfect companion whether you're on the go, relaxing at home, enjoying with friends or as a drink with your meal. Refresh yourself with the authentic Coke taste. Designed to go with everything, the taste of Classic Coca-Cola has remained unchanged for more than 130 years. Coca-Cola soft drink is available in cans, mini cans, single serve and sharing size bottles as well as multipacks.
Classic Coca-Cola Taste

Serve Drink Cold for Maximum Refreshment

A Quality Product of The Coca-Cola Company

2L Soft Drink

Perfect for drinking on the go, having with a meal or relaxing with at home.",,,"Per 100g/ml
Per Serving
%DI
Energy
180
450
5
Protein
0
0
0
Total Fat
0
0
0
Saturated Fat
0
0
0
Carbohydrate
10.6
27
9
Sugars
10.6
27
29
Sodium
10
25
1
Energy (Cal)
43
108
5
* Percentage Daily Intakes are based on an average adult diet of 8700 kJ. Your daily intakes may be higher or lower depending on your energy needs.",,https://www.coles.com.au/product/coca-cola-soft-drink-coke-2l-191736,,,2024-06-16T14:56:14.949852-04:00
Ind54SColes_ADrinks_SASoft drinks_ICoca-Cola Raspberry Zero Sugar Soft Drink Bottle | 1.25L,Coca-Cola Raspberry Zero Sugar Soft Drink Bottle | 1.25L,Coca-Cola,Drinks,Soft drinks,Soft drink bottles,,$3.85,Pick any 2 for $5.60,,$3.08 per 1L,6421271,"Try NEW Coca-Cola Zero Sugar Raspberry. Coca-Cola Zero Sugar Raspberry mixes refreshing Coca-Cola taste with the sensational taste of raspberry. The zero sugar drink is a delicious twist.
Classic Coke Taste with a Twist

Raspberry flavour

Serve Drink Cold for Maximum Refreshmen

A Quality Product of The Coca-Cola Company

600mL PET",,,"Per 100g/ml
Per Serving
%DI
Energy
1.7
4.2
0.1
Protein
0.02
0.06
0.1
Total Fat
0
0
0
Saturated Fat
0
0
0
Carbohydrate
0.03
0.08
0.1
Sugars
0
0
0
Sodium
4.1
10.3
0.4
Energy (Cal)
0.4
1
0.1
Dietary Fibre (total)
0
0
0
* Percentage Daily Intakes are based on an average adult diet of 8700 kJ. Your daily intakes may be higher or lower depending on your energy needs.",,https://www.coles.com.au/product/coca-cola-raspberry-zero-sugar-soft-drink-bottle-1.25l-6421271,,,2024-06-16T14:56:25.877706-04:00
Ind54SColes_ADrinks_SASoft drinks_IPepsi Max No Sugar Cola Soft Drink Cans Multipack 375mL x 24 Pack | 24 pack,Pepsi Max No Sugar Cola Soft Drink Cans Multipack 375mL x 24 Pack | 24 pack,Pepsi,Drinks,Soft drinks,Soft drink cans,,$34.85,Pick any 2 for $45,,$3.87 per 1L,7366022,"Pepsi Max No Sugar Soft drink offers a bold cola taste with no sugar. The smooth taste of Pepsi Max offers a deliciously refreshing and thirst-quenching cola refreshment that can be enjoyed anytime.

Pepsi Max No Sugar, has....no sugar. It's as simple as that with no taste compromise.

It's low in calories vs full sugar colas. And, in case you were wondering, it also has a bold cola taste that's comparable with full sugar cola products.

The 24 x Pepsi Max can pack is an ideal pack for enjoying at home and sharing with family or friends.

Pepsi Max soft drink is available in a range of other take-home pack sizes such as; mini cans for portion control and multi-serve bottles to suit all your cola drinking occasions.

For maximum enjoyment, drink chilled when you are looking for that fun, tasty, no sugar cola refreshment!

Pepsi Max. Max Taste, No Sugar.
Bold Taste with No Sugar

Low in Calories

On-the-Go Serve

Max Cola Refreshment",,,"Per 100g/ml
Per Serving
%DI
Energy
1.6
6kJ
0.10%
Protein
0.06
0.2
0.50%
Total Fat
0g
0g
0%
Saturated Fat
0g
0g
0%
Carbohydrate
0.06g
0.2g
0.10%
Sugars
0g
0g
0%
Sodium
13mg
49mg
2%
Dietary Fibre (total)
0g
0g
0%
* Percentage Daily Intakes are based on an average adult diet of 8700 kJ. Your daily intakes may be higher or lower depending on your energy needs.",,https://www.coles.com.au/product/pepsi-max-no-sugar-cola-soft-drink-cans-multipack-375ml-x-24-pack-24-pack-7366022,,,2024-06-16T14:56:36.896852-04:00
Ind54SColes_ADrinks_SASoft drinks_ISunkist Zero Sugar Orange Soft Drink Cans Multipack 375mL x 10 Pack | 10 pack,Sunkist Zero Sugar Orange Soft Drink Cans Multipack 375mL x 10 Pack | 10 pack,Sunkist,Drinks,Soft drinks,Soft drink cans,,$9.00,,$18.00,$2.40 per 1L,3531150,"Are you a fan of classic orange soft drink, but prefer to avoid the sugar? Look no further than Sunkist Zero Sugar! But don't let the zero sugar fool you - Sunkist Zero Sugar is packed with flavour! The bold, citrusy taste of Sunkist oranges shines through in every sip, making it the perfect choice for those who want a refreshing beverage that won't disappoint.

This 10 pack of 375mL cans offers all the refreshing taste of traditional Sunkist without the sugar.
Whether enjoyed on-the-go, at home, or at a summer BBQ, Sunkist Zero Sugar is sure to become your new favourite. Order your pack of Sunkist Zero Sugar today, and discover the flavourful taste of a classic Sunkist.
Sunkist Zero Sugar has a bold, citrusy taste that won't disappoint.

Zero Sugar and made with natural flavours

Its convenient 375ml 10 pack with handle makes it perfect to take with you to share.

Order now and enjoy the refreshing taste of Sunkist without compromise.

Crisp, and clean taste that won't disapoint.",,,"Per 100g/ml
Per Serving
%DI
Energy
2kJ
8kJ
0.10%
Protein
0g
0g
0%
Total Fat
0g
0g
0%
Saturated Fat
0g
0g
0%
Carbohydrate
0g
0g
0%
Sugars
0g
0g
0%
Sodium
16mg
60mg
3%
Dietary Fibre (total)
0g
0g
0%
* Percentage Daily Intakes are based on an average adult diet of 8700 kJ. Your daily intakes may be higher or lower depending on your energy needs.",,https://www.coles.com.au/product/sunkist-zero-sugar-orange-soft-drink-cans-multipack-375ml-x-10-pack-10-pack-3531150,,,2024-06-16T14:56:47.726348-04:00
Ind54SColes_ADrinks_SASoft drinks_INexba Kombucha Rose Lemonade Live Sparkling Probiotic Multipack Bottles 330mL | 4 pack,Nexba Kombucha Rose Lemonade Live Sparkling Probiotic Multipack Bottles 330mL | 4 pack,Nexba,Drinks,Soft drinks,Kombucha & other drinks,,$6.95,,$8.95,$5.27 per 1L,3529227,"Stuff in the bottle: Purified sparkling water, naturally fermented kombucha (purified water, oolong tea, sugarÂ°, kombucha cultures). Nexba Natural Sweetener Blend (erythritol*, stevia), food acids (citric acid), natural pear, apple & ginger flavour, natural flavours, probiotic culture (bacillus coagulans).
Â°Sugar has been fully consumed during the extended fermentation process to produce the kombucha.
*Erythritol is naturally produced by fermentation of starches in fruits and vegetables.
*Bacillus Coagulans
Our delicious and 100% natural kombucha is brewed over 40 days with real...
Oolong tea leaves & living scoby
Good gut feels
We've spent years innovating to formulate a unique strain of smart & robust probiotic that survives the journey to your gut! These little beauties work hard to promote good gut health.",,,"Per 100g/ml
Per Serving
%DI
Energy
11kJ
36kJ
Protein
0g
0g
Total Fat
0g
0g
Saturated Fat
0g
0g
Carbohydrate
0.2g
0.5g
Sugars
0g
0g
Sodium
0.9mg
3mg
* Percentage Daily Intakes are based on an average adult diet of 8700 kJ. Your daily intakes may be higher or lower depending on your energy needs.",,https://www.coles.com.au/product/nexba-kombucha-rose-lemonade-live-sparkling-probiotic-multipack-bottles-330ml-4-pack-3529227,,,2024-06-16T14:56:58.523829-04:00
Ind54SColes_ADrinks_SASoft drinks_ISodasmith Lemon Myrtle Tonic Can 4x200mL | 4 pack,Sodasmith Lemon Myrtle Tonic Can 4x200mL | 4 pack,Sodasmith,Drinks,Soft drinks,Mixers,,$7.00,,,$8.75 per 1L,5563656,"Sodasmith Lemon Myrtle Tonic Water is vibrant, citrusy and downright moreish; great with spirits or entirely delicious on its own as a non-alc option. Like all of the Sodasmith products, this tonic is made with 100% Tasmanian spring water and all-natural plant-based ingredients, plus native Australian Lemon Myrtle. Crafted by the Elements.",,,"Per 100g/ml
Per Serving
%DI
Energy
101kJ
202kJ
Protein
0g
0g
Total Fat
0g
0g
Saturated Fat
0g
0g
Carbohydrate
6g
12g
Sugars
4.7g
9.4g
Sodium
2.7mg
5.4mg
Dietary Fibre (total)
0g
0g
* Percentage Daily Intakes are based on an average adult diet of 8700 kJ. Your daily intakes may be higher or lower depending on your energy needs.",,https://www.coles.com.au/product/sodasmith-lemon-myrtle-tonic-can-4x200ml-4-pack-5563656,,,2024-06-16T14:57:09.806177-04:00
Ind54SColes_ADrinks_SASoft drinks_ISchweppes Lemonade Soft Drink Single Bottle | 2L,Schweppes Lemonade Soft Drink Single Bottle | 2L,Schweppes,Drinks,Soft drinks,Soft drink bottles,,$3.60,,,$1.80 per 1L,240208,"Welcome to the refreshing world of Schweppes Lemonade! This iconic drink has been a favourite for generations, and with good reason. With a crisp, clean taste that is perfect for quenching your thirst, Schweppes Lemonade is sure to become a staple in your household.

Made with a harmonious blend of lemon and lime oils, Schweppes Lemonade has a zesty, refreshing flavour that will delight your senses. Each 2L bottle is handcrafted by Schweppes' Master Blenders, ensuring that every sip is of the highest quality.

Schweppes Lemonade is the perfect drink to share with friends and family. Whether you're relaxing on a lazy afternoon or hosting a summer barbecue, this drink is sure to be a crowd-pleaser. Enjoy it on its own, chilled to perfection, or use it to create your very own signature cocktails.

Here at Schweppes, we take pride in our commitment to quality and taste. Our Lemonade is made with only the finest ingredients, ensuring that you get a drink that is both delicious and refreshing. So why wait? Stock up on Schweppes Lemonade 2L today and experience the refreshing taste of this iconic drink!
Crisp, clean taste perfect for quenching thirst

Handcrafted by Master Blenders for highest quality

Zesty, refreshing flavour with lemon and lime oils

Perfect for sharing at barbecues and lazy afternoons

Made with finest ingredients, ensuring delicious, refreshing taste",,,"Per 100g/ml
Per Serving
%DI
Energy
143kJ
385kJ
Protein
0g
0g
Total Fat
0g
0g
Saturated Fat
0g
0g
Carbohydrate
8.2g
20.5g
Sugars
8.2g
20.5g
Sodium
6mg
15mg
* Percentage Daily Intakes are based on an average adult diet of 8700 kJ. Your daily intakes may be higher or lower depending on your energy needs.",,https://www.coles.com.au/product/schweppes-lemonade-soft-drink-single-bottle-2l-240208,,,2024-06-16T14:57:20.757736-04:00
Ind54SColes_ADrinks_SASoft drinks_IKirks Orange Soft Drink | 1.25L,Kirks Orange Soft Drink | 1.25L,Kirks,Drinks,Soft drinks,Soft drink bottles,,$1.60,,$2.70,$1.28 per 1L,6421646,"This isn't just any orange flavoured drink, this is Kirks! As classic as a refreshing ocean dip on a hot summer's day. Made in Australia with no artificial colours and flavours, this beverage is an Aussie favourite, providing fun and delicious refreshment for any occasion. Enjoy an amazing tangy taste!
Tangy and delicious Orange Flavour

No artificial colours or flavours

Fun refreshment for any occasion

Made in Australia",,,"Per 100g/ml
Per Serving
%DI
Energy
137
343
4
Total Fat
0
Saturated Fat
0
0
0
Carbohydrate
7.9
20
6
Sugars
7.8
20
22
Sodium
5.1
12.8
0.6
Energy (Cal)
33
82
4
Dietary Fibre (total)
0
0
0
* Percentage Daily Intakes are based on an average adult diet of 8700 kJ. Your daily intakes may be higher or lower depending on your energy needs.",,https://www.coles.com.au/product/kirks-orange-soft-drink-1.25l-6421646,,,2024-06-16T14:57:31.648672-04:00
Ind54SColes_ADrinks_SASoft drinks_IColes Pineapple Drink | 1.25L,Coles Pineapple Drink | 1.25L,Coles,Drinks,Soft drinks,Soft drink bottles,,$1.20,,,$0.96 per 1L,5179181,Coles Pineapple Flavoured drink 1. 25 Litre. No Artificial Colours & Flavours use as a mixer or refreshing beverage,,,"Per 100g/ml
Per Serving
%DI
Energy
187kJ
468kJ
5%
Protein
0g
0g
Total Fat
0g
0g
Saturated Fat
0g
0g
Carbohydrate
11g
27.5g
9%
Sugars
10.8g
27g
30%
Sodium
10mg
25mg
1%
Dietary Fibre (total)
0g
0g
* Percentage Daily Intakes are based on an average adult diet of 8700 kJ. Your daily intakes may be higher or lower depending on your energy needs.",,https://www.coles.com.au/product/coles-pineapple-drink-1.25l-5179181,,,2024-06-16T14:58:29.056811-04:00
Ind54SColes_ADrinks_SASoft drinks_ICoca-Cola Vanilla Soft Drink | 1.25L,Coca-Cola Vanilla Soft Drink | 1.25L,Coca-Cola,Drinks,Soft drinks,Soft drink bottles,,$3.85,Pick any 2 for $5.60,,$3.08 per 1L,9391600,"Coca-Cola Vanilla has the refreshing Coca-Cola Classic taste with the sweet aroma of vanilla, making it a delicious twist on an old favourite. Coca-Cola Vanilla soft drink is available in multipack cans, single serve bottles and sharing size bottles. There's a pack for almost any occasion.
Classic Coke Taste with a Twist

Sweet Hint of Vanilla

A Quality Product of The Coca-Cola Company

1.25L Soft Drink

Perfect for drinking on the go, having with a meal or relaxing with at home.",,,"Per 100g/ml
Per Serving
%DI
Energy
185
463
5
Protein
0
0
0
Total Fat
0
0
0
Saturated Fat
0
0
0
Carbohydrate
11
28
9
Sugars
10.9
27
30
Sodium
10
25
1
Energy (Cal)
44
110
5
* Percentage Daily Intakes are based on an average adult diet of 8700 kJ. Your daily intakes may be higher or lower depending on your energy needs.",,https://www.coles.com.au/product/coca-cola-vanilla-soft-drink-1.25l-9391600,,,2024-06-16T14:58:39.932537-04:00
Ind54SColes_ADrinks_SASoft drinks_ICoca-Cola Classic Soft Drink Multipack Cans 30x375mL | 30 Pack,Coca-Cola Classic Soft Drink Multipack Cans 30x375mL | 30 Pack,Coca-Cola,Drinks,Soft drinks,Soft drink cans,,$47.20,,,$4.20 per 1L,8464796,"Nothing beats the taste of Coca-Cola Classic. It's the perfect companion whether you're on the go, relaxing at home, enjoying with friends or as a drink with your meal. Refresh yourself with the authentic Coke taste. Designed to go with everything, the taste of Classic Coca-Cola has remained unchanged for more than 130 years. Coca-Cola soft drink is available in cans, mini cans, single serve and sharing size bottles as well as multipacks.
Classic Coke Taste

Serve Drink Cold for Maximum Refreshment

A Quality Product of The Coca-Cola Company

Multipack soft drink, 30 x 375ml Cans

Perfect for drinking on the go, having with a meal or relaxing with at home.",,,"Per 100g/ml
Per Serving
%DI
Energy
180
675
8
Protein
0
0
0
Total Fat
0
0
0
Saturated Fat
0
0
0
Carbohydrate
10.6
40
13
Sugars
10.6
40
44
Sodium
10
38
2
Energy (Cal)
43
161
8
* Percentage Daily Intakes are based on an average adult diet of 8700 kJ. Your daily intakes may be higher or lower depending on your energy needs.",,https://www.coles.com.au/product/coca-cola-classic-soft-drink-multipack-cans-30x375ml-30-pack-8464796,,,2024-06-16T14:58:51.842038-04:00
Ind54SColes_ADrinks_SASoft drinks_ICoca-Cola Zero Sugar Soft Drink Multipack Cans 10x375mL | 10 pack,Coca-Cola Zero Sugar Soft Drink Multipack Cans 10x375mL | 10 pack,Coca-Cola,Drinks,Soft drinks,Soft drink cans,,$19.00,Pick any 2 for $25,,$5.07 per 1L,2993739,"Coca-Cola Zero Sugar is a deliciously light choice for those who want the classic taste of Coke with no sugar. Whether sharing with family and friends or accompanying a meal, Coca-Cola Zero Sugar has a pack for almost any occasion. Coca-Cola Zero Sugar soft drink is available in cans, mini cans, single serve and sharing size bottles as well as multipacks.
The Coke Taste You Love with No Sugar and Low Calories

Serve Drink Cold for Maximum Refreshment

A Quality Product of The Coca-Cola Company

Perfect for drinking on the go, having with a meal or relaxing with at home.

Serve Drink Cold for Maximum Refreshment",,,"Per 100g/ml
Per Serving
%DI
Energy
1.2
4.5
0.1
Protein
0.02
0.09
0.2
Total Fat
0
0
0
Saturated Fat
0
0
0
Carbohydrate
0.03
0.1
0.1
Sugars
0
0
0
Sodium
4.1
15
0.7
Energy (Cal)
0.3
1.1
0.1
Dietary Fibre (total)
0
0
0
* Percentage Daily Intakes are based on an average adult diet of 8700 kJ. Your daily intakes may be higher or lower depending on your energy needs.",,https://www.coles.com.au/product/coca-cola-zero-sugar-soft-drink-multipack-cans-10x375ml-10-pack-2993739,,,2024-06-16T14:59:02.787365-04:00
Ind54SColes_ADrinks_SASoft drinks_ISprite Zero Sugar Lemonade Soft Drink Multipack Mini Cans 6 x 250mL | 6 pack,Sprite Zero Sugar Lemonade Soft Drink Multipack Mini Cans 6 x 250mL | 6 pack,Sprite,Drinks,Soft drinks,Soft drink cans,,$6.75,,$9.20,$4.50 per 1L,4398758,"With its clean, crisp, lemon-lime taste, Sprite Zero Sugar is a lemonade soft drink. Quench your thirst with a zero sugar hit of refreshment! Perfect with meals, as a mixer, on the go and relaxing at home. Sprite Zero Sugar softdrink has no artificial colours. Sprite Zero Sugar is available in cans, mini cans, single serve and sharing size bottles as well as multipacks.
Hit of refreshment

Lemon-lime flavour

No added colours

Zero Sugar

Great with meals",,,"Per 100g/ml
Per Serving
%DI
Energy
2.5
4.2
0.1
Protein
1
2.5
Total Fat
0
0
Saturated Fat
0
0
Carbohydrate
0.1
0.3
Sugars
0
0
Sodium
12.7
32
Energy (Cal)
4.2
10.5
0.1
Dietary Fibre (total)
0
0
* Percentage Daily Intakes are based on an average adult diet of 8700 kJ. Your daily intakes may be higher or lower depending on your energy needs.","Carbonated water, food acids (330, 331), flavour, sweeteners (951,950), preservatives (202, 211)",https://www.coles.com.au/product/sprite-zero-sugar-lemonade-soft-drink-multipack-mini-cans-6-x-250ml-6-pack-4398758,,,2024-06-16T14:59:14.796246-04:00
Ind54SColes_ADrinks_SASoft drinks_IPepsi Cola Soft Drink Cans Multipack 375mL x 10 Pack | 10 pack,Pepsi Cola Soft Drink Cans Multipack 375mL x 10 Pack | 10 pack,Pepsi,Drinks,Soft drinks,Soft drink cans,,$9.00,,$18.00,$2.40 per 1L,2684213,"The smooth taste of Pepsi cola offers a deliciously refreshing and thirst-quenching soft drink that can be enjoyed anytime. Our classic and bold cola soft drink is best enjoyed chilled or poured over ice.



If you are thinking about reducing your sugar intake then try Pepsi Max, a bold cola taste with no sugar and no taste compromise that offers mouth-watering refreshment.


Equally if you are looking for something a bit different then try one of our deliciously refreshing Pepsi Max No Sugar Flavours; Vanilla, Mango or Creaming Soda.



The 10 x Pepsi can pack is an ideal pack for enjoying at home and sharing with family or friends. You can also store it all on the fridge shelf for easy access to a refreshing, cool cola at any time.


Pepsi soft drink is available in a range of other take-home pack sizes such as; mini cans for portion control and multi-serve bottles to suit all your cola drinking occasions.
Signature Pepsi cola taste

Bold & refreshing

Ideal for Sharing

Fridge-Friendly Pack",,,"Per 100g/ml
Per Serving
%DI
Energy
185kJ
694kJ
8%
Protein
0g
0g
0%
Total Fat
0g
0g
0%
Saturated Fat
0g
0g
0%
Carbohydrate
10.9g
40.9g
13%
Sugars
10.9g
40.9g
45%
Sodium
12mg
45mg
2%
* Percentage Daily Intakes are based on an average adult diet of 8700 kJ. Your daily intakes may be higher or lower depending on your energy needs.",,https://www.coles.com.au/product/pepsi-cola-soft-drink-cans-multipack-375ml-x-10-pack-10-pack-2684213,,,2024-06-16T14:59:26.242546-04:00
Ind54SColes_ADrinks_SA_ICoca-Cola Zero Sugar Soft Drink Multipack Cans 30x375mL | 30 Pack,Coca-Cola Zero Sugar Soft Drink Multipack Cans 30x375mL | 30 Pack,Coca-Cola,Drinks,,,,$47.20,,,$4.20 per 1L,8464810,"Coca-Cola Zero Sugar is a deliciously light choice for those who want the classic taste of Coke with no sugar. Whether sharing with family and friends or accompanying a meal, Coca-Cola Zero Sugar has a pack for almost any occasion. Coca-Cola Zero Sugar soft drink is available in cans, mini cans, single serve and sharing size bottles as well as multipacks.
The Coke Taste You Love with No Sugar and Low Calories

Serve Drink Cold for Maximum Refreshment

A Quality Product of The Coca-Cola Company

Perfect for drinking on the go, having with a meal or relaxing with at home.

Serve Drink Cold for Maximum Refreshment",,,"Per 100g/ml
Per Serving
%DI
Energy
1.2
4.5
0.1
Protein
0.02
0.09
0.2
Total Fat
0
0
0
Saturated Fat
0
0
0
Carbohydrate
0.03
0.1
0.1
Sugars
0
0
0
Sodium
4.1
15
0.7
Energy (Cal)
0.3
1.1
0.1
Dietary Fibre (total)
0
0
0
* Percentage Daily Intakes are based on an average adult diet of 8700 kJ. Your daily intakes may be higher or lower depending on your energy needs.","Carbonated Water, Colour (150d), Food Acids (338, 331), Sweeteners (951, 950), Flavour, Caffeine.",https://www.coles.com.au/product/coca-cola-zero-sugar-soft-drink-multipack-cans-30x375ml-30-pack-8464810,,,2024-06-16T14:59:38.205151-04:00
Ind54SColes_ADrinks_SASoft drinks_IDeep Spring Natural Mineral Water Orange Passionfruit Multipack Mini Cans 6x250mL | 6 pack,Deep Spring Natural Mineral Water Orange Passionfruit Multipack Mini Cans 6x250mL | 6 pack,Deep Spring,Drinks,Soft drinks,Soft drink cans,,$6.75,,$9.20,$4.50 per 1L,5484607,"Deep Spring Orange & Passionfruit is sparkling mineral water with a burst of real fruit juice. With low sugar and natural colours and flavours, it's delicious refreshment you can feel good about.
2.5 Health Star Rating

6 x 250mL Mini Cans

Orange and Pasisonfruit Flavour

No artificial colours and no artificial flavours

Perfect for drinking with friends",,,"Per 100g/ml
Per Serving
%DI
Energy
46kJ
114kJ
1%
Protein
less than 0.1g
0.1g
0.00%
Total Fat
less than 0.1g
less than 0.1g
0.00%
Saturated Fat
less than 0.1g
less than 0.1g
0.00%
Carbohydrate
2.3g
5.8g
2.00%
Sugars
2.3g
5.8g
6.00%
Sodium
10.1mg
26mg
1.00%
Energy (Cal)
10.9Cal
27Cal
Dietary Fibre (total)
less than 0.1g
less than 0.1g
0.00%
* Percentage Daily Intakes are based on an average adult diet of 8700 kJ. Your daily intakes may be higher or lower depending on your energy needs.",,https://www.coles.com.au/product/deep-spring-natural-mineral-water-orange-passionfruit-multipack-mini-cans-6x250ml-6-pack-5484607,,,2024-06-16T14:59:49.260914-04:00
Ind54SColes_ADrinks_SAContinental_IContinental Snack Pot Cheese & Bacon Pasta | 70g,Continental Snack Pot Cheese & Bacon Pasta | 70g,Continental,Drinks,Continental,"Soup, Rice & Pasta",,$3.00,Pick any 2 for $4.50,,$4.29 per 100g,3831255,"Continental Snack Pot Cheese & Bacon Pasta is a delicious instant pasta made with ingredients of natural origin. Just add boiling water, stir well, wait 6 minutes and it is ready!

Free from artificial colour, artificial flavours and preservatives, Continental Snack Pot Cheese & Bacon Pasta is an easy and delicious way for you to enjoy your favourite cheese & bacon pasta. The perfect light snack or a mini meal.

Continental Snack Pots have four variants in the range: Curry Rice, Cheesy Rice, Cheese & Bacon Pasta and Cheesy Tomato Pasta.

For more information and to learn more about all Continental products visit continental.com.au.

How to Prepare: Peel open the lid halfway, then carefully pour boiling water to the fill line. Stir well then close lid over pot. Leave to stand for 6 minutes. Stir again, then enjoy! CAUTION: CUP AND CONTENTS WILL BE HOT.

Ingredients: Pasta (57%) (wheat semolina, egg white powder), maltodextrin, cream powder, starch (potato, corn), cheese powder (4%), creamer (vegetable oil, glucose syrup, lactose, milk protein, mineral salts (340, 452)), natural
flavours (contain milk), bacon powder (1.5%), salt, chives (0.7%), mineral salt (potassium chloride), sugar, yeast extract, onion powder, vegetable oil, natural colour (turmeric).
Continental Snack Pots are a source of protein

Continental Snack Pots are a great mini meal

Continental Snack Pots are free from artificial colour

Continental Snack Pots are free from artificial flavours

Continental Snack Pots are free from preservatives

Continental Snack Pots are made with ingredients of natural origin.",,,,"Pasta (57%) (wheat semolina, egg white powder), maltodextrin, potato starch, cream powder, creamer [contains milk, mineral salts (339 or 340, 450 or 451)], cheese powder (4%), natural flavours (contain milk), salt, bacon powder (1.5%), skim milk powder, chives (0.7%), vegetable oil, yeast extract, mineral salt (potassium chloride), sugar, onion powder, natural colour (turmeric). Contains naturally occurring glutamates.",https://www.coles.com.au/product/continental-snack-pot-cheese-and-bacon-pasta-70g-3831255,,,2024-06-16T14:59:58.127997-04:00
Ind54SColes_ADrinks_SASoft drinks_ISprite Lemonade Flavoured Soft Drink 12x300mL | 12 pack,Sprite Lemonade Flavoured Soft Drink 12x300mL | 12 pack,Sprite,Drinks,Soft drinks,Soft drink bottles,,$11.40,,$19.00,$3.17 per 1L,6670050,"With its clean, crisp, lemon-lime taste, Sprite is a lemonade soft drink with a hit of refreshment. Perfect with meals, as a mixer, on the go or relaxing at home. Sprite soft drink has natural flavours. Sprite is available in cans, mini cans, single serve and sharing size bottles as well as multipacks.
Hit of refreshment

Lemon-lime flavour

Natural flavour

Great with meals

12 x 300ml multipack",,,"Per 100g/ml
Per Serving
%DI
Energy
120
361
0
Protein
0.01
0.02
0
Total Fat
0
0
Saturated Fat
0
0
0
Carbohydrate
6.9
21
0
Sugars
6.9
21
0
Sodium
6.8
20
0
Energy (Cal)
29
86
0
Dietary Fibre (total)
0
0
0
* Percentage Daily Intakes are based on an average adult diet of 8700 kJ. Your daily intakes may be higher or lower depending on your energy needs.","Carbonated Water, Sugar, Food Acids (330, 334, 331) Flavour, Preservative (202), Sweeteners (951, 950).",https://www.coles.com.au/product/sprite-lemonade-flavoured-soft-drink-12x300ml-12-pack-6670050,,,2024-06-16T15:00:10.253429-04:00
Ind54SColes_ADrinks_SASoft drinks_IQue Soft Drink Cola 12x300mL | 12 pack,Que Soft Drink Cola 12x300mL | 12 pack,Que,Drinks,Soft drinks,Soft drink bottles,,$8.00,,,$2.22 per 1L,5197911,"A refreshing range of colas exclusive to Coles supermarkets, Que is available in Regular and No Sugar. Great taste and well priced! Taste the difference.",,,"Per 100g/ml
Per Serving
%DI
Energy
183kJ
549kJ
6.30%
Protein
0g
0g
0%
Total Fat
0g
0g
0%
Saturated Fat
0g
0g
0%
Carbohydrate
10.7g
32.1g
10.40%
Sugars
10.7g
32.1g
35.70%
Sodium
5mg
15mg
0.70%
* Percentage Daily Intakes are based on an average adult diet of 8700 kJ. Your daily intakes may be higher or lower depending on your energy needs.",,https://www.coles.com.au/product/que-soft-drink-cola-12x300ml-12-pack-5197911,,,2024-06-16T15:00:22.366189-04:00
Ind54SColes_ADrinks_SA_ISchweppes Zero Sugar Classic Mixers Indian Tonic Water Bottle | 1.1L,Schweppes Zero Sugar Classic Mixers Indian Tonic Water Bottle | 1.1L,Schweppes,Drinks,,,,$3.00,,,$2.73 per 1L,3014828,"Looking for a refreshing and low-calorie tonic water that's perfect for mixing? Look no further than Schweppes Classic Mixers Indian Tonic Water Zero Sugar 1.1L! This zero sugar version of the classic Indian Tonic Water brings the same citrusy blend of flavours with a bitter finish that's perfect as a mixer.

Crafted with natural oils of lemons and oranges, this light and refreshing tonic water beautifully pairs citrus flavours with quinine. And with its low calorie count, it's just as enjoyable on its own as it is mixed into gin or vodka to suit your taste.

So whether you're looking to mix up a classic G&T or simply enjoy a refreshing drink on its own, Schweppes Classic Mixers Indian Tonic Water Zero Sugar 1.1L is the perfect choice. Order now and experience the delicious taste and refreshing flavour of this classic mixer!
Zero sugar version of classic Indian Tonic Water

Crafted with natural oils of lemons and oranges

Low calorie count, perfect for mixing or enjoying alone

Citrusy blend of flavors with a bitter finish

Ideal mixer for classic G&T and other cocktails",,,"Per 100g/ml
Per Serving
%DI
Energy
7kJ
18kJ
Protein
0g
0g
Total Fat
0g
0g
Saturated Fat
0g
0g
Carbohydrate
0g
0g
Sugars
0g
0g
Sodium
20mg
50mg
Dietary Fibre (total)
0g
0g
* Percentage Daily Intakes are based on an average adult diet of 8700 kJ. Your daily intakes may be higher or lower depending on your energy needs.",,https://www.coles.com.au/product/schweppes-zero-sugar-classic-mixers-indian-tonic-water-bottle-1.1l-3014828,,,2024-06-16T15:00:33.347187-04:00
Ind54SColes_ADrinks_SABeverages_IKirks Mixers Soda Water Mini Cans 6x250mL | 6 pack,Kirks Mixers Soda Water Mini Cans 6x250mL | 6 pack,Kirks,Drinks,Beverages,Soft drink & energy drinks,,$4.90,,,"$3.27 per 1L
Was $8.20 on Apr 2024",6670141,"Kirks Club Soda Water is carbonated water to enjoy either straight or as a mixer.
To enjoy either straight or as a mixer.

Classic and versatile mixer

Made in Australia

Best served chilled",,,"Per 100g/ml
Per Serving
%DI
Energy
0
0
0
Total Fat
0
Saturated Fat
0
0
0
Carbohydrate
0
0
0
Sugars
0
0
0
Sodium
1
2.5
0.1
Energy (Cal)
0
0
0
Dietary Fibre (total)
0
0
0
* Percentage Daily Intakes are based on an average adult diet of 8700 kJ. Your daily intakes may be higher or lower depending on your energy needs.",,https://www.coles.com.au/product/kirks-mixers-soda-water-mini-cans-6x250ml-6-pack-6670141,,,2024-06-16T15:00:45.496660-04:00
Ind54SColes_ADrinks_SASoft drinks_ISchweppes Indian Tonic Water Classic Mixers Bottle | 1.1L,Schweppes Indian Tonic Water Classic Mixers Bottle | 1.1L,Schweppes,Drinks,Soft drinks,Mixers,,$3.00,,,$2.73 per 1L,3014806,"Introducing the Schweppes Classic Mixers Indian Tonic Water - a classic and timeless sparkling drink that will surely elevate your summer cocktail game to the next level. Its citrusy and zesty taste with a transparent colour makes it a perfect choice for mixed drinks or enjoyed straight up.

Crafted with juicy lemons, oranges, and quinine, Schweppes Classic Mixers Indian Tonic Water 1.1L delivers a hit of freshness that is unparalleled. Whether you are a gin and tonic aficionado or looking to add a twist to your vodka or rum-based drinks, this tonic water is your go-to choice.

The perfect balance of sweet and tangy, Schweppes Classic Mixers Indian Tonic Water offers a refreshing and distinctively delicious taste that makes it a staple item in many bars and households alike. Drink it alone, mix it with your preferred liquor, or even use it to create your own unique cocktail - the possibilities are endless!

Made with only the finest and freshest ingredients, this tonic water is gluten-free and contains no artificial sweeteners, flavours or preservatives. With the large bottle of 1.1L, you have enough to last you for multiple occasions.

So, why wait? Buy Schweppes Classic Mixers Indian Tonic Water now and make your drinks stand out with a refreshing taste that is timeless and unmatched. Enjoy the classic taste of Schweppes today!
Experience unparalleled freshness with a blend of lemons, oranges and quinine

Perfectly balanced taste of sweet and tangy for a delicious sip

Versatile use for mixing or enjoying straight-up with no artificial additives

Large 1.1L bottle great offers unbeatable value for multiple occasions.

Elevate your cocktail game with a timeless and unmatched classic taste",,,"Per 100g/ml
Per Serving
%DI
Energy
154kJ
385kJ
Protein
0g
0g
Total Fat
0g
0g
Saturated Fat
0g
0g
Carbohydrate
8.7g
21.8g
Sugars
8.7g
21.8g
Sodium
2mg
5mg
* Percentage Daily Intakes are based on an average adult diet of 8700 kJ. Your daily intakes may be higher or lower depending on your energy needs.",,https://www.coles.com.au/product/schweppes-indian-tonic-water-classic-mixers-bottle-1.1l-3014806,,,2024-06-16T15:00:57.729612-04:00
Ind54SColes_ADrinks_SASoft drinks_IFanta Pineapple Zero Sugar Mini Cans 6x250mL | 6 pack,Fanta Pineapple Zero Sugar Mini Cans 6x250mL | 6 pack,Fanta,Drinks,Soft drinks,Soft drink cans,,$6.75,,$9.20,$4.50 per 1L,7714570,"Bright, bubbly and popular, Fanta Pineapple is a sparkling soft drink with delicious pineapple flavour. Fanta Pineapple softdrink is perfect for relaxing at home, on the go or having with meals. Fanta Pineapple is available in single serve and sharing size bottles.
Bold Fruity Taste

A Quality Product of The Coca-Cola Company

Pineapple Flavour

250mL Soft Drink

Bring Home Flavour",,,"Per 100g/ml
Per Serving
%DI
Energy
2.4
6
Protein
0
0
Total Fat
0
0
Saturated Fat
0
0
Carbohydrate
0.02
0.04
Sugars
0
0
Sodium
6.8
17
Energy (Cal)
0.6
1.4
Dietary Fibre (total)
0
0
* Percentage Daily Intakes are based on an average adult diet of 8700 kJ. Your daily intakes may be higher or lower depending on your energy needs.",,https://www.coles.com.au/product/fanta-pineapple-zero-sugar-mini-cans-6x250ml-6-pack-7714570,,,2024-06-16T15:01:09.608580-04:00
Ind54SColes_ADrinks_SASoft drinks_IFever-Tree Premium Mixers Light Meditteranean Tonic 4x200mL | 4 pack,Fever-Tree Premium Mixers Light Meditteranean Tonic 4x200mL | 4 pack,Fever-Tree,Drinks,Soft drinks,Mixers,,$9.00,,,$11.25 per 1L,5582388,"In our Light version, we use fruit sugar to sweeten the drink. The rocky hillside farms of the Provence region of southern France benefit from the warm air flowing inland from the Mediterranean Sea, creating perfect growing conditions for hardy aromatic shrubs like lemon thyme. The well-drained soil and long, sun-filled days allow these plants to thrive and the flavours to deepen.
No. 1 Best Selling & Top Trending Mixer for 10 years running as voted by Drinks International

Same great taste, and made with with 46% less calories, our Light Mediterranean Tonic Water never compromises on flavour.

No artificial colours or flavours.",,,"Per 100g/ml
Per Serving
%DI
Energy
72
144
Protein
0
0
Total Fat
0
0
Saturated Fat
0
0
Carbohydrate
4.2g
8.4g
Sugars
4.2g
8.4g
Sodium
7mg
14mg
Monounsaturated
0
0
Energy (Cal)
17
34
Dietary Fibre (total)
0
0
Polyunsaturated
0
0
Trans
0
0
* Percentage Daily Intakes are based on an average adult diet of 8700 kJ. Your daily intakes may be higher or lower depending on your energy needs.",,https://www.coles.com.au/product/fever-tree-premium-mixers-light-meditteranean-tonic-4x200ml-4-pack-5582388,,,2024-06-16T15:01:23.852256-04:00
Ind54SColes_ADrinks_SASoft drinks_INexba Kombucha Mixed Berry 4x330mL | 4 pack,Nexba Kombucha Mixed Berry 4x330mL | 4 pack,Nexba,Drinks,Soft drinks,Kombucha & other drinks,,$6.95,,$8.95,$5.27 per 1L,3529191,"At Nexba we do sugar free differently. We're on a mission to rid the world of sugar and artificial ingredients, creating delicious products that are All Natural and completely sugar free. Proudly Aussie Made and Owned, one sip takes you straight to summer. CHEERS TO THAT!",,,"Per 100g/ml
Per Serving
%DI
Energy
10kJ
32kJ
Protein
0g
0g
Total Fat
0g
0g
Saturated Fat
0g
0g
Carbohydrate
0.2g
0.5g
Sugars
0g
0g
Sodium
<1mg
<1mg
* Percentage Daily Intakes are based on an average adult diet of 8700 kJ. Your daily intakes may be higher or lower depending on your energy needs.",,https://www.coles.com.au/product/nexba-kombucha-mixed-berry-4x330ml-4-pack-3529191,,,2024-06-16T15:01:35.723145-04:00
Ind54SColes_ADrinks_SASoft drinks_IPepsi Max No Sugar Creaming Soda Cola Soft Drink Cans Multipack 375mL x 10 Pack | 10 pack,Pepsi Max No Sugar Creaming Soda Cola Soft Drink Cans Multipack 375mL x 10 Pack | 10 pack,Pepsi,Drinks,Soft drinks,Soft drink cans,,$9.00,,$18.00,$2.40 per 1L,6574115,"Indulge in the deliciously bold taste of Pepsi Max No Sugar Creaming Soda! This low calorie soft drink is the perfect choice for those who want maximum taste without the sugar. With a hint of creaming soda and fairy floss flavour, this refreshing beverage offers a delightful taste sensation that will leave you wanting more.

The 600mL bottle is the perfect size for home or on-the-go, while the 1.25L bottle and 10 can pack are great for sharing with family and friends. Whether you're looking for a refreshing drink while out and about or a tasty treat at home, Pepsi Max No Sugar Creaming Soda has got you covered.

Enjoy this invigorating soft drink chilled for maximum enjoyment. With no sugar and maximum taste, Pepsi Max Creaming Soda is the perfect choice for any occasion. So why wait? Treat yourself to the bold and creamy taste of Pepsi Max No Sugar Creaming Soda today!
Indulge in the bold and creamy taste of Pepsi Max.

Low calorie soft drink, sugar-free indulgence.

Perfect size for home, on-the-go, or sharing.

Invigorating when chilled, delightful taste sensation.

Maximum taste with no sugar, perfect for any occasion.",,,"Per 100g/ml
Per Serving
%DI
Energy
3kJ
11kJ
0.10%
Protein
0.1g
0.4g
0.80%
Total Fat
0g
0g
0%
Saturated Fat
0g
0g
0%
Carbohydrate
0.1g
0.4g
0.10%
Sugars
0g
0g
0%
Sodium
10mg
38mg
2%
Dietary Fibre (total)
0g
0g
0%
* Percentage Daily Intakes are based on an average adult diet of 8700 kJ. Your daily intakes may be higher or lower depending on your energy needs.",,https://www.coles.com.au/product/pepsi-max-no-sugar-creaming-soda-cola-soft-drink-cans-multipack-375ml-x-10-pack-10-pack-6574115,,,2024-06-16T15:01:46.710082-04:00
Ind54SColes_ADrinks_SASoft drinks_ISodasmith Tonic Can 4x200mL | 4 pack,Sodasmith Tonic Can 4x200mL | 4 pack,Sodasmith,Drinks,Soft drinks,Mixers,,$7.00,,,$8.75 per 1L,5563645,Sodasmith Tasmanian Tonic Water is a delicious mixer made with 100% Tasmanian spring water and only all-natural plant-based ingredients. This Mediterranean inspired tonic is complemented by aromas of fresh citrus and lemon thyme. Crafted by the Elements.,,,,,https://www.coles.com.au/product/sodasmith-tonic-can-4x200ml-4-pack-5563645,,,2024-06-16T15:01:56.693075-04:00
Ind54SColes_ADrinks_SASoft drinks_IFanta Orange Zero Sugar Cans 10x375mL | 10 Pack,Fanta Orange Zero Sugar Cans 10x375mL | 10 Pack,Fanta,Drinks,Soft drinks,Soft drink cans,,$19.00,Pick any 2 for $25,,$5.07 per 1L,4398420,"Bright, bubbly and popular. Fanta Orange Zero Sugar is a soft drink with a tingly, fruity, bold taste with no sugar. Fanta Orange Zero Sugar is perfect for relaxing at home, on the go or having with meals. Fanta Orange Zero Sugar is available in cans, mini cans and multi-serve bottles.
Bold fruity taste

Orange flavour

Zero Sugar

2x10 375mL Can Soft Drink

Bring home flavour",,,"Per 100g/ml
Per Serving
%DI
Energy
3.9
14.5
0.2
Protein
0.05
0.2
0.4
Total Fat
0
0
0
Saturated Fat
0
0
0
Carbohydrate
0.05
0.2
0.1
Sugars
0
0
0
Sodium
1.2
4.5
0.2
Energy (Cal)
3.5
0.2
0.2
Dietary Fibre (total)
0
0
0
* Percentage Daily Intakes are based on an average adult diet of 8700 kJ. Your daily intakes may be higher or lower depending on your energy needs.","Carbonated water, food acids (330, 332), flavour, sweeteners (951,950), preservative (212), colours (110,129)",https://www.coles.com.au/product/fanta-orange-zero-sugar-cans-10x375ml-10-pack-4398420,,,2024-06-16T15:02:07.722893-04:00
Ind54SColes_ADrinks_SA_IKirks Mixers Ginger Ale Mini Cans 6x250mL | 6 pack,Kirks Mixers Ginger Ale Mini Cans 6x250mL | 6 pack,Kirks,Drinks,,,,$4.90,,,"$3.27 per 1L
Was $8.20 on Apr 2024",6670130,"Kirks Dry Ginger Ale is a unique and refreshing beverage which can be enjoyed either straight or as a mixer.
To enjoy either straight or as a mixer.

Delicious and refreshing flavour

Made in Australia

Best served chilled",,,"Per 100g/ml
Per Serving
%DI
Energy
131
327
4
Protein
0
0
Total Fat
0
Saturated Fat
0
0
0
Carbohydrate
7.3
18
6
Sugars
7.3
18
20
Sodium
1
2.5
0.6
Energy (Cal)
31
78
4
Dietary Fibre (total)
0
0
0
* Percentage Daily Intakes are based on an average adult diet of 8700 kJ. Your daily intakes may be higher or lower depending on your energy needs.",,https://www.coles.com.au/product/kirks-mixers-ginger-ale-mini-cans-6x250ml-6-pack-6670130,,,2024-06-16T15:02:19.618425-04:00
Ind54SColes_ADrinks_SA_IKirks Creaming Soda Soft Drink Multipack Cans 10 x 375mL | 10 pack,Kirks Creaming Soda Soft Drink Multipack Cans 10 x 375mL | 10 pack,Kirks,Drinks,,,,$8.70,,$14.50,$2.32 per 1L,9125082,"This isn't just any creaming soda, this is Kirks! As classic as the sound of an icecream truck on a hot summer's day. We hope you give it the creaming-ist lick of approval Kirks Creaming Soda is also available in 1.25L bottle.
- Creaming Soda Flavour

- No artificial colours or flavours

- Fun refreshment for any occasion

- Uniquely Australian

- 10 x 375mL Multipack Cans Soft Drink",,,,"Carbonated Water, Sugar, Natural Flavour, Natural Colours (163, 120), Food Acid (330), Preservative (211)",https://www.coles.com.au/product/kirks-creaming-soda-soft-drink-multipack-cans-10-x-375ml-10-pack-9125082,,,2024-06-16T15:02:29.832520-04:00
Ind54SColes_ADrinks_SA_IKirks Lemonade Soft Drink 10x375mL | 10 Pack,Kirks Lemonade Soft Drink 10x375mL | 10 Pack,Kirks,Drinks,,,,$8.70,,$14.50,$2.32 per 1L,9124920,"This isn't just any lemonade, this is Kirks! As classic as your favourite pair of thongs. So slip 'em on and enjoy Kirks classic Lemonade. Kirks Lemonade is also available in 1.25L bottle.
- Lemonade

- No artificial colours or flavours

- Fun refreshment for any occasion

- Uniquely Australian

- 10 x 375mL Soft Drink",,,,"Carbonated Water, Sugar, Food Acid (330), Natural Flavour, Preservative (211)",https://www.coles.com.au/product/kirks-lemonade-soft-drink-10x375ml-10-pack-9124920,,,2024-06-16T15:02:38.859118-04:00
Ind54SColes_ADrinks_SASoft drinks_ISolo Thirst Crusher Original Lemon Soft Drink Cans Multipack 375mL x 10 Pack | 10 pack,Solo Thirst Crusher Original Lemon Soft Drink Cans Multipack 375mL x 10 Pack | 10 pack,Solo,Drinks,Soft drinks,Soft drink cans,,$9.00,,$18.00,$2.40 per 1L,2684144,"Introducing Solo Thirst Crusher Original Lemon, the perfect thirst-quenching drink that is sure to satisfy your taste buds. Made with 5% crushed lemons to ensure that every sip is packed with a deliciously tangy lemon flavour that is simply irresistible.

Ideal for those hot, summer days when you need to cool down, Solo Thirst Crusher Original Lemon is available in a convenient 10 x 375mL pack, making it perfect for sharing with family and friends. Whether you are enjoying a picnic in the park, heading to the beach, or simply relaxing at home, Solo Thirst Crusher Original Lemon is the perfect drink to keep you hydrated and refreshed.

And, if you're looking for a drink that is both delicious and refreshing, Solo Thirst Crusher Original Lemon is the way to go.

So why wait? Order your pack of Solo Thirst Crusher Original Lemon today and experience the deliciously refreshing taste of natural lemons in every sip. With its fantastic taste, Solo Thirst Crusher Original Lemon is the perfect drink for anyone who wants to stay fresh and hydrated throughout the day.
Made with 5% crushed lemons for tangy flavour

Free from artificial colours and flavours for a healthier choice

Convenient 10 x 375mL pack for sharing with family and friends

Ultimate thirst crusher for those hot summer days

Deliciously refreshing taste of natural lemons in every sip",,,"Per 100g/ml
Per Serving
%DI
Energy
200kJ
750kJ
9%
Protein
0.05g
0.2g
0.40%
Total Fat
0g
0g
0%
Saturated Fat
0g
0g
0%
Carbohydrate
11.5g
43.1g
14%
Sugars
11.5g
43.1g
48%
Sodium
18mg
68mg
3%
* Percentage Daily Intakes are based on an average adult diet of 8700 kJ. Your daily intakes may be higher or lower depending on your energy needs.",,https://www.coles.com.au/product/solo-thirst-crusher-original-lemon-soft-drink-cans-multipack-375ml-x-10-pack-10-pack-2684144,,,2024-06-16T15:02:50.352925-04:00
Ind54SColes_ADrinks_SASoft drinks_IFanta Orange Soft Drink Multipack Mini Cans 6x250mL | 6 pack,Fanta Orange Soft Drink Multipack Mini Cans 6x250mL | 6 pack,Fanta,Drinks,Soft drinks,Soft drink cans,,$6.75,,$9.20,$4.50 per 1L,4398725,"Bright, bubbly and popular, Fanta is the orange soft drink with a tingly, fruity and bold taste. With no artificial colours, Fanta softd rink is perfect for enjoying with friends, on the go or having with meals. Fanta Orange is available in cans, mini cans, single serve and sharing size bottles as well as multipacks.
Bold fruity taste

No artificial colours

Orange flavour

Bring home flavour

Orange flavour",,,"Per 100g/ml
Per Serving
%DI
Energy
127
316
2
Protein
0
0
0
Total Fat
0
0
0
Saturated Fat
0
0
0
Carbohydrate
7.3
18
4
Sugars
7.2
18
13
Sodium
1.1
2.7
0
Energy (Cal)
30
76
2
Dietary Fibre (total)
0
0
0
* Percentage Daily Intakes are based on an average adult diet of 8700 kJ. Your daily intakes may be higher or lower depending on your energy needs.",,https://www.coles.com.au/product/fanta-orange-soft-drink-multipack-mini-cans-6x250ml-6-pack-4398725,,,2024-06-16T15:03:01.628846-04:00
Ind54SColes_ADrinks_SASoft drinks_ILa Ice Cola Soft Drink | 2L,La Ice Cola Soft Drink | 2L,La Ice,Drinks,Soft drinks,Soft drink bottles,,$1.75,,$2.00,$0.88 per 1L,2506339,"Launched in 2000, LA Ice has gone on to become one of Australia's favourite colas. With a rich caramel flavour and great cola taste, LA Ice has become the cola alternative for consumers looking for a change from the major cola brands.",,,"Per 100g/ml
Per Serving
%DI
Energy
179kJ
446kJ
5%
Protein
0g
0g
0%
Total Fat
0g
0g
0%
Saturated Fat
0g
0g
0%
Carbohydrate
10.5g
26.3g
8%
Sugars
10.5g
26.3g
29%
Sodium
5mg
13mg
1%
* Percentage Daily Intakes are based on an average adult diet of 8700 kJ. Your daily intakes may be higher or lower depending on your energy needs.","Carbonated Water, Sugar, Colour (150d), Food Acid (338), Caffeine, Natural Flavour",https://www.coles.com.au/product/la-ice-cola-soft-drink-2l-2506339,,,2024-06-16T15:03:13.645339-04:00
Ind54SColes_ADrinks_SASoft drinks_ISchweppes Zero Sugar Mixers Lemon Lime & Bitters Soft Drink | 1.1L,Schweppes Zero Sugar Mixers Lemon Lime & Bitters Soft Drink | 1.1L,Schweppes,Drinks,Soft drinks,Mixers,,$3.00,,,$2.73 per 1L,3752738,"Looking for a refreshing drink that also has no sugar? Look no further than Schweppes Classic Mixers Lemon Lime & Bitters Zero Sugar 1.1L. This beloved Australian classic is now available with zero sugar, making it the perfect mixer for parties or a refreshing drink on a hot summer day.

The aromatic blend of bitters and lemon and lime juices make this classic mixer a standout choice. Enjoy it over ice with a slice of lemon or mix it with your favourite alcohol for a delicious cocktail. For a family-friendly option, mix it with lemonade for a refreshing punch.

This 1.1L bottle is perfect for sharing with friends and family. So why wait? Add Schweppes Classic Mixers Lemon Lime & Bitters Zero Sugar to your cart today and enjoy a delicious, sugar-free drink that everyone will love.
Zero sugar option: enjoy a refreshing drink without the sugar.

Aromatic blend of bitters, lemon, and lime make it a standout.

Perfect mixer for parties or a refreshing drink on hot days.

Can be mixed with your favourite alcohol or lemonade for a family-friendly option.

1.1L bottle allows for sharing with friends and family.",,,"Per 100g/ml
Per Serving
%DI
Energy
11kJ
28kJ
Protein
0g
0g
Total Fat
0g
0g
Saturated Fat
0g
0g
Carbohydrate
0g
0g
Sugars
0g
0g
Sodium
20mg
50mg
Dietary Fibre (total)
0g
0g
* Percentage Daily Intakes are based on an average adult diet of 8700 kJ. Your daily intakes may be higher or lower depending on your energy needs.","Carbonated Water, Natural Flavours (With Lemon Peel Extract, Aromatic Botanicals, Citrus Oils), Food Acids (330, 331), Sweeteners (952, 950, 951), Preservative (211), Black Carrot Concentrate, Natural Colour (161b). CONTAINS PHENYLALANINE.",https://www.coles.com.au/product/schweppes-zero-sugar-mixers-lemon-lime-and-bitters-soft-drink-1.1l-3752738,,,2024-06-16T15:03:25.116022-04:00
Ind54SColes_ADrinks_SASoft drinks_ICoca-Cola Vanilla Soft Drink Multipack Cans 10x375mL | 10 pack,Coca-Cola Vanilla Soft Drink Multipack Cans 10x375mL | 10 pack,Coca-Cola,Drinks,Soft drinks,Soft drink cans,,$19.00,Pick any 2 for $25,,$5.07 per 1L,1849293,"Coca-Cola Vanilla has the refreshing Coca-Cola Classic taste with the sweet aroma of vanilla, making it a delicious twist on an old favourite. Coca-Cola Vanilla soft drink is available in multipack cans, single serve bottles and sharing size bottles. There's a pack for almost any occasion.
A refreshing Coca-Cola taste with a hint of vanilla

Hint of Vanilla

A Quality Product of The Coca-Cola Company

10 x 375mL Multipack Soft Drink

Perfect for drinking on the go, having with a meal or relaxing with at home.",,,"Per 100g/ml
Per Serving
%DI
Energy
185
694
8
Protein
0
0
0
Total Fat
0
0
0
Saturated Fat
0
0
0
Carbohydrate
11
41
13
Sugars
10.9
41
45
Sodium
10
38
2
Energy (Cal)
44
165
8
* Percentage Daily Intakes are based on an average adult diet of 8700 kJ. Your daily intakes may be higher or lower depending on your energy needs.",,https://www.coles.com.au/product/coca-cola-vanilla-soft-drink-multipack-cans-10x375ml-10-pack-1849293,,,2024-06-16T15:03:36.217542-04:00
Ind54SColes_ADrinks_SASoft drinks_ICoca-Cola Zero Sugar Caffeine Free Soft Drink Multipack Cans 10x375mL | 10 pack,Coca-Cola Zero Sugar Caffeine Free Soft Drink Multipack Cans 10x375mL | 10 pack,Coca-Cola,Drinks,Soft drinks,Soft drink cans,,$19.00,Pick any 2 for $25,,$5.07 per 1L,3989996,"Coca-Cola Zero Sugar Caffeine Free is a deliciously light choice for those who want the classic taste of Coke without the Caffeine and no sugar. Whether sharing with family and friends or accompanying a meals, Coca-Cola Zero Sugar Caffeine Free has a pack for almost any occasion. Coca-Cola Zero Sugar Caffeine Free soft drink is available in cans, sharing size bottles and multipacks.
Caffeine Free

Multipack soft drink, 10 x 375ml Cans

Perfect for drinking on the go, having with a meal or relaxing with at home.

Serve Drink Cold for Maximum Refreshment

A Quality Product of The Coca-Cola Company",,,"Per 100g/ml
Per Serving
%DI
Energy
0.8
3
0.1
Protein
0.05
0.2
0.4
Total Fat
0
0
0
Saturated Fat
0
0
0
Carbohydrate
0.1
0.4
0.1
Sugars
0
0
0
Sodium
4.1
15
0.7
Energy (Cal)
0.2
0.7
0.1
Dietary Fibre (total)
0
0
0
Caffeine
0
0
* Percentage Daily Intakes are based on an average adult diet of 8700 kJ. Your daily intakes may be higher or lower depending on your energy needs.",,https://www.coles.com.au/product/coca-cola-zero-sugar-caffeine-free-soft-drink-multipack-cans-10x375ml-10-pack-3989996,,,2024-06-16T15:03:47.226192-04:00
Ind54SColes_ADrinks_SASoft drinks_IH2aloe Aloe Vera Water Pure | 1L,H2aloe Aloe Vera Water Pure | 1L,H2aloe,Drinks,Soft drinks,Kombucha & other drinks,,$3.70,,,$3.70 per 1L,4301891,"You had me at aloe! Made with real aloe juice & aloe chunks, this refreshing elixir isn't just a drink; it's a sweet, revitalizing refresher for your summer days. With its delightful taste and rejuvenating properties, it's the summertime staple you didn't know you needed.
100% natural

Not from concentrate

No added sugar

Naturally gluten-free, fat-free and lactose-free

No cholesterol

Vegan friendly.

This bottle removes its equivalent weight in plastic from ocean-bound waste.

Net zero emissions.",,,"Per 100g/ml
Per Serving
%DI
Energy
77
193
0
Protein
0g
0g
0
Total Fat
0g
0g
0
Saturated Fat
0g
0g
0
Carbohydrate
4.5g
11g
0
Sugars
4g
10g
0
Calcium
0
0
0
Cholesterol
0
0
0
Lactose
0
0
0
Sodium
25mg
63mg
0
Monounsaturated
0
0
0
Vitamin C
0
0
0
Energy (Cal)
0
0
0
Dietary Fibre (total)
0g
0g
0
Magnesium
0
0
0
Polyunsaturated
0
0
0
Gluten
0
0
0
Potassium
0
0
0
Trans
0
0
0
* Percentage Daily Intakes are based on an average adult diet of 8700 kJ. Your daily intakes may be higher or lower depending on your energy needs.",,https://www.coles.com.au/product/h2aloe-aloe-vera-water-pure-1l-4301891,,,2024-06-16T15:03:58.898597-04:00
Ind54SColes_ADrinks_SASoft drinks_IFever Tree Soda Lime & Yuzu 200mL | 4 pack,Fever Tree Soda Lime & Yuzu 200mL | 4 pack,Fever Tree,Drinks,Soft drinks,Mixers,,$9.00,,,$11.25 per 1L,3944740,"Our Lime & Yuzu Soda is made with Tahiti lime from Mexico's fertile groves in addition to pressed oil extract from the wonderfully floral Japanese yuzu, for their unique flavour profiles that add a wonderful lightness to our Lime & Yuzu Soda.
No. 1 Best Selling & Top Trending Mixer for 10 years running as voted by Drinks International

Packed with zestiness and citrus notes, this widely-loved soda has only 16 calories per 100mls, making it a guilt-free choice when enjoying mixing with spirits or sipping as a sophisticated soft drink.

No artificial colours or flavours.",,,,,https://www.coles.com.au/product/fever-tree-soda-lime-and-yuzu-200ml-4-pack-3944740,,,2024-06-16T15:04:08.745453-04:00
Ind54SColes_ADrinks_SASoft drinks_ICoca-Cola Zero Sugar Raspberry Flavoured Soft Drink 12X300mL | 12 pack,Coca-Cola Zero Sugar Raspberry Flavoured Soft Drink 12X300mL | 12 pack,Coca-Cola,Drinks,Soft drinks,Soft drink bottles,,$11.40,,$19.00,$3.17 per 1L,6670072,"Try NEW Coca-Cola Zero Sugar Raspberry. Coca-Cola Zero Sugar Raspberry mixes refreshing Coca-Cola taste with the sensational taste of raspberry. The zero sugar drink is a delicious twist.
Classic Coke Taste with a Twist

Sweet Hint of Raspberry

Made in Australia

A Quality Product of The Coca-Cola Company

12x300mL Bottles",,,"Per 100g/ml
Per Serving
%DI
Energy
1.7
5.1
0
Total Fat
0
0
0
Saturated Fat
0
0
0
Carbohydrate
0.03
0.1
0
Sugars
0
0
0
Sodium
4.1
12.3
0
Energy (Cal)
0.4
1.2
0
Dietary Fibre (total)
0
0
0
* Percentage Daily Intakes are based on an average adult diet of 8700 kJ. Your daily intakes may be higher or lower depending on your energy needs.",,https://www.coles.com.au/product/coca-cola-zero-sugar-raspberry-flavoured-soft-drink-12x300ml-12-pack-6670072,,,2024-06-16T15:04:19.804890-04:00
Ind54SColes_ADrinks_SA_IContinental Chow Mein Mince Recipe Base Serves 4 | 30g,Continental Chow Mein Mince Recipe Base Serves 4 | 30g,Continental,Drinks,,,,$1.80,,,$6.00 per 100g,9474999,"Are you searching for a speedy, effortless and satisfying dinner classic? Look no further than Continental Classics Chow Mein Mince Recipe Base! This delectable recipe base is guaranteed to please a crowd. Combine it with beef mince, rice, carrots and cabbage for a convenient and easy meal any night of the week.

At Continental, we take pride in using only real ingredients in our recipe bases. We believe in good, nutritious, flavourful food that brings back memories of authentic home cooking. Continental is committed to consistently delivering flavourful, convenient and quality products. We know how much Aussies value delicious, nutritious food as well as authentic home cooking, so we go to extraordinary lengths to be your ally in the kitchen - providing guaranteed taste and making meals irresistibly tasty. Our Chow Mein Mince seasoning mix contains no artificial colours, flavours or added MSG - so you can feel good about what you're feeding your family.

Visit our website for recipe inspirations and a wide range of instant sauces, including shepherd's pie, curried sausages, Spaghetti Bolognese, beef stroganoff, chicken curry, beef stew, chicken risotto, Swedish meatballs, chicken korma and many more. With Continental, you can create delicious meals that your whole family will love without spending hours in the kitchen.
With just a few simple steps, whip up a delectable mid-week dinner that will delight the entire family, courtesy of Continental Classics Chow Mein Mince Recipe Base

All you need for this recipe base is beef mince, carrots, cabbage and rice to serve to create this delicious dish the whole family will enjoy

A quick and easy meal that you can have on the table in less than 30 minutes

This seasoning mix is free from any artificial colours, flavours or added MSG

At Continental, we go to extraordinary lengths in pursuit of great flavour to ensure a great-tasting meal every time

Our Chow Mein Mince recipe base is the perfect starter for a hearty dinner classic that's irresistibly tasty.",,,,"Soy sauce powder (contains wheat), maltodextrin, natural flavours, onion powder, sugar, yeast extract, spices (curry powder, turmeric), salt, vegetable oil, mineral salt (potassium chloride), food acid (citric). Contains: soy, wheat, gluten. May contain: milk, peanuts, tree nuts, egg, sesame, fish, crustacean, lupin.",https://www.coles.com.au/product/continental-chow-mein-mince-recipe-base-serves-4-30g-9474999,,,2024-06-16T15:04:29.804222-04:00
Ind54SColes_ADrinks_SASoft drinks_IQue Cola No Sugar Cola | 1.25L,Que Cola No Sugar Cola | 1.25L,Que Cola,Drinks,Soft drinks,Soft drink bottles,,$1.20,,,$0.96 per 1L,3243563,"A refreshing range of colas exclusive to Coles supermarkets, Que is available in Regular and No Sugar. Great taste and well priced! Taste the difference.",,,"Per 100g/ml
Per Serving
%DI
Energy
2kJ
6kJ
0.10%
Protein
0g
0g
0%
Total Fat
0g
0g
0%
Saturated Fat
0g
0g
0%
Carbohydrate
0.1g
0.3g
0.10%
Sugars
0g
0g
0%
Sodium
15mg
38mg
2%
Dietary Fibre (total)
0g
0g
0%
* Percentage Daily Intakes are based on an average adult diet of 8700 kJ. Your daily intakes may be higher or lower depending on your energy needs.",,https://www.coles.com.au/product/que-cola-no-sugar-cola-1.25l-3243563,,,2024-06-16T15:04:40.738901-04:00
Ind54SColes_ADrinks_SASoft drinks_I7UP Lemonade Soft Drink Bottle | 1.25L,7UP Lemonade Soft Drink Bottle | 1.25L,7UP,Drinks,Soft drinks,Soft drink bottles,,$2.00,,$3.00,$1.60 per 1L,5080798,"7Up Lemonade is the original lemon and lime sparkling soft drink that's perfectly balanced to deliver a crisp, clean taste that refreshes you to help bring out your natural best.



This deliciously refreshing lemon, lime and bubbles lemonade is ideal for any occasion and the 1.25L take home pack is perfect for multi-serve occasions at home.


For maximum enjoyment, drink chilled when you are looking for citrus flavoured, tasty refreshment.


Lemon Lime flavour

Refreshing

Natural Flavours",,,"Per 100g/ml
Per Serving
%DI
Energy
178kJ
445kJ
5%
Protein
0g
0g
0%
Total Fat
0g
0g
0%
Saturated Fat
0g
0g
0%
Carbohydrate
10.9g
27.3g
9%
Sugars
10.9g
27.3g
30%
Sodium
27mg
68mg
3%
* Percentage Daily Intakes are based on an average adult diet of 8700 kJ. Your daily intakes may be higher or lower depending on your energy needs.",,https://www.coles.com.au/product/7up-lemonade-soft-drink-bottle-1.25l-5080798,,,2024-06-16T15:04:51.813238-04:00
Ind54SColes_ADrinks_SASoft drinks_IKirks Sugar Free Lemon Soft Drink 10x375mL | 10 Pack,Kirks Sugar Free Lemon Soft Drink 10x375mL | 10 Pack,Kirks,Drinks,Soft drinks,Soft drink cans,,$8.70,,$14.50,$2.32 per 1L,1181261,"This ain't just any Lemon Squash, this is Kirks, as classic as a 70s style squash racquet & a pair of tight shorts. So put yoursweat bands on and anjoy a smashing Lemon Squash. Kirks Sugar Free Lemon Squash is also available in 1.25L bottle.
- Sugar Free Lemon Squash Flavour

- No artificial colours or flavours

- Fun refreshment for any occasion

- Uniquely Australian

- 10 x 375mL Soft Drink",,,,"Carbonated Water, Food Acids (330, 331), Natural Flavour, Sweeteners (952, 950, 961), Preservative (211), Natural Colour (Carthamus Yellow)",https://www.coles.com.au/product/kirks-sugar-free-lemon-soft-drink-10x375ml-10-pack-1181261,,,2024-06-16T15:05:00.788956-04:00
Ind54SColes_ADrinks_SASoft drinks_IPepsi Light Caffeine Free No Sugar Cola Soft Drink Bottle | 1.25L,Pepsi Light Caffeine Free No Sugar Cola Soft Drink Bottle | 1.25L,Pepsi,Drinks,Soft drinks,Soft drink bottles,,$2.00,,$3.00,$1.60 per 1L,5114390,"Pepsi Light caffeine-free, has.no caffeine AND no sugar. It's as simple as that.



Pepsi Light is low in calories vs full sugar colas. And, in case you we're wondering, it also has the bold taste of cola that's comparable with full sugar cola soft drinks.



The 1.25L multi-serve Pepsi Light bottle is ideal for the fridge at home or for enjoying with family and friends at any social, entertaining occasion.



Unbeatable taste without the caffeine or sugar hit.

No sugar

No caffeine",,,"Per 100g/ml
Per Serving
%DI
Energy
1kJ
4kJ
0.10%
Protein
0g
0g
0%
Total Fat
0g
0g
0%
Saturated Fat
0g
0g
0%
Carbohydrate
0g
0g
0%
Sugars
0g
0g
0%
Sodium
15mg
38mg
2%
Dietary Fibre (total)
0g
0g
0%
Caffeine
0mg
0mg
* Percentage Daily Intakes are based on an average adult diet of 8700 kJ. Your daily intakes may be higher or lower depending on your energy needs.",,https://www.coles.com.au/product/pepsi-light-caffeine-free-no-sugar-cola-soft-drink-bottle-1.25l-5114390,,,2024-06-16T15:05:17.273730-04:00
Ind54SColes_ADrinks_SASoft drinks_IRemedy Kombucha Ginger Lemon 250mL | 4 pack,Remedy Kombucha Ginger Lemon 250mL | 4 pack,Remedy,Drinks,Soft drinks,Kombucha & other drinks,,$9.50,,,$9.50 per 1L,3277678,"A classic with a twist. A no-sugar, guilt-free take on ginger beer. Hot and sour, fiery and tangy, made with natural ingredients, Remedy Kombucha Ginger Lemon is the perfect tummy-tamer. Fresh ginger adds warmth and spice, while real lemon adds a citrus spark. Full of antioxidants, live cultures and organic acids, Remedy Kombucha contains:
No sugar, for real
All natural ingredients
Certified Organic
Low on Calories
Vegan
Gluten Free
A-Ok in or out of the fridge",,,"Per 100g/ml
Per Serving
%DI
Energy
12kJ
30kJ
Protein
<1g
<1g
Total Fat
<1g
<1g
Saturated Fat
<1g
<1g
Carbohydrate
1.6g
4g
Sugars
0g
0g
Sodium
<5mg
<5mg
* Percentage Daily Intakes are based on an average adult diet of 8700 kJ. Your daily intakes may be higher or lower depending on your energy needs.",,https://www.coles.com.au/product/remedy-kombucha-ginger-lemon-250ml-4-pack-3277678,,,2024-06-16T15:05:28.527886-04:00
Ind54SColes_ADrinks_SA_IKirks Drink Sugar Free Lemonade 10x375mL | 10 Pack,Kirks Drink Sugar Free Lemonade 10x375mL | 10 Pack,Kirks,Drinks,,,,$8.70,,$14.50,$2.32 per 1L,8492689,"This isn't just any lemonade, this is Kirks! As classic as your favourite pair of thongs. So slip 'em on and enjoy Kirks Lemonade. Kirks Sugar Free Lemonade is also available in 1.25L bottle.
- Sugar Free Diet Lemonade Flavour

- No artificial colours or flavours

- Fun refreshment for any occasion

- Uniquely Australian

- 10 x 375mL Soft Drink",,,,"Carbonated Water, Food Acids (330, 331), Natural Flavour, Sweeteners (952, 950, 961), Preservative (211)",https://www.coles.com.au/product/kirks-drink-sugar-free-lemonade-10x375ml-10-pack-8492689,,,2024-06-16T15:05:38.439066-04:00
Ind54SColes_ADrinks_SASoft drinks_IColes Soft Drink Diet Raspberry | 1.25L,Coles Soft Drink Diet Raspberry | 1.25L,Coles,Drinks,Soft drinks,Soft drink bottles,,$1.20,,,$0.96 per 1L,3813785,A refreshing drink for those long hot summer days or when you want to relax and enjoy the moment,,,"Per 100g/ml
Per Serving
%DI
Energy
0.00
0.00
Protein
0.00
0.00
Carbohydrate
0.00
0.00
Sugars
0.00
0.00
Sodium
11.00
27.50
Saturated
0.00
0.00
Energy (Cal)
0.00
0.00
Fat
0.00
0.00
Dietary Fibre (total)
0.00
0.00
* Percentage Daily Intakes are based on an average adult diet of 8700 kJ. Your daily intakes may be higher or lower depending on your energy needs.","INGREDIENTS: Carbonated Water, Food Acids (330, 260), Natural Flavour, Natural Colour (163), Sweeteners (952, 950, 955), Preservative (211).",https://www.coles.com.au/product/coles-soft-drink-diet-raspberry-1.25l-3813785,,,2024-06-16T15:05:49.471496-04:00
Ind54SColes_ADrinks_SASoft drinks_IPepsi Max Soft Drink Glass Bottle 300mL | 4 pack,Pepsi Max Soft Drink Glass Bottle 300mL | 4 pack,Pepsi,Drinks,Soft drinks,Soft drink cans,,$5.00,,$7.40,$4.17 per 1L,2684246,"Pepsi Max No Sugar soft drink offers a bold cola taste with no sugar. The smooth taste of Pepsi Max offers a deliciously refreshing and thirst-quenching cola refreshment that can be enjoyed anytime.

Pepsi Max No Sugar, has....no sugar. It's as simple as that with no taste compromise.

It is low in calories vs full sugar colas and in case you were wondering, it also has a bold cola taste that's comparable with full sugar cola products.

The 24 x Pepsi Max bottle pack is the perfect size for a family or to cater for a party or BBQ when you need a supply of delicious mixers. These 24 Pepsi Max bottles are the ultimate crowd-pleasers!

Pepsi Max soft drink is also available in a range of take-home pack sizes such as; smaller multi-can packs and multi-serve bottles to suit all your cola drinking occasions.

For maximum enjoyment, drink chilled when you are looking for that fun, tasty, no sugar cola refreshment!

Pepsi Max. Max Taste, No Sugar.
Bold Taste with No Sugar

Low in Calories

On-the-Go Serve

Max Cola Refreshment",,,"Per 100g/ml
Per Serving
%DI
Energy
1.6kJ
5kJ
0.10%
Protein
0.06g
0.2g
0.40%
Total Fat
0g
0g
0%
Saturated Fat
0g
0g
0%
Carbohydrate
0.06g
0.2g
0.10%
Sugars
0g
0g
0%
Sodium
13mg
39mg
2%
Dietary Fibre (total)
0g
0g
0%
* Percentage Daily Intakes are based on an average adult diet of 8700 kJ. Your daily intakes may be higher or lower depending on your energy needs.",,https://www.coles.com.au/product/pepsi-max-soft-drink-glass-bottle-300ml-4-pack-2684246,,,2024-06-16T15:06:00.568326-04:00
Ind54SColes_ADrinks_SASoft drinks_IBundaberg Brewed Lemon Lime Bitters 6x200mL | 6 pack,Bundaberg Brewed Lemon Lime Bitters 6x200mL | 6 pack,Bundaberg,Drinks,Soft drinks,Mixers,,$5.75,,$7.80,$4.79 per 1L,4395578,"Bundaberg Lemon, Lime & Bitters is slowly brewed over 7 days with real lemons and limes that are infused with aromatic herbs and spices. Our master Brewer's very own recipe of cinnamon quills, clove buds and gentian root is then added for a snap of bitterness that finishes the full taste.
- Australian Family Owned
- Craft brewed over 3 days
- Made in Australia",,,"Per 100g/ml
Per Serving
%DI
Energy
196kJ
392kJ
5%
Protein
<1g
<1g
0%
Total Fat
<1g
<1g
0%
Saturated Fat
<1g
<1g
0%
Carbohydrate
11.5g
23g
7%
Sugars
11.5g
23g
26%
Sodium
9mg
18mg
1%
* Percentage Daily Intakes are based on an average adult diet of 8700 kJ. Your daily intakes may be higher or lower depending on your energy needs.",,https://www.coles.com.au/product/bundaberg-brewed-lemon-lime-bitters-6x200ml-6-pack-4395578,,,2024-06-16T15:06:11.509043-04:00
Ind54SColes_ADrinks_SASoft drinks_ILo Bros Kombucha Pineapple Lime 4x250mL | 4 pack,Lo Bros Kombucha Pineapple Lime 4x250mL | 4 pack,Lo Bros,Drinks,Soft drinks,Kombucha & other drinks,,$8.90,,,$8.90 per 1L,5484822,"We've taken the joy of summerÂ¦and bottled it. The fresh taste of pineapple with a splash of lime, lightly sparkling, naturally sweet and full of living cultures - it's so tasty you'd run a mile on hot sand to get one! It's time to rethink your drink! Lo Bros brews better-for-you drinks using a little process we like to call the Cycle of Doin' Good. It kicks off with old-school fermentation and know-how using the best organic ingredients, then transforms those bad old sugars into tasty drinks and positive change. Naturally low in sugar, bubbling with millions of living cultures, bursting with refreshing feel good flavour & giving the planet a helping hand too.",,,"Per 100g/ml
Per Serving
%DI
Energy
<40kJ
<40kJ
Protein
<1g
<1g
Total Fat
<1g
<1g
Saturated Fat
<1g
<1g
Carbohydrate
0.3g
0.8g
Sugars
0.3g
0.8g
Sodium
<5mg
<5mg
Dietary Fibre (total)
<1g
<1g
* Percentage Daily Intakes are based on an average adult diet of 8700 kJ. Your daily intakes may be higher or lower depending on your energy needs.",,https://www.coles.com.au/product/lo-bros-kombucha-pineapple-lime-4x250ml-4-pack-5484822,,,2024-06-16T15:06:22.411150-04:00
Ind54SColes_ADrinks_SABeverages_ISchweppes Lemonade Multipack Mini Cans 275mL x 6 Pack | 6 pack,Schweppes Lemonade Multipack Mini Cans 275mL x 6 Pack | 6 pack,Schweppes,Drinks,Beverages,Soft drink & energy drinks,,$6.50,,,"$3.94 per 1L
Was $9.00 on May 2024",6476783,"With a harmonious blend of lemon and lime oils, Schweppes Lemonade 200mL delivers a zesty, crisp taste to delight your senses. It's handcrafted by Schweppes' Master Blenders, making it an iconic drink to share with friends and family. Enjoy chilled on its own, or mix into cocktails.
Hand crafted recipe by Schweppes' Master Blenders

Bespoke blend of lemon and lime oils

Inspired by the original Schweppes Aerated Lemonade from 1838

Crisp, clean taste

A drink loved by generations",,,"Per 100g/ml
Per Serving
%DI
Energy
143kJ
393kJ
Protein
0g
0g
Total Fat
0g
0g
Saturated Fat
0g
0g
Carbohydrate
8.2g
22.6g
Sugars
8.2g
22.6g
Sodium
10mg
28mg
* Percentage Daily Intakes are based on an average adult diet of 8700 kJ. Your daily intakes may be higher or lower depending on your energy needs.",,https://www.coles.com.au/product/schweppes-lemonade-multipack-mini-cans-275ml-x-6-pack-6-pack-6476783,,,2024-06-16T15:06:33.620861-04:00
Ind54SColes_ADrinks_SASoft drinks_IFever-Tree Premium Mixer Light Indian Tonic Water | 500mL,Fever-Tree Premium Mixer Light Indian Tonic Water | 500mL,Fever-Tree,Drinks,Soft drinks,Mixers,,$4.90,,,$9.80 per 1L,3536798,"Our Light Indian Tonic Water uses fruit sugar to provide the traditional sweet balance to the bitterness of the quinine, which is sourced from the deep forests of the Democratic Republic of Congo.
No. 1 Best Selling & Top Trending Mixer for 10 years running as voted by Drinks International

Deliciously light, this tonic has the same great taste, but with 46% less calories when compared to the regular strength Premium Indian Tonic.

No artificial colours or flavours.",,,,,https://www.coles.com.au/product/fever-tree-premium-mixer-light-indian-tonic-water-500ml-3536798,,,2024-06-16T15:06:42.929803-04:00
Ind54SColes_ADrinks_SASoft drinks_ISchweppes Traditional Zero Sugar Raspberry Soft Drink Bottle | 1.1L,Schweppes Traditional Zero Sugar Raspberry Soft Drink Bottle | 1.1L,Schweppes,Drinks,Soft drinks,Soft drink bottles,,$3.00,,,$2.73 per 1L,3270249,"Indulge in the deliciously fruity taste of Schweppes Traditionals Raspberry Zero Sugar. This refreshing soft drink boasts a bright and tangy flavour that will tantalise your taste buds. With zero sugar, you can enjoy sugar-free sips of this delightful beverage.

The ripe raspberry flavour is perfectly balanced, creating a rich taste experience that will leave you wanting more. Whether you're enjoying a weekend brunch with family and friends or mixing up a cocktail, Schweppes Traditionals Raspberry Zero Sugar 1.1L is the perfect addition to any occasion.

Chill it down and pair it with your favourite meal or sip it on its own for a refreshing pick-me-up. This soft drink is versatile and delicious, making it a must-have for any pantry. Experience the bright and fruity taste of Schweppes Traditionals Raspberry Zero Sugar.
Refreshing and tangy flavour.

Zero sugar content.

Perfect tangy and rich raspberry taste.

Versatile and delicious, perfect addition to any occasion.

Great option for sharing.",,,"Per 100g/ml
Per Serving
%DI
Energy
5kJ
13kJ
Protein
0g
0g
Total Fat
0g
0g
Saturated Fat
0g
0g
Carbohydrate
0g
0g
Sugars
0g
0g
Sodium
7mg
18mg
Dietary Fibre (total)
0g
0g
* Percentage Daily Intakes are based on an average adult diet of 8700 kJ. Your daily intakes may be higher or lower depending on your energy needs.",,https://www.coles.com.au/product/schweppes-traditional-zero-sugar-raspberry-soft-drink-bottle-1.1l-3270249,,,2024-06-16T15:06:55.145633-04:00
Ind54SColes_ADrinks_SASoft drinks_IRemedy Sodaly Raspberry 250mL | 4 pack,Remedy Sodaly Raspberry 250mL | 4 pack,Remedy,Drinks,Soft drinks,Kombucha & other drinks,,$6.00,,$8.00,$6.00 per 1L,6210174,"A grown-up drink for your inner child. Yup we've whipped up the naughtiest tasting raspberry soft drink we could with all the flavour and none of the nasties! Sodaly is a deliciously different, ALL-NATURAL soft drink. It's BIG on FLAVOUR and low on calories. Full of prebiotic goodness and NO SUGAR. Guilt free just got better for you. Remedy Sodaly is:
Sugar free, for real
All natural
Made with Prebiotics
Low on Calories
Vegan
Gluten Free
A-Ok in or out of the fridge",,,"Per 100g/ml
Per Serving
%DI
Energy
13kJ
32kJ
Protein
<1g
<1g
Total Fat
<1g
<1g
Saturated Fat
<1g
<1g
Carbohydrate
<1g
<1g
Sugars
0g
0g
Sodium
<5mg
<5mg
Dietary Fibre (total)
<1g
<1g
* Percentage Daily Intakes are based on an average adult diet of 8700 kJ. Your daily intakes may be higher or lower depending on your energy needs.",,https://www.coles.com.au/product/remedy-sodaly-raspberry-250ml-4-pack-6210174,,,2024-06-16T15:07:06.057070-04:00
Ind54SColes_ADrinks_SASoft drinks_IRemedy Kombucha Raspberry Lemonade 250mL | 4 pack,Remedy Kombucha Raspberry Lemonade 250mL | 4 pack,Remedy,Drinks,Soft drinks,Kombucha & other drinks,,$9.50,,,$9.50 per 1L,3277667,"No sugar. No Nasties. Just REAL kombucha made the old-school way, brewed over 30 days. Our Raspberry Lemonade is a nostalgic childhood flavour upgraded to an all-natural kombucha filled with live cultures, organic acids and antioxidants. This guilt-free, no-sugar fizzy drink is safe for kids and allergen-free. Full of antioxidants, live cultures and organic acids, Remedy Kombucha contains:
No sugar, for real
All natural ingredients
Certified Organic
Low on Calories
Vegan
Gluten Free
A-Ok in or out of the fridge",,,"Per 100g/ml
Per Serving
%DI
Energy
12kJ
29kJ
Protein
<1g
<1g
Total Fat
<1g
<1g
Saturated Fat
<1g
<1g
Carbohydrate
1.6g
4g
Sugars
0g
0g
Sodium
<5mg
<5mg
* Percentage Daily Intakes are based on an average adult diet of 8700 kJ. Your daily intakes may be higher or lower depending on your energy needs.",,https://www.coles.com.au/product/remedy-kombucha-raspberry-lemonade-250ml-4-pack-3277667,,,2024-06-16T15:07:17.076807-04:00
Ind54SColes_ADrinks_SASoft drinks_IKirks Lemonade Sugar Free Soft Drink  | 1.25L,Kirks Lemonade Sugar Free Soft Drink  | 1.25L,Kirks,Drinks,Soft drinks,Soft drink bottles,,$1.60,,$2.70,$1.28 per 1L,6111376,"This isn't just any lemonade, this is Kirks! As classic as your favourite pair of thongs. So slip 'em on and enjoy Kirks Lemonade. Kirks Sugar Free Lemonade is also available in 10 x 375mL multipack cans.
- Sugar Free Lemonade Flavour
- No artificial colours or flavours
- Fun refreshment for any occasion
- Uniquely Australian
- 1.25L Bottle Soft drink",,,,"Carbonated Water, Food Acids (330, 331), Natural Flavour, Sweeteners (952, 950, 961), Preservative (211)",https://www.coles.com.au/product/kirks-lemonade-sugar-free-soft-drink-1.25l-6111376,,,2024-06-16T15:07:27.558024-04:00
Ind54SColes_ADrinks_SASoft drinks_ISolo Zero Sugar Original Lemon Soft Drink | 1.25L,Solo Zero Sugar Original Lemon Soft Drink | 1.25L,Solo,Drinks,Soft drinks,Soft drink bottles,,$2.00,,$3.00,$1.60 per 1L,1167362,"Introducing Solo Thirst Crusher Original Lemon, the perfect thirst-quenching drink that is sure to satisfy your taste buds. Made with 5% crushed lemons to ensure that every sip is packed with a deliciously tangy lemon flavour that is simply irresistible.

Ideal for those hot, summer days when you need to cool down, Solo Thirst Crusher Original Lemon is available in a convenient 24 x 375mL pack, making it perfect for sharing with family and friends. Whether you are enjoying a picnic in the park, heading to the beach, or simply relaxing at home, Solo Thirst Crusher Original Lemon is the perfect drink to keep you hydrated and refreshed.

And, if you're looking for a drink that is both delicious and refreshing, Solo Thirst Crusher Original Lemon is the way to go.

So why wait? Order your pack of Solo Thirst Crusher Original Lemon today and experience the deliciously refreshing taste of natural lemons in every sip. With its fantastic taste, Solo Thirst Crusher Original Lemon is the perfect drink for anyone who wants to stay fresh and hydrated throughout the day.
Sugar-free lemon soft drink

Delicious zesty lemon flavor for invigorating thirst relief

Delicious drink that is both refreshing and convenient",,,"Per 100g/ml
Per Serving
%DI
Energy
7kJ
18kJ
0.20%
Protein
0g
0g
0%
Total Fat
0g
0g
0%
Saturated Fat
0g
0g
0%
Carbohydrate
0g
0g
0%
Sugars
0g
0g
0%
Sodium
17mg
43mg
2%
Dietary Fibre (total)
0g
0g
0%
* Percentage Daily Intakes are based on an average adult diet of 8700 kJ. Your daily intakes may be higher or lower depending on your energy needs.",,https://www.coles.com.au/product/solo-zero-sugar-original-lemon-soft-drink-1.25l-1167362,,,2024-06-16T15:07:38.586212-04:00
Ind54SColes_ADrinks_SASoft drinks_IPepsi Cola Soft Drink Cans Multipack 375mL x 30 Pack | 30 pack,Pepsi Cola Soft Drink Cans Multipack 375mL x 30 Pack | 30 pack,Pepsi,Drinks,Soft drinks,Soft drink cans,,$26.00,,,$2.31 per 1L,7837424,"The smooth taste of Pepsi cola offers a deliciously refreshing and thirst-quenching soft drink that can be enjoyed anytime. Our classic and bold cola soft drink is best enjoyed chilled or poured over ice.

If you are thinking about reducing your sugar intake then try Pepsi Max, a bold cola taste with no sugar and no taste compromise that offers mouth-watering refreshment.

Equally if you are looking for something a bit different then try one of our deliciously refreshing Pepsi Max No Sugar Flavours; Vanilla, Mango or Creaming Soda.

The 30 x Pepsi can pack is an ideal pack for enjoying at home and sharing with family or friends.

Pepsi soft drink is available in a range of other take-home pack sizes such as; mini cans for portion control and multi-serve bottles to suit all your cola drinking occasions.
Signature Pepsi cola taste

Bold & refreshing

Ideal for Sharing",,,"Per 100g/ml
Per Serving
%DI
Energy
185kJ
694kJ
8%
Protein
0g
0g
0%
Total Fat
0g
0g
0%
Saturated Fat
0g
0g
0%
Carbohydrate
10.9g
40.9g
13%
Sugars
10.9g
40.9g
45%
Sodium
12mg
45mg
2%
* Percentage Daily Intakes are based on an average adult diet of 8700 kJ. Your daily intakes may be higher or lower depending on your energy needs.",,https://www.coles.com.au/product/pepsi-cola-soft-drink-cans-multipack-375ml-x-30-pack-30-pack-7837424,,,2024-06-16T15:07:49.526692-04:00
Ind54SColes_ADrinks_SASoft drinks_IBundaberg Craft Brewed Drink Traditional Lemonade 4x375mL | 4 pack,Bundaberg Craft Brewed Drink Traditional Lemonade 4x375mL | 4 pack,Bundaberg,Drinks,Soft drinks,Mixers,,$7.35,,,$4.90 per 1L,2027416,The zesty taste of yesteryear is captured in Bundaberg Traditional Lemonade. Brewed over 3 days using Aussie Eureka Lemons. Be sure to invert the bottle before drinking for the best flavour experience. - Real Australian Lemons - Brewed over 3 days - Australian family owned - Best enjoyed cold,,,"Per 100g/ml
Per Serving
%DI
Energy
196kJ
733kJ
8%
Protein
<1g
<1g
Total Fat
<1g
<1g
Saturated Fat
<1g
<1g
Carbohydrate
11.5g
43.1g
14%
Sugars
11.5g
43.1g
48%
Sodium
14mg
52mg
2%
* Percentage Daily Intakes are based on an average adult diet of 8700 kJ. Your daily intakes may be higher or lower depending on your energy needs.",,https://www.coles.com.au/product/bundaberg-craft-brewed-drink-traditional-lemonade-4x375ml-4-pack-2027416,,,2024-06-16T15:08:00.610731-04:00
Ind54SColes_ADrinks_SASoft drinks_ISchweppes Soda Water Bottle Classic Mixers Glass Multipack 300mL x 4 Pack | 4 pack,Schweppes Soda Water Bottle Classic Mixers Glass Multipack 300mL x 4 Pack | 4 pack,Schweppes,Drinks,Soft drinks,Mixers,,$7.40,,,$6.17 per 1L,7351965,"Indulge in the sparkling taste of Schweppes Classic Mixers Soda Water 4 x 300mL. This refreshing drink is perfect for those who love to add a touch of fizz to their daily routine. Made with the finest mineral salts and pristine triple filtered water, the delicate bubbles of Schweppervescence give this soda water a crisp, delightful taste that you can enjoy anytime, anywhere.

Schweppes Classic Mixers Soda Water 4 x 300mL is not only a delicious drink on its own, but it is also a versatile mixer that can be paired with your preferred alcohol. Whether you are throwing a party or simply unwinding after a long day, a splash of Schweppes Classic Mixers Soda Water can take your drink to the next level.

This classic mixer is perfect for those who appreciate quality and taste. The subtle nuances of mineral salts and the light, refreshing bubbles create a delightful drinking experience that is hard to beat. Served chilled and garnished with fresh lemon, lime, or orange slices, Schweppes Classic Mixers Soda Water is the perfect complement to any meal or occasion.

Experience the magic of Schweppervescence and treat your taste buds to the perfect balance of flavors with Schweppes Classic Mixers Soda Water 4 x 300mL. Indulge in a drink that is both refreshing and sophisticated, and elevate your beverage game to the next level. Try it today and get ready to be blown away by the delightful taste of this classic drink.
Refreshing and versatile; perfect as both a standalone drink and mixer.

Made with the finest mineral salts and triple-filtered water.

Enjoy a crisp and delightful taste with Schweppervescence bubbles.

Suitable for those who appreciate quality and sophistication.

Elevate your beverage game with the perfect balance of flavors.",,,"Per 100g/ml
Per Serving
%DI
Energy
0kJ
0kJ
Protein
0g
0g
Total Fat
0g
0g
Saturated Fat
0g
0g
Carbohydrate
0g
0g
Sugars
0g
0g
Sodium
1mg
3mg
* Percentage Daily Intakes are based on an average adult diet of 8700 kJ. Your daily intakes may be higher or lower depending on your energy needs.",,https://www.coles.com.au/product/schweppes-soda-water-bottle-classic-mixers-glass-multipack-300ml-x-4-pack-4-pack-7351965,,,2024-06-16T15:08:11.626820-04:00
Ind54SColes_ADrinks_SASoft drinks_ICoca-Cola Diet Coke Soft Drink Multipack Cans 10x375mL | 10 pack,Coca-Cola Diet Coke Soft Drink Multipack Cans 10x375mL | 10 pack,Coca-Cola,Drinks,Soft drinks,Soft drink cans,,$19.00,Pick any 2 for $25,,$5.07 per 1L,1849318,"Diet Coke is a deliciously light, sugar free and no kilojoule soft drink. It delivers a distinct, unique and light taste. With its bubbly sparkle, 'Diet Coke' has been refreshing and delighting drinkers for decades. The perfect sparkling soft drink for enjoying on the go, having with a meal or relaxing with at home. Coca-Cola Diet soft drink is available in cans, mini cans, single serve and sharing size bottles as well as multipacks.
Distinct Diet Coke Taste

No Sugar and Low Kilojoule

A Quality Product of The Coca-Cola Company

10 x 375mL Multipack Soft Drink

Perfect for drinking on the go, having with a meal or relaxing with at home.",,,"Per 100g/ml
Per Serving
%DI
Energy
1.9
7.1
0.1
Protein
0.05
0.2
0.4
Total Fat
0
0
0
Saturated Fat
0
0
0
Carbohydrate
0.1
0.4
0.1
Sugars
0
0
0
Sodium
1
3.8
0.2
Energy (Cal)
0.5
1.7
0.1
Dietary Fibre (total)
0
0
0
* Percentage Daily Intakes are based on an average adult diet of 8700 kJ. Your daily intakes may be higher or lower depending on your energy needs.",,https://www.coles.com.au/product/coca-cola-diet-coke-soft-drink-multipack-cans-10x375ml-10-pack-1849318,,,2024-06-16T15:08:22.898552-04:00
Ind54SColes_ADrinks_SASoft drinks_ISchweppes Indian Tonic Water Classic Mixers Glass Bottle Multipack 300mL x 4 Pack | 4 pack,Schweppes Indian Tonic Water Classic Mixers Glass Bottle Multipack 300mL x 4 Pack | 4 pack,Schweppes,Drinks,Soft drinks,Mixers,,$7.40,,,$6.17 per 1L,7351976,"Looking for a timeless and refreshing sparkling drink to add to your summer cocktails? Look no further than Schweppes Classic Mixers Indian Tonic Water! Crafted with juicy lemons, oranges and quinine, this transparent beverage is a hit of freshness whether enjoyed straight or used as a mixer.

Schweppes Classic Mixers Indian Tonic Water is the perfect complement to your gin and tonic, especially when paired with your preferred gin. It's also great mixed with lemon or lime juice for a truly unique and citrusy experience. With its distinctively delicious taste, this tonic water is perfect for those looking to add a touch of class to their cocktail game.

Each pack has four 300mL bottles, making it convenient for you to have your Schweppes Classic Mixers Indian Tonic Water on-hand whenever you need it. Don't let your cocktail game suffer this summer - upgrade it with the timeless taste of Schweppes Classic Mixers Indian Tonic Water!

With its great taste and versatility, it's no surprise that Schweppes Classic Mixers Indian Tonic Water is a classic mixer that's second to none. Order yours today and discover the refreshing and delicious taste of this wonderful beverage!
Refreshing taste of juicy lemons, oranges and quinine

Perfect complement to gin and tonic, or mixed with citrus juice

Adds a touch of class to your cocktail game

Convenient four-pack of 300mL bottles

Timeless and versatile classic mixer for any occasion",,,"Per 100g/ml
Per Serving
%DI
Energy
154kJ
462kJ
Protein
0g
0g
Total Fat
0g
0g
Saturated Fat
0g
0g
Carbohydrate
8.7g
26.1g
Sugars
8.7g
26.1g
Sodium
2mg
6mg
* Percentage Daily Intakes are based on an average adult diet of 8700 kJ. Your daily intakes may be higher or lower depending on your energy needs.","Carbonated Water, Sugar, Food Acid (330), Natural Flavours (With Orange Peel Extract, Citrus Oils, Botanical Extracts, Lemon Peel Extract), Quinine. CONTAINS QUININE.",https://www.coles.com.au/product/schweppes-indian-tonic-water-classic-mixers-glass-bottle-multipack-300ml-x-4-pack-4-pack-7351976,,,2024-06-16T15:08:34.060917-04:00
Ind54SColes_ADrinks_SASoft drinks_IColes Soda Water With Lime | 1.25L,Coles Soda Water With Lime | 1.25L,Coles,Drinks,Soft drinks,Mixers,,$1.20,,,$0.96 per 1L,5235260,No Artificial Colours & Flavours CONTAINS 5% LIME JUICE,,,"Per 100g/ml
Per Serving
%DI
Energy
76.84
192.1
Protein
0
0
Carbohydrate
4.52
11.3
Sugars
4.23
10.58
Sodium
10.28
25.7
Saturated
0
0
Energy (Cal)
18.38
45.96
Fat
0
0
Dietary Fibre (total)
0
0
* Percentage Daily Intakes are based on an average adult diet of 8700 kJ. Your daily intakes may be higher or lower depending on your energy needs.",,https://www.coles.com.au/product/coles-soda-water-with-lime-1.25l-5235260,,,2024-06-16T15:08:45.018236-04:00
Ind54SColes_ADrinks_SASoft drinks_ISodasmith Finger Lime Soda Water Can 4x200mL | 4 pack,Sodasmith Finger Lime Soda Water Can 4x200mL | 4 pack,Sodasmith,Drinks,Soft drinks,Mixers,,$7.00,,,$8.75 per 1L,5563612,"Sodasmith Finger Lime Soda is the zesty all-rounder; delicious with gin, vodka, tequila, rum, whisky or on its own as a great non-alc alternative. Like all of the Sodasmith products, this soda is made with 100% Tasmanian spring water and all-natural plant-based ingredients, plus native Australian Finger Lime. Crafted by the Elements.",,,,,https://www.coles.com.au/product/sodasmith-finger-lime-soda-water-can-4x200ml-4-pack-5563612,,,2024-06-16T15:08:53.822143-04:00
Ind54SColes_ADrinks_SASoft drinks_ISprite Lemonade Soft Drink Cans 24x375ml | 24 Pack,Sprite Lemonade Soft Drink Cans 24x375ml | 24 Pack,Sprite,Drinks,Soft drinks,Soft drink cans,,$23.10,,$38.50,$2.57 per 1L,7365904,"With its clean, crisp, lemon-lime taste, Sprite is a lemonade soft drink with a hit of refreshment. Perfect with meals, as a mixer, on the go or relaxing at home. Sprite soft drink has natural flavours. Sprite is available in cans, mini cans, single serve and sharing size bottles as well as multipacks.
1.5 Health Star Rating

24 x 375mL Cans

Contains Phenylalanine

Hit of refreshment

Lemon-lime flavour

Natural flavour.",,,"Per 100g/ml
Per Serving
%DI
Energy
120
451
5
Protein
0.01
0.02
0.1
Total Fat
0
0
0
Saturated Fat
0
0
0
Carbohydrate
6.9
26
8
Sugars
6.9
26
29
Sodium
6.8
25
1
Energy (Cal)
29
108
5
Dietary Fibre (total)
0
0
0
* Percentage Daily Intakes are based on an average adult diet of 8700 kJ. Your daily intakes may be higher or lower depending on your energy needs.",,https://www.coles.com.au/product/sprite-lemonade-soft-drink-cans-24x375ml-24-pack-7365904,,,2024-06-16T15:09:04.780345-04:00
Ind54SColes_ADrinks_SASoft drinks_ISchweppes Lemon Lime Bitters Soft Drink Classic Mixers Multipack Bottles 300mL x 4 Pack | 4 pack,Schweppes Lemon Lime Bitters Soft Drink Classic Mixers Multipack Bottles 300mL x 4 Pack | 4 pack,Schweppes,Drinks,Soft drinks,Mixers,,$7.40,,,$6.17 per 1L,7351932,"Looking for a refreshing drink to quench your thirst on a hot summer day? Look no further than Schweppes Classic Mixers Lemon Lime & Bitters 4 x 300mL. Hand crafted by Schweppes' Master Blenders in small batches, this iconic mixer boasts an instantly recognisable taste that's sure to satisfy.

Made with six botanical herbs, including cinnamon, clove, and pimento berry, and paired with lemon and lime juices, this mixer delivers a tangy, refreshing finish that's perfect for any occasion. Whether you're enjoying it chilled on its own or pairing it with your favourite gin for a punchy cocktail, Schweppes Classic Mixers Lemon Lime & Bitters is the perfect addition to any summer day.

So why wait? Order your Schweppes Classic Mixers Lemon Lime & Bitters 4 x 300mL today and experience the iconic taste for yourself!
Hand crafted by Schweppes' Master Blenders in small batches.

Made with six botanical herbs, including cinnamon, clove, and pimento berry.

Perfect for any occasion, whether enjoyed chilled on its own or paired with gin.

Tangy and refreshing finish, instantly recognizable taste.

Experience the iconic taste of Schweppes Classic Mixers Lemon Lime & Bitters.",,,"Per 100g/ml
Per Serving
%DI
Energy
172kJ
516kJ
Protein
0g
0g
Total Fat
0g
0g
Saturated Fat
0g
0g
Carbohydrate
9.8g
29.4g
Sugars
9.6g
28.8g
Sodium
7mg
21mg
* Percentage Daily Intakes are based on an average adult diet of 8700 kJ. Your daily intakes may be higher or lower depending on your energy needs.",,https://www.coles.com.au/product/schweppes-lemon-lime-bitters-soft-drink-classic-mixers-multipack-bottles-300ml-x-4-pack-4-pack-7351932,,,2024-06-16T15:09:15.618453-04:00
Ind54SColes_ADrinks_SASoft drinks_IFanta Orange Soft Drink | 1.25L,Fanta Orange Soft Drink | 1.25L,Fanta,Drinks,Soft drinks,Soft drink bottles,,$3.85,Pick any 2 for $5.60,,$3.08 per 1L,123022,"Bright, bubbly and popular, Fanta is the orange soft drink with a tingly, fruity and bold taste. With no artificial colours, Fanta softd rink is perfect for enjoying with friends, on the go or having with meals. Fanta Orange is available in cans, mini cans, single serve and sharing size bottles as well as multipacks.
Bold fruity taste

No artificial colours

Orange flavour

Bring home flavour

Orange flavour

Made with 2% juice.",,,"Per 100g/ml
Per Serving
%DI
Energy
127
316
2
Protein
0
0
0
Total Fat
0
0
0
Saturated Fat
0
0
0
Carbohydrate
7.3
18
4
Sugars
7.2
18
13
Sodium
1.1
2.7
0.7
Energy (Cal)
30
76
2
Dietary Fibre (total)
0
0
0
* Percentage Daily Intakes are based on an average adult diet of 8700 kJ. Your daily intakes may be higher or lower depending on your energy needs.",,https://www.coles.com.au/product/fanta-orange-soft-drink-1.25l-123022,,,2024-06-16T15:09:27.209176-04:00
Ind54SColes_ADrinks_SASoft drinks_IPepsi Max No Sugar Cola Soft Drink Bottle | 1.25L,Pepsi Max No Sugar Cola Soft Drink Bottle | 1.25L,Pepsi,Drinks,Soft drinks,Soft drink bottles,,$2.00,,$3.00,$1.60 per 1L,5441863,"Looking for a refreshing and thirst-quenching cola that is also sugar free? Look no further than Pepsi Max No Sugar Soda 1.25L Bottle! With its bold cola taste and zero sugar content, this low-calorie soft drink is the perfect choice for anyone looking to enjoy a deliciously refreshing beverage without the sugar.

Pepsi Max No Sugar offers the same great taste as our classic Pepsi cola, but without any of the added sugar. This smooth and refreshing soft drink is perfect for any occasion, whether you're relaxing at home or entertaining friends and family.

With its low calorie count, Pepsi Max No Sugar is a great alternative to full sugar colas. Pepsi Max No Sugar offers a bold cola taste that's comparable to full sugar cola products.

The 1.25L multi-serve bottle is perfect for keeping in your fridge at home, or for sharing with friends and family at any social gathering. And if you're looking for even more value, be sure to check out our 12 bottle pack option.

Pepsi Max No Sugar is also available in a range of take-home pack sizes, including mini cans for portion control, larger multi-can packs for entertaining, and single-serve packs for when you're on the go.

For maximum enjoyment, be sure to drink Pepsi Max No Sugar chilled. So why wait? Treat yourself to the bold and refreshing taste of Pepsi Max No Sugar today!
Enjoy the same bold cola taste without any added sugar.

Low calorie count makes it a sugar-free choice.

The 1.25L bottle is perfect for sharing at social gatherings.

Available in various pack sizes for any occasion.

Best served chilled for maximum enjoyment.",,,"Per 100g/ml
Per Serving
%DI
Energy
1.6kJ
4kJ
0.10%
Protein
0.06g
0.2g
0.30%
Total Fat
0g
0g
0%
Saturated Fat
0g
0g
0%
Carbohydrate
0.06g
0.2g
0.10%
Sugars
0g
0g
0%
Sodium
13mg
33mg
1%
Dietary Fibre (total)
0g
0g
0%
* Percentage Daily Intakes are based on an average adult diet of 8700 kJ. Your daily intakes may be higher or lower depending on your energy needs.",,https://www.coles.com.au/product/pepsi-max-no-sugar-cola-soft-drink-bottle-1.25l-5441863,,,2024-06-16T15:09:38.351126-04:00
Ind54SColes_ADrinks_SASoft drinks_ISchweppes Traditional Raspberry Soft Drink Bottle | 1.1L,Schweppes Traditional Raspberry Soft Drink Bottle | 1.1L,Schweppes,Drinks,Soft drinks,Soft drink bottles,,$3.00,,,$2.73 per 1L,3270216,"Indulge in the tantalizing taste of the Schweppes Traditionals Raspberry! This iconic drink boasts a bold and striking red hue that's sure to draw attention. And with its equally bold and flavourful raspberry taste, it's no wonder why it's one of our most popular drinks!

Effervescence meets sweetness in this delightful fizzy drink, making it an absolute treat for your taste buds. Its vibrant colours make it the perfect drink to add some excitement to your summer. You can enjoy it on its own or add it to your favourite cocktail as a mixer for an extra burst of raspberry flavour.

The Schweppes Traditionals Raspberry comes in a 1.1L bottle, perfect to serve at parties or to enjoy with friends or family. This drink is perfect for any occasion, whether you want to cool down on a hot day or make a refreshing cocktail.

What's not to love about the Schweppes Traditionals Raspberry? It's a classic drink that packs a punch - bold in both appearance and flavour. Plus, with over 800 characters of mouth-watering description, what more do you need to know? Treat yourself to a Schweppes Traditionals Raspberry today - you won't be disappointed!
Refreshing thirst quencher.

Sweet raspberry taste is a fan favourite.

Perfect for refreshing cocktails or standalone drinks.

Suitable for sharing with family and friends.

Classic and bold flavour.",,,"Per 100g/ml
Per Serving
%DI
Energy
149kJ
373kJ
Protein
0g
0g
Total Fat
0g
0g
Saturated Fat
0g
0g
Carbohydrate
8.6g
21.5g
Sugars
8.6g
21.5g
Sodium
10mg
25mg
* Percentage Daily Intakes are based on an average adult diet of 8700 kJ. Your daily intakes may be higher or lower depending on your energy needs.",,https://www.coles.com.au/product/schweppes-traditional-raspberry-soft-drink-bottle-1.1l-3270216,,,2024-06-16T15:09:49.514655-04:00
Ind54SColes_ADrinks_SASoft drinks_IMountain Dew Citrus Soft Drink Bottle | 1.25L,Mountain Dew Citrus Soft Drink Bottle | 1.25L,Mountain Dew,Drinks,Soft drinks,Soft drink bottles,,$2.00,,$3.00,$1.60 per 1L,9855562,"Mountain Dew Energised soft drink is a bold and distinctly refreshing citrus flavoured soft drink that quenches your thirst with an intense refreshment hit.

With its caffeinated formula, Mountain Dew provides an energised lift when you need a pick me up at any time of day or night.



The 1.25L multi-serve pack is ideal for enjoying with family and friends on any social, entertaining occasion. Mtn Dew Energised also comes in a range of take-home multi-packs to suit all your flavoured soft drink occasions and single serve packs for those thirsty moments when you're out and about on-the-go!



Mountain Dew has a strong association with gaming and is known for its iconic, refreshing, one of a kind taste. Dew provides a bold burst of citrus refreshment for those thirsty moments in life. It's more than just a soft drink, it's an expression, an experience and all about having a damn good time, which is what the MTN DEW experience is all about.



Do the Dew!
Citrus Refreshment

One of a Kind Taste

Energised Flavour",,,"Per 100g/ml
Per Serving
%DI
Energy
197kJ
493kJ
6%
Protein
0g
0g
0%
Total Fat
0g
0g
0%
Saturated Fat
0g
0g
0%
Carbohydrate
12.3g
30.8g
10%
Sugars
12.3g
30.8g
34%
Sodium
15mg
38mg
Caffeine
15mg
38mg
* Percentage Daily Intakes are based on an average adult diet of 8700 kJ. Your daily intakes may be higher or lower depending on your energy needs.",,https://www.coles.com.au/product/mountain-dew-citrus-soft-drink-bottle-1.25l-9855562,,,2024-06-16T15:10:00.492329-04:00
Ind54SColes_ADrinks_SASoft drinks_ICoca-Cola Classic Soft Drink Multipack Glass Bottles 4x330mL | 4 pack,Coca-Cola Classic Soft Drink Multipack Glass Bottles 4x330mL | 4 pack,Coca-Cola,Drinks,Soft drinks,Soft drink bottles,,$9.15,,,$6.93 per 1L,3448271,"Nothing beats the taste of Coca-Cola Classic. It's the perfect companion whether you're on the go, relaxing at home, enjoying with friends or as a drink with your meal. Refresh yourself with the authentic Coke taste. Designed to go with everything, the taste of Classic Coca-Cola has remained unchanged for more than 130 years. Coca-Cola soft drink is available in cans, mini cans, single serve and sharing size bottles as well as multipacks.
Classic Coke Taste

330mL Glass Soft Drink

Perfect for drinking on the go, having with a meal or relaxing with at home.

Serve Drink Cold for Maximum Refreshment

A Quality Product of The Coca-Cola Company",,,"Per 100g/ml
Per Serving
%DI
Energy
180
594
7
Protein
0
0
0
Total Fat
0
0
0
Saturated Fat
0
0
0
Carbohydrate
10.6
35
11
Sugars
10.6
35
39
Sodium
10
33
1
Energy (Cal)
43
142
7
* Percentage Daily Intakes are based on an average adult diet of 8700 kJ. Your daily intakes may be higher or lower depending on your energy needs.",,https://www.coles.com.au/product/coca-cola-classic-soft-drink-multipack-glass-bottles-4x330ml-4-pack-3448271,,,2024-06-16T15:10:11.695380-04:00
Ind54SColes_ADrinks_SASoft drinks_ICoca-Cola Diet Coke Soft Drink Bottle | 2L,Coca-Cola Diet Coke Soft Drink Bottle | 2L,Coca-Cola,Drinks,Soft drinks,Soft drink bottles,,$3.90,,,$1.95 per 1L,418503,"Diet Coke is a deliciously light, sugar free and no kilojoule soft drink. It delivers a distinct, unique and light taste. With its bubbly sparkle, 'Diet Coke' has been refreshing and delighting drinkers for decades. The perfect sparkling soft drink for enjoying on the go, having with a meal or relaxing with at home. Coca-Cola Diet soft drink is available in cans, mini cans, single serve and sharing size bottles as well as multipacks.
Distinct Diet Coke Taste

No Sugar and Low Kilojoule

A Quality Product of The Coca-Cola Company

2L Soft Drink

Perfect for drinking on the go, having with a meal or relaxing with at home.",,,"Per 100g/ml
Per Serving
%DI
Energy
1.9
4.8
0.1
Protein
0.05
0.1
0.3
Total Fat
0
0
0
Saturated Fat
0
0
0
Carbohydrate
0.1
0.3
0.1
Sugars
0
0
0
Sodium
1
2.5
0.1
Energy (Cal)
0.5
1.1
0.1
Dietary Fibre (total)
0
0
0
* Percentage Daily Intakes are based on an average adult diet of 8700 kJ. Your daily intakes may be higher or lower depending on your energy needs.",,https://www.coles.com.au/product/coca-cola-diet-coke-soft-drink-bottle-2l-418503,,,2024-06-16T15:10:22.676090-04:00
Ind54SColes_ADrinks_SASoft drinks_ICoca-Cola Zero Sugar Soft Drink Multipack Cans 24x375mL | 24 pack,Coca-Cola Zero Sugar Soft Drink Multipack Cans 24x375mL | 24 pack,Coca-Cola,Drinks,Soft drinks,Soft drink cans,,$23.10,,$38.50,$2.57 per 1L,2993740,"Coca-Cola Zero Sugar is a deliciously light choice for those who want the classic taste of Coke with no sugar. Whether sharing with family and friends or accompanying a meal, Coca-Cola Zero Sugar has a pack for almost any occasion. Coca-Cola Zero Sugar soft drink is available in cans, mini cans, single serve and sharing size bottles as well as multipacks.
The Coke Taste You Love with No Sugar and Low Calories

Serve Drink Cold for Maximum Refreshment

A Quality Product of The Coca-Cola Company

Perfect for drinking on the go, having with a meal or relaxing with at home.

Serve Drink Cold for Maximum Refreshment",,,"Per 100g/ml
Per Serving
%DI
Energy
1.2
4.5
0.1
Protein
0.02
0.09
0.2
Total Fat
0
0
0
Saturated Fat
0
0
0
Carbohydrate
0.03
0.1
0.1
Sugars
0
0
0
Sodium
4.1
15
0.7
Energy (Cal)
0.3
1.1
0.1
Dietary Fibre (total)
0
0
0
* Percentage Daily Intakes are based on an average adult diet of 8700 kJ. Your daily intakes may be higher or lower depending on your energy needs.",,https://www.coles.com.au/product/coca-cola-zero-sugar-soft-drink-multipack-cans-24x375ml-24-pack-2993740,,,2024-06-16T15:10:34.721656-04:00
Ind54SColes_ADrinks_SASoft drinks_ICoca-Cola Zero Sugar Soft Drink Multipack Mini Cans 6x250mL | 6 pack,Coca-Cola Zero Sugar Soft Drink Multipack Mini Cans 6x250mL | 6 pack,Coca-Cola,Drinks,Soft drinks,Soft drink cans,,$6.75,,$9.20,$4.50 per 1L,4398690,"Coca-Cola Zero Sugar is a deliciously light choice for those who want the classic taste of Coke with no sugar. Whether sharing with family and friends or accompanying a meal, Coca-Cola Zero Sugar has a pack for almost any occasion. Coca-Cola Zero Sugar soft drink is available in cans, mini cans, single serve and sharing size bottles as well as multipacks.
The Coke Taste You Love with No Sugar and Low Calories

6 x 250mL Mini Cans Soft Drink

Perfect for drinking on the go, having with a meal or relaxing with at home.

Serve Drink Cold for Maximum Refreshment

A Quality Product of The Coca-Cola Company",,,"Per 100g/ml
Per Serving
%DI
Energy
1.2
3
0.1
Protein
0.02
0.06
0.1
Total Fat
0
0
0
Saturated Fat
0
0
0
Carbohydrate
0.03
0.08
0.1
Sugars
0
0
0
Sodium
4.1
10.3
0.4
Energy (Cal)
0.3
0.7
0.1
Dietary Fibre (total)
0
0
0
* Percentage Daily Intakes are based on an average adult diet of 8700 kJ. Your daily intakes may be higher or lower depending on your energy needs.",,https://www.coles.com.au/product/coca-cola-zero-sugar-soft-drink-multipack-mini-cans-6x250ml-6-pack-4398690,,,2024-06-16T15:10:45.696649-04:00
Ind54SColes_ADrinks_SASoft drinks_ISchweppes Dry Ginger Ale Soft Drink Bottle Mixers Multipack 300mL x 4 Pack | 4 pack,Schweppes Dry Ginger Ale Soft Drink Bottle Mixers Multipack 300mL x 4 Pack | 4 pack,Schweppes,Drinks,Soft drinks,Mixers,,$7.40,,,$6.17 per 1L,7364650,"Indulge in a truly unique taste experience with Schweppes Classic Mixers Dry Ginger Ale, specially crafted for you. Immerse yourself in the sweet and earthy flavours created with a blend of ginger, citrus oils and Indian chili - each sip truly packs a punch.

Our ginger is carefully steeped and cold-pressed to ensure maximum taste, guaranteeing a crisp, sharp and refreshing beverage every time. Perfectly paired with Scotch Whisky, you can also enjoy this classic mixer as a standalone drink.

Whether you're looking to enjoy a relaxing evening at home or unwind with friends, Schweppes Classic Mixers Dry Ginger Ale is an excellent addition to your drinks cabinet. This pack includes 4 x 300mL bottles, making it perfect for sharing. Elevate your cocktails with rum, bourbon or whisky - this classic mixer is sure to impress your guests. Order now and experience the ultimate blend of flavours with Schweppes Classic Mixers Dry Ginger Ale.
Unique flavour crafted with ginger, citrus oils, and Indian chilli

Carefully steeped and cold-pressed ginger for maximum taste.

Perfectly paired with Scotch Whisky or as a standalone drink.

Excellent addition to your drinks cabinet for relaxing evenings or entertaining.

Elevate your cocktails with rum, bourbon or whisky for impressive drinks.",,,"Per 100g/ml
Per Serving
%DI
Energy
134kJ
402kJ
Protein
0g
0g
Total Fat
0g
0g
Saturated Fat
0g
0g
Carbohydrate
7.6g
22.8g
Sugars
7.6g
22.8g
Sodium
10mg
30mg
* Percentage Daily Intakes are based on an average adult diet of 8700 kJ. Your daily intakes may be higher or lower depending on your energy needs.",,https://www.coles.com.au/product/schweppes-dry-ginger-ale-soft-drink-bottle-mixers-multipack-300ml-x-4-pack-4-pack-7364650,,,2024-06-16T15:10:56.814042-04:00
Ind54SColes_ADrinks_SA_ISchweppes Zero Sugar Dry Ginger Ale Soft Drink Mixers Multipack 300mL x 4 Pack | 4 pack,Schweppes Zero Sugar Dry Ginger Ale Soft Drink Mixers Multipack 300mL x 4 Pack | 4 pack,Schweppes,Drinks,,,,$7.40,,,$6.17 per 1L,7364672,"Schweppes Zero Sugar Classic Mixers Dry Ginger Ale 300ml Bottle x 4 Pack is a delicious and refreshing ginger ale that is perfect for any occasion. This mixer has the classic taste of ginger ale without the added sugar.

Each 300ml bottle in this 4 pack contains the perfect amount of ginger ale to mix with your favorite spirits or enjoy on its own. It's an ideal addition to any home bar or for entertaining guests.

Schweppes is a well-known brand that has been making quality mixers for over 200 years. The company is known for using only the finest ingredients to create a premium product that delivers a refreshing taste experience every time.

This zero sugar ginger ale is no exception. It's made with natural flavors and contains no artificial colors or preservatives.

Schweppes Zero Sugar Classic Mixers Dry Ginger Ale 300ml Bottle x 4 Pack is the perfect mixer for those who want to enjoy a classic cocktail without the added sugar. It's a refreshing and tasty drink that can be enjoyed at any time of day or night. So, whether you're hosting a party, having a quiet night in, or just need a refreshing drink, Schweppes Zero Sugar Classic Mixers Dry Ginger Ale is the perfect choice.
Classic taste of Schweppes Ginger Ale now with zero sugar

Made with steeped and cold-pressed ginger root, citrus oils, and chilli

Perfect mixer for gin or whiskey cocktails

Four 300mL bottles in each pack for convenience

Perfect for sharing with family and friends",,,"Per 100g/ml
Per Serving
%DI
Energy
6kJ
18kJ
Protein
0g
0g
Total Fat
0g
0g
Saturated Fat
0g
0g
Carbohydrate
0g
0g
Sugars
0g
0g
Sodium
14mg
42mg
Dietary Fibre (total)
0g
0g
* Percentage Daily Intakes are based on an average adult diet of 8700 kJ. Your daily intakes may be higher or lower depending on your energy needs.",,https://www.coles.com.au/product/schweppes-zero-sugar-dry-ginger-ale-soft-drink-mixers-multipack-300ml-x-4-pack-4-pack-7364672,,,2024-06-16T15:11:08.004426-04:00
Ind54SColes_ADrinks_SASoft drinks_ICoca-Cola Zero Sugar Vanilla Soft Drink Bottle | 1.25L,Coca-Cola Zero Sugar Vanilla Soft Drink Bottle | 1.25L,Coca-Cola,Drinks,Soft drinks,Soft drink bottles,,$3.85,Pick any 2 for $5.60,,$3.08 per 1L,3271060,"Coca-Cola Vanilla Zero Sugar has the refreshing Coca-Cola taste with the sweet aroma of vanilla and no sugar, making it a delicious twist on an old favourite. Coca-Cola Vanilla Zero Sugar soft drink is available in multipack cans, single serve bottles and sharing size bottles. There's a pack for almost any occasion.
Classic Coke Taste with a Twist

Hint of Vanilla

No Sugar

1.25L Bottle Soft Drink

Perfect for drinking on the go, having with a meal or relaxing with at home.

1.25L Bottle.",,,"Per 100g/ml
Per Serving
%DI
Energy
1
2.5
0.1
Protein
0.05
0.1
0.3
Total Fat
0
0
0
Saturated Fat
0
0
0
Carbohydrate
0.1
0.3
0.1
Sugars
0
0
0
Sodium
1.0
2.5
0.1
Energy (Cal)
0.2
0.6
0.1
Dietary Fibre (total)
0
0
0
* Percentage Daily Intakes are based on an average adult diet of 8700 kJ. Your daily intakes may be higher or lower depending on your energy needs.",,https://www.coles.com.au/product/coca-cola-zero-sugar-vanilla-soft-drink-bottle-1.25l-3271060,,,2024-06-16T15:11:19.145535-04:00
Ind54SColes_ADrinks_SASoft drinks_ISchweppes Traditional Brown Creaming Soda Soft Drink Bottle | 1.1L,Schweppes Traditional Brown Creaming Soda Soft Drink Bottle | 1.1L,Schweppes,Drinks,Soft drinks,Soft drink bottles,,$3.00,,,$2.73 per 1L,3270180,"Indulge in a creamy and delightful taste with Schweppes Traditionals Brown Cream Soda 1.1L. This classic beverage has been savoured by Australians for generations, and it's not hard to see why. With its rich, luxurious flavour and hints of vanilla, this soda is perfect for any occasion, whether you're spending time with your loved ones or just looking to treat yourself.

One of the things that sets Schweppes Traditionals Brown Cream Soda apart from other beverages is its unique taste. The creamy flavour, combined with a subtle hint of vanilla, creates a truly indulgent experience that is sure to delight your taste buds. It's no wonder that this soda has been a favourite for generations.

When you crack open a bottle of Schweppes Traditionals Brown Cream Soda, you'll be met with a refreshing and satisfying drink that is perfect for any time of day. Whether you're enjoying it as a refreshing pick-me-up or as a delicious accompaniment to your favourite meal, this soda is sure to hit the spot.

To fully enjoy the rich, creamy taste of this soda, we recommend serving it over ice. This will help to bring out the full depth of flavour and give you a truly satisfying experience. So, why not treat yourself to a bottle of Schweppes Traditionals Brown Cream Soda today and discover why it's been an Australian favourite for generations.
Rich and indulgent, with a creamy taste and hints of vanilla.

A classic Australian favourite that has stood the test of time.

Refreshing and satisfying, perfect for any time of day.

Best served over ice for a truly satisfying experience.

Treat yourself and discover what makes this soda so special.",,,"Per 100g/ml
Per Serving
%DI
Energy
184kJ
460kJ
Protein
0g
0g
Total Fat
0g
0g
Saturated Fat
0g
0g
Carbohydrate
10.8g
27.0g
Sugars
10.7g
26.8g
Sodium
7mg
18mg
* Percentage Daily Intakes are based on an average adult diet of 8700 kJ. Your daily intakes may be higher or lower depending on your energy needs.",,https://www.coles.com.au/product/schweppes-traditional-brown-creaming-soda-soft-drink-bottle-1.1l-3270180,,,2024-06-16T15:11:30.156342-04:00
Ind54SColes_ADrinks_SASports drinks_IStaminade Hydrate 25% Less Sugar Orange Powder | 585g,Staminade Hydrate 25% Less Sugar Orange Powder | 585g,Staminade,Drinks,Sports drinks,Sport drink powders,,$10.80,,,$1.85 per 100g,4464659,"The original Australian electrolyte sports drink
25% less sugar*
*Staminade Hydrate Orange contains 25% less sugar than other Staminade variants
Staminade Hydrate, Orange flavoured electrolyte sports drink contains a unique thirst-quenching formulation that assists with the rapid replenishment of minerals and fluids lost during exercise.",,,"Per 100g/ml
Per Serving
%DI
Energy
71kJ
179kJ
Protein
0g
0g
Total Fat
0g
0g
Saturated Fat
0g
0g
Carbohydrate
5.6g
13.9g
Sugars
3.7g
9.3g
Sodium
47.9mg
119.8mg
Vitamin C
5.3g
13.2g
Magnesium
3.2mg
8.1mg
Potassium
17.3mg
43.1mg
* Percentage Daily Intakes are based on an average adult diet of 8700 kJ. Your daily intakes may be higher or lower depending on your energy needs.","Sucrose, Sweetener (Erythritol 968), Glucose, Citric Acid, Sodium Citrate, Anti Caking (551), Mono-Potassium Phosphate (340i), Flavour, Sodium Chloride, Magnesium Lactate, Ascorbic Acid (300), Colour (110), Sweetener (Sucralose 955)",https://www.coles.com.au/product/staminade-hydrate-25percent-less-sugar-orange-powder-585g-4464659,,,2024-06-16T15:13:23.813048-04:00
Ind54SColes_ADrinks_SASports drinks_IPowerade ION4 Gold Rush Sports Drink Sipper Cap | 600mL,Powerade ION4 Gold Rush Sports Drink Sipper Cap | 600mL,Powerade,Drinks,Sports drinks,Sports drink,,$2.50,,$4.20,$4.17 per 1L,1726045,"Powerade ION4 isotonic sports drinks contain four electrolytes - Sodium, Potassium, Calcium and Magnesium - formulated to hydrate you fast when you need it most by replacing electrolytes and fluids lost in sweat. Available in 600mL and 1L.
Isotonic sports drink

Fast hydration and energy when you need it most.

Contains electrolytes: Sodium, Potassium, Calcium and Magnesium

POWERADE is ideal for fast replenishment of fluid and fuel to muscles to get you ready for the next training session.

Sipper cap

600mL Bottle.",,,"Per 100g/ml
Per Serving
%DI
Energy
103
620
7
Protein
0
0
0
Total Fat
0
0
0
Saturated Fat
0
0
0
Carbohydrate
5.8
35
11
Sugars
5.8
35
39
Sodium
28
168
7
Energy (Cal)
25
148
7
Dietary Fibre (total)
0
0
0
* Percentage Daily Intakes are based on an average adult diet of 8700 kJ. Your daily intakes may be higher or lower depending on your energy needs.",,https://www.coles.com.au/product/powerade-ion4-gold-rush-sports-drink-sipper-cap-600ml-1726045,,,2024-06-16T15:13:34.896323-04:00
Ind54SColes_ADrinks_SASports drinks_IMaximus Grape Isotonic Sports Drink | 1L,Maximus Grape Isotonic Sports Drink | 1L,Maximus,Drinks,Sports drinks,Sports drink,,$2.80,,,$2.80 per 1L,3049447,"Don't just replace fluids - replenish electrolytes with Maximus - the 1L isotonic sports drink that packs a punch.

 

Whether you're trying to stay hydrated at work, attempting to keep cool on a scorching hot day or looking for rapid rehydration after a long game of backyard cricket, our sports drinks are the perfect thirst-quencher for any occasion. Try our great tasting grape flavour. With just the right balance of sweetness and refreshment, you'll feel rehydrated.

 
Each bottle contains four key electrolytes - sodium, potassium, magnesium, and calcium - to refuel and rehydrate faster for repaid rehydration, no matter how intense your day (or night was!).


So next time you're feeling parched in the morning on the move or after physical activity, grab a Maximus - the ultimate hydration companion for Aussies.


Maximus is available in a large 1L bottle perfect for keeping you replenished for longer, no matter where you are.


MORE DRINK, MORE DO.
Isotonic Sports Drink

Essential electrolytes for rapid re-hydration

Great taste

Large multi-serve 1L bottle

Recovery

Grape Flavour.",,,"Per 100g/ml
Per Serving
%DI
Energy
127kJ
317kJ
4%
Protein
0g
<1g
0%
Total Fat
0g
<1g
0%
Saturated Fat
0g
<1g
0%
Carbohydrate
7.3g
18.2g
6%
Sugars
5.9g
17%
Sucrose
5.9g
14.8g
17%
Calcium
2mg (0.05mmol)
5mg (0.13 mmol)
Sodium
30mg (1.3mmol)
75mg (3.3mmol)
3%
Magnesium
4mg (0.16mmol)
10mg (0.41mmol)
Potassium
30mg (0.78mmol)
76mg (1.9mmol)
* Percentage Daily Intakes are based on an average adult diet of 8700 kJ. Your daily intakes may be higher or lower depending on your energy needs.",,https://www.coles.com.au/product/maximus-grape-isotonic-sports-drink-1l-3049447,,,2024-06-16T15:13:45.688386-04:00
Ind54SColes_ADrinks_SASports drinks_IGatorade Sports Drinks Tropical Electrolyte Hydration Bottle | 600mL,Gatorade Sports Drinks Tropical Electrolyte Hydration Bottle | 600mL,Gatorade,Drinks,Sports drinks,Sports drink,,$4.00,Pick any 2 for $6,,$6.67 per 1L,5468917,"Gatorade Tropical electrolyte sports drink contains critical electrolytes to help replace what's lost in sweat and fuel you to perform at your best.


You lose a whole lot more than water when you sweat. Losses in fluids and electrolytes can negatively impact performance. During training and exercise, you burn off vital energy needed to continue competing with the best.


Gatorade is the Number 1 sports rehydration drink on the planet scientifically formulated to help refuel with carbs to support the demands you put on your body, which is why it's trusted by some of the world's best athletes.


Gatorade Tropical is also available in a larger 1L sports drink bottle to help replenish and hydrate your body during more intense and prolonged exercise.


NOTHING BEATS GATORADE.
High in electrolytes to aid in rehydration

Carbohydrates to refuel working muscles

Backed by over 50 years of scientific research",,,"Per 100g/ml
Per Serving
%DI
Energy
103kJ
618kJ
7%
Protein
0g
0g
0%
Total Fat
0g
0g
0%
Saturated Fat
0g
0g
0%
Carbohydrate
6.0g
36.0g
12%
Sugars
6.0g
36.0g
40%
Sucrose
5.5g
33.0g
Sodium
51mg
306mg
13%
Dietary Fibre (total)
0g
0g
0%
Glucose
0.5g
3.0g
* Percentage Daily Intakes are based on an average adult diet of 8700 kJ. Your daily intakes may be higher or lower depending on your energy needs.",,https://www.coles.com.au/product/gatorade-sports-drinks-tropical-electrolyte-hydration-bottle-600ml-5468917,,,2024-06-16T15:13:56.812591-04:00
Ind54SColes_ADrinks_SASports drinks_IPowerade Isotonic Berry Ice Sports Drink Flat Cap | 1.5L,Powerade Isotonic Berry Ice Sports Drink Flat Cap | 1.5L,Powerade,Drinks,Sports drinks,Sports drink,,$4.35,,,$2.90 per 1L,3038928,"Powerade isotonic sportsdrinks contain four electrolytes - Sodium, Potassium, Calcium and Magnesium - formulated to hydrate you fast when you need it most by replacing electrolytes and fluids lost in sweat.
Isotonic sports drink

Fast hydration and energy when you need it most.

Contains electrolytes: Sodium, Potassium, Calcium and Magnesium

POWERADE is ideal for fast replenishment of fluid and fuel to muscles to get you ready for the next training session.

Flat cap

1.5L Bottle.",,,"Per 100g/ml
Per Serving
%DI
Energy
104
260
3
Protein
0
0
0
Total Fat
0
0
0
Saturated Fat
0
0
0
Carbohydrate
5.8
14.5
5
Sugars
5.8
14.5
16
Sodium
28
70
3
Energy (Cal)
25
62
3
Dietary Fibre (total)
0
0
0
* Percentage Daily Intakes are based on an average adult diet of 8700 kJ. Your daily intakes may be higher or lower depending on your energy needs.",,https://www.coles.com.au/product/powerade-isotonic-berry-ice-sports-drink-flat-cap-1.5l-3038928,,,2024-06-16T15:14:08.710012-04:00
Ind54SColes_ADrinks_SASports drinks_IPowerade Sports Drink Sipper Cap Mountain Blast | 600mL,Powerade Sports Drink Sipper Cap Mountain Blast | 600mL,Powerade,Drinks,Sports drinks,Sports drink,,$2.50,,$4.20,$4.17 per 1L,1726056,"Powerade ION4 Mountain Blast isotonic sportsdrinks contain four electrolytes - Sodium, Potassium, Calcium and Magnesium - formulated to hydrate you fast when you need it most by replacing electrolytes and fluids lost in sweat. Available in 600mL and 1L sipper cap bottle.
Isotonic sports drink

Fast hydration and energy when you need it most.

Contains electrolytes: Sodium, Potassium, Calcium and Magnesium

POWERADE is ideal for fast replenishment of fluid and fuel to muscles to get you ready for the next training session.

Sipper cap

600mL Bottle.",,,"Per 100g/ml
Per Serving
%DI
Energy
105
628
7
Protein
0
0
0
Total Fat
0
0
0
Saturated Fat
0
0
0
Carbohydrate
5.8
35
11
Sugars
5.8
35
39
Sodium
28
168
7
Energy (Cal)
1.6
9.6
7
Dietary Fibre (total)
0
0
0
* Percentage Daily Intakes are based on an average adult diet of 8700 kJ. Your daily intakes may be higher or lower depending on your energy needs.",,https://www.coles.com.au/product/powerade-sports-drink-sipper-cap-mountain-blast-600ml-1726056,,,2024-06-16T15:14:19.770681-04:00
Ind54SColes_ADrinks_SASports drinks_IGatorade Sports Drinks Lemon Lime Electrolyte Hydration Bottle | 600mL,Gatorade Sports Drinks Lemon Lime Electrolyte Hydration Bottle | 600mL,Gatorade,Drinks,Sports drinks,Sports drink,,$4.00,Pick any 2 for $6,,$6.67 per 1L,5468870,"Gatorade Lemon Lime electrolyte sports drink contains critical electrolytes to help replace what's lost in sweat and fuel you to perform at your best.


You lose a whole lot more than water when you sweat. Losses in fluids and electrolytes can negatively impact performance. During training and exercise, you burn off vital energy needed to continue competing with the best.


Gatorade is the Number 1 sports rehydration drink on the planet scientifically formulated to help refuel with carbs to support the demands you put on your body, which is why it's trusted by some of the world's best athletes.


Gatorade Lemon Lime is also available in a larger 1L sports drink bottle to help replenish and hydrate your body during more intense and prolonged exercise.


NOTHING BEATS GATORADE.
High in electrolytes to aid in rehydration

Carbohydrates to refuel working muscles

Backed by over 50 years of scientific research",,,"Per 100g/ml
Per Serving
%DI
Energy
103kJ
618kJ
7%
Protein
0g
0g
0%
Total Fat
0g
0g
0%
Saturated Fat
0g
0g
0%
Carbohydrate
6.0g
36.0g
12%
Sugars
6.0g
36.0g
40%
Sucrose
5.5g
33.0g
Sodium
51mg
306mg
13%
Dietary Fibre (total)
0g
0g
0%
Glucose
0.5g
3.0g
* Percentage Daily Intakes are based on an average adult diet of 8700 kJ. Your daily intakes may be higher or lower depending on your energy needs.",,https://www.coles.com.au/product/gatorade-sports-drinks-lemon-lime-electrolyte-hydration-bottle-600ml-5468870,,,2024-06-16T15:14:30.951614-04:00
Ind54SColes_ADrinks_SASports drinks_IBoss Double Espresso Ice Coffee 4x237mL | 4 pack,Boss Double Espresso Ice Coffee 4x237mL | 4 pack,Boss,Drinks,Sports drinks,All Iced Tea,,$14.00,,,$14.77 per 1L,7483398,,,,,,https://www.coles.com.au/product/boss-double-espresso-ice-coffee-4x237ml-4-pack-7483398,,,2024-06-16T15:14:39.952330-04:00
Ind54SColes_ADrinks_SASports drinks_ILipton Ice Tea Passionfruit | 20 pack,Lipton Ice Tea Passionfruit | 20 pack,Lipton,Drinks,Sports drinks,All Iced Tea,,$7.00,,,$0.35 per 1ea,5008076,"Single serve sachets of Lipton Passionfruit Iced Tea powder for classic make at home Iced Tea.

A brilliant taste for a brighter day. Lipton's expert mixologist have crafted a delicious blend of Lipton Iced Tea Mix with Passionfruit flavor to make the most refreshingly delicious iced tea for you and your family. Our Iced Tea Mixes are brewed from real leaves so the taste is always pure and satisfying.

Cooling

Refreshing

Easy-To-Make

Classic Taste

Summer

Delicious

Passionfruit Flavouring

Lipton Iced Tea Mix",,,"Per 100g/ml
Per Serving
%DI
Energy
105kJ
262kJ
Protein
0g
0g
Total Fat
<1g
<1g
Saturated Fat
<1g
<1g
Carbohydrate
6.3g
15.7g
Sugars
6.1g
15.3g
Sodium
<5mg
<5mg
* Percentage Daily Intakes are based on an average adult diet of 8700 kJ. Your daily intakes may be higher or lower depending on your energy needs.","Sugar, acidity regulator (330), Black tea extract powder (1.19%), flavouring (passionfruit)(0.288%), anticaking agent (551), sweetner (960), passionfruit juice powder (0.058%), acidity regulator (300).",https://www.coles.com.au/product/lipton-ice-tea-passionfruit-20-pack-5008076,,,2024-06-16T15:14:50.940509-04:00
Ind54SColes_ADrinks_SASports drinks_IMaximus Mango Passionfruit Isotonic Sports Drink | 1L,Maximus Mango Passionfruit Isotonic Sports Drink | 1L,Maximus,Drinks,Sports drinks,Sports drink,,$2.80,,,$2.80 per 1L,5172433,"Whether you're trying to stay hydrated at work, attempting to keep cool on a scorching hot day or looking for rapid rehydration after a long game of backyard cricket, our sports drinks are the perfect thirst-quencher for any occasion. Try our great tasting mango passionfruit flavour that's so good it's almost unfair - with just the right balance of sweetness and refreshment, you'll feel rehydrated.

 

Each bottle contains four key electrolytes - sodium, potassium, magnesium, and calcium - to refuel and rehydrate faster for repaid rehydration, no matter how intense your day (or night was!).

 

So next time you're feeling parched in the morning on the move or after physical activity, grab a Maximus - the ultimate hydration companion for Aussies.

 

Maximus is available in a large 1L bottle perfect for keeping you replenished for longer, no matter where you are.

 

MORE DRINK, MORE DO.
Isotonic Sports Drink

Essential electrolytes for rapid re-hydration

Great taste

Large multi-serve 1L bottle

Recovery

Mango and Passionfruit flavour.",,,"Per 100g/ml
Per Serving
%DI
Energy
129kJ
322kJ
4%
Protein
0g
0g
0%
Total Fat
0g
0g
0%
Saturated Fat
0g
0g
0%
Carbohydrate
7.3g
18.4g
6%
Sugars
0g
Sucrose
5.9g
4.8g
17%
Calcium
2mg (0.05mmol)
5mg (0.13mmol)
Sodium
30mg (1.3mmol)
75mg (3.3mmol)
3%
Magnesium
4mg (0.16mmol)
10mg (0.41mmol)
Potassium
30mg (0.78mmol)
76mg (1.9mmol)
* Percentage Daily Intakes are based on an average adult diet of 8700 kJ. Your daily intakes may be higher or lower depending on your energy needs.",,https://www.coles.com.au/product/maximus-mango-passionfruit-isotonic-sports-drink-1l-5172433,,,2024-06-16T15:15:02.922429-04:00
Ind54SColes_ADrinks_SASports drinks_IPowerade Berry Ice Sports Drink Sipper Cap | 600mL,Powerade Berry Ice Sports Drink Sipper Cap | 600mL,Powerade,Drinks,Sports drinks,Sports drink,,$2.50,,$4.20,$4.17 per 1L,1726001,"Powerade ION4 isotonic sportsdrinks contain four electrolytes - Sodium, Potassium, Calcium and Magnesium - formulated to hydrate you fast when you need it most by replacing electrolytes and fluids lost in sweat.
Isotonic sports drink

Fast hydration and energy when you need it most.

Contains electrolytes: Sodium, Potassium, Calcium and Magnesium

POWERADE is ideal for fast replenishment of fluid and fuel to muscles to get you ready for the next training session.

Flat cap

600mL Bottle.",,,"Per 100g/ml
Per Serving
%DI
Energy
104
624
7
Protein
0
0
0
Total Fat
0
0
0
Saturated Fat
0
0
0
Carbohydrate
5.8
35
11
Sugars
5.8
35
39
Sodium
28
168
7
Energy (Cal)
25
149
7
Dietary Fibre (total)
0
0
0
* Percentage Daily Intakes are based on an average adult diet of 8700 kJ. Your daily intakes may be higher or lower depending on your energy needs.","Water, Sucrose, Minerals (Potassium Citrate, Magnesium Sulphate, Calcium Chloride, Sodium Citrate, Sodium Chloride, Potassium Phosphate), Food Acid (330), Flavour, Colour (129), Sweetener (955).",https://www.coles.com.au/product/powerade-berry-ice-sports-drink-sipper-cap-600ml-1726001,,,2024-06-16T15:15:14.179631-04:00
Ind54SColes_ADrinks_SASports drinks_IPowerade Berry Ice Zero Sports Drink Sipper Cap | 600mL,Powerade Berry Ice Zero Sports Drink Sipper Cap | 600mL,Powerade,Drinks,Sports drinks,Sports drink,,$2.50,,$4.20,$4.17 per 1L,1726023,"Powerade Zero Sugar Berry Ice sports drink is scientifically formulated to replace an essential electrolyte lost in sweat.Berry flavour. No sugar. Sipper cap
Sports drink

Fast hydration when you need it most.

Contains Sodium

POWERADE replaces an essential electrolyte lost in sweat

Zero Sugar

Sipper cap.

600mL Bottle.",,,"Per 100g/ml
Per Serving
%DI
Energy
6.7
40
0.5
Protein
0
0
0
Total Fat
0
0
0
Saturated Fat
0
0
0
Carbohydrate
0.06
0.4
0.1
Sugars
0
0
0
Sodium
42
254
11
Vitamin C
2
Energy (Cal)
1.6
9.6
0.5
Dietary Fibre (total)
0
0
0
* Percentage Daily Intakes are based on an average adult diet of 8700 kJ. Your daily intakes may be higher or lower depending on your energy needs.",,https://www.coles.com.au/product/powerade-berry-ice-zero-sports-drink-sipper-cap-600ml-1726023,,,2024-06-16T15:15:25.319944-04:00
Ind54SColes_ADrinks_SASports drinks_IMaximus Blue Isotonic Sports Drink | 1L,Maximus Blue Isotonic Sports Drink | 1L,Maximus,Drinks,Sports drinks,Sports drink,,$2.80,,,$2.80 per 1L,9880694,"Whether you're trying to stay hydrated at work, attempting to keep cool on a scorching hot day or looking for rapid rehydration after a long game of backyard cricket, our sports drinks are the perfect thirst-quencher for any occasion. Try our great tasting blue flavour that's so good it's almost unfair - with just the right balance of sweetness and refreshment, you'll feel rehydrated.

 

Each bottle contains four key electrolytes - sodium, potassium, magnesium, and calcium - to refuel and rehydrate faster for repaid rehydration, no matter how intense your day (or night was!).

 

So next time you're feeling parched in the morning on the move or after physical activity, grab a Maximus - the ultimate hydration companion for Aussies.

 

Maximus is available in a large 1L bottle perfect for keeping you replenished for longer, no matter where you are.


MORE DRINK, MORE DO.
Isotonic Sports Drink

Essential electrolytes for rapid re-hydration

Great taste

Large multi-serve 1L bottle

Recovery

Blue Flavour.",,,"Per 100g/ml
Per Serving
%DI
Energy
132kJ
331kJ
4%
Protein
0g
<1g
0%
Total Fat
0g
<1g
0%
Saturated Fat
0g
<1g
0%
Carbohydrate
7.5g
18.7g
6%
Sugars
6.0g
Sucrose
6.0g
14.9g
17%
Calcium
2mg (0.05 mmol)
5mg (0.13 mmol)
Sodium
31mg (1.3mmol)
78mg (3.4mmol)
3%
Magnesium
4mg (0.16mmol)
10mg (0.41mmol)
Potassium
30mg (0.76 mmol)
76mg (1.9mmol)
* Percentage Daily Intakes are based on an average adult diet of 8700 kJ. Your daily intakes may be higher or lower depending on your energy needs.",,https://www.coles.com.au/product/maximus-blue-isotonic-sports-drink-1l-9880694,,,2024-06-16T15:15:36.826854-04:00
Ind54SColes_ADrinks_SASports drinks_IPowerade Mountain Bast Sports Drink | 1L,Powerade Mountain Bast Sports Drink | 1L,Powerade,Drinks,Sports drinks,Sports drink,,$5.35,Pick any 2 for $6.60,,$5.35 per 1L,2784262,"Powerade ION4 Mountain Blast isotonic sportsdrinks contain four electrolytes - Sodium, Potassium, Calcium and Magnesium - formulated to hydrate you fast when you need it most by replacing electrolytes and fluids lost in sweat. Available in 600mL and 1L sipper cap bottle.
Isotonic sports drink

Fast hydration and energy when you need it most.

Contains electrolytes: Sodium, Potassium, Calcium and Magnesium

POWERADE is ideal for fast replenishment of fluid and fuel to muscles to get you ready for the next training session.

Sipper cap

1L Bottle.",,,"Per 100g/ml
Per Serving
%DI
Energy
105
262
3
Protein
0
0
0
Total Fat
0
0
0
Saturated Fat
0
0
0
Carbohydrate
5.8
14.5
5
Sugars
5.8
14.5
16
Sodium
28
70
3
Energy (Cal)
25
63
3
Dietary Fibre (total)
0
0
0
* Percentage Daily Intakes are based on an average adult diet of 8700 kJ. Your daily intakes may be higher or lower depending on your energy needs.",,https://www.coles.com.au/product/powerade-mountain-bast-sports-drink-1l-2784262,,,2024-06-16T15:15:47.824508-04:00
Ind54SColes_ADrinks_SASports drinks_IGatorade Sports Drinks Green Apple Electrolyte Hydration Bottle | 600mL,Gatorade Sports Drinks Green Apple Electrolyte Hydration Bottle | 600mL,Gatorade,Drinks,Sports drinks,Sports drink,,$4.00,Pick any 2 for $6,,$6.67 per 1L,2485374,"Gatorade Green Apple electrolyte sports drink contains critical electrolytes to help replace what's lost in sweat and fuel you to perform at your best. You lose a whole lot more than water when you sweat. Losses in fluids and electrolytes can negatively impact performance. During training and exercise, you burn off vital energy needed to continue competing with the best. Gatorade is the Number 1 sports rehydration drink on the planet scientifically formulated to help refuel with carbs to support the demands you put on your body, which is why it's trusted by some of the world's best athletes. NOTHING BEATS GATORADE.
High in electrolytes to aid in rehydration

Carbohydrates to refuel working muscles

Backed by over 50 years of scientific research

600mL portable sports drink bottle for on-the-go hydration",,,"Per 100g/ml
Per Serving
%DI
Energy
103kJ
618kJ
7%
Protein
0g
0g
0%
Total Fat
0g
0g
0%
Saturated Fat
0g
0g
0%
Carbohydrate
6.0g
36.0g
12%
Sugars
6.0g
36.0g
40%
Sucrose
5.5g
33.0g
Sodium
51mg
306mg
13%
Dietary Fibre (total)
0g
0g
0%
Glucose
0.5g
3.0g
* Percentage Daily Intakes are based on an average adult diet of 8700 kJ. Your daily intakes may be higher or lower depending on your energy needs.",,https://www.coles.com.au/product/gatorade-sports-drinks-green-apple-electrolyte-hydration-bottle-600ml-2485374,,,2024-06-16T15:15:59.075044-04:00
Ind54SColes_ADrinks_SASports drinks_IGatorade Sport Drink Berry No Sugar | 600mL,Gatorade Sport Drink Berry No Sugar | 600mL,Gatorade,Drinks,Sports drinks,Sports drink,,$4.00,Pick any 2 for $6,,$6.67 per 1L,3989533,"Gatorade No Sugar contains the essential electrolytes to help replace what's lost in sweat and fuel you to perform at your best, all with zero carbs and minimal calories to compliment your nutritional efforts.


You lose a whole lot more than water when you sweat. Losses in fluids and electrolytes can negatively impact performance. During training and exercise, you burn off vital energy needed to continue competing with the best.


Gatorade is the Number 1 sports rehydration drink on the planet scientifically formulated to help refuel to support the demands you put on your body, which is why it's trusted by some of the world's best athletes. Gatorade No Sugar is no different.


Available in a convenient 600mL sports drink bottle to help replenish and hydrate your body on-the-go.


NOTHING BEATS GATORADE.
Essential Electrolytes

Without the Sugar",,,"Per 100g/ml
Per Serving
%DI
Energy
5kJ
30kJ
0.30%
Protein
0g
0g
0%
Total Fat
0g
0g
0%
Saturated Fat
0g
0g
0%
Carbohydrate
0.1g
0.6g
0.20%
Sugars
0g
0g
0%
Sodium
45g
270mg
12%
Dietary Fibre (total)
0g
0g
0%
* Percentage Daily Intakes are based on an average adult diet of 8700 kJ. Your daily intakes may be higher or lower depending on your energy needs.",,https://www.coles.com.au/product/gatorade-sport-drink-berry-no-sugar-600ml-3989533,,,2024-06-16T15:16:11.774061-04:00
Ind54SColes_ADrinks_SA_ILipton Iced Tea Peach No Sugar 6x240mL | 6 pack,Lipton Iced Tea Peach No Sugar 6x240mL | 6 pack,Lipton,Drinks,,,,$10.00,Buy 2 for $15,,$6.94 per 1L,7867549,"Our favourite ice tea just got better with Lipton No Sugar Lemon Ice Tea, now available in cans.

Quench your thirst and experience refreshment with a citrusy Lemon Lipton Ice Tea flavour hit that has absolutely no sugar with Lipton No Sugar Lemon Ice Tea. Lipton No Sugar Lemon Ice Tea is made with quality black Lipton Tea for a taste that will delight your taste buds and leave you feeling cool and refreshed. A refreshing and delicious drink, full of flavour that you can drink all day with no worries about sugar.

No Sugar Lemon flavoured Lipton Ice Tea contains no artificial colours, no preservatives and absolutely no sugar. Available in a convenient 6 pack of 240ml slim line cans.

Lipton No Sugar Lemon Ice Tea is perfect enjoyed on its own and any time of the day, but is also a great addition to all kinds of meals. We recommend matching it with spicy food, Asian food, salads and sandwiches - you can't go wrong.

Lipton have been providing tea to over 150 counties since 1880 and never compromise on quality. Only the best tea leaves go into Lipton Ice Tea. All tea leaves are sourced from around the world and are expertly blended so you can enjoy a premium quality experience. So, reward yourself with the fresh, delicious taste that makes iced tea a great choice. No Sugar, 100% taste!
No Sugar

No Artificial Colours

No Preservatives

Made from real Lipton Tea Leaves

Rainforrest Alliance Certified: Sustainably sourced tea leaves.",,,"Per 100g/ml
Per Serving
%DI
Energy
5kJ
12kJ
<1%
Protein
<0.1g
0.1g
<1%
Total Fat
<0.1g
<0.1g
<1%
Saturated Fat
<0.1g
<0.1g
<1%
Carbohydrate
0.1g
0.2g
<1%
Sugars
0g
0g
0%
Sodium
13mg
31mg
1%
Energy (Cal)
1Cal
3Cal
Dietary Fibre (total)
<0.1g
<0.1g
<1%
* Percentage Daily Intakes are based on an average adult diet of 8700 kJ. Your daily intakes may be higher or lower depending on your energy needs.",,https://www.coles.com.au/product/lipton-iced-tea-peach-no-sugar-6x240ml-6-pack-7867549,,,2024-06-16T15:16:25.893610-04:00
Ind54SColes_ADrinks_SA_IGatorade Sports Drink No Sugar Grape | 600mL,Gatorade Sports Drink No Sugar Grape | 600mL,Gatorade,Drinks,,,,$4.00,Pick any 2 for $6,,$6.67 per 1L,7717182,"Gatorade No Sugar contains the essential electrolytes to help replace what's lost in sweat and fuel you to perform at your best, all with zero carbs and minimal calories to compliment your nutritional efforts. You lose a whole lot more than water when you sweat. Losses in fluids and electrolytes can negatively impact performance. During training and exercise, you burn off vital energy needed to continue competing with the best. Gatorade is the Number 1 sports rehydration drink on the planet scientifically formulated to help refuel to support the demands you put on your body, which is why it's trusted by some of the world's best athletes. Gatorade No Sugar is no different. Available in a convenient 600mL sports drink bottle to help replenish and hydrate your body on-the-go. NOTHING BEATS GATORADE.
Essential Electrolytes

Without the Sugar

Helps replace what is lost in sweat",,,"Per 100g/ml
Per Serving
%DI
Energy
5kJ
30kJ
0.30%
Protein
0g
0g
0%
Total Fat
0g
0g
0%
Saturated Fat
0g
0g
0%
Carbohydrate
0.1g
0.6g
0.20%
Sugars
0g
0g
0%
Sodium
45mg
270mg
12%
Energy (Cal)
1.2Cal
7.2Cal
Dietary Fibre (total)
0g
0g
0%
* Percentage Daily Intakes are based on an average adult diet of 8700 kJ. Your daily intakes may be higher or lower depending on your energy needs.",,https://www.coles.com.au/product/gatorade-sports-drink-no-sugar-grape-600ml-7717182,,,2024-06-16T15:16:37.807136-04:00
Ind54SColes_ADrinks_SASports drinks_IBoss Latte 4x237mL | 4 pack,Boss Latte 4x237mL | 4 pack,Boss,Drinks,Sports drinks,All Iced Tea,,$14.00,,,$14.77 per 1L,5161561,"Suntory BOSS Coffee Iced Latte is the no. 1 canned coffee in Japan (No. 1 canned coffee brand in Japan 2020, Intage).",,,"Per 100g/ml
Per Serving
%DI
Energy
92kJ
218kJ
3%
Protein
<1g
1.4g
3%
Total Fat
<1g
1.2g
2%
Saturated Fat
<1g
<1g
2%
Carbohydrate
3.8g
9.0g
3%
Sugars
2.7g
6.3g
7%
Sodium
49mg
115mg
5%
Energy (Cal)
22kcal
52kcal
* Percentage Daily Intakes are based on an average adult diet of 8700 kJ. Your daily intakes may be higher or lower depending on your energy needs.",,https://www.coles.com.au/product/boss-latte-4x237ml-4-pack-5161561,,,2024-06-16T15:16:50.710490-04:00
Ind54SColes_ADrinks_SASports drinks_IPowerade Mountain Blast Powder | 500g,Powerade Mountain Blast Powder | 500g,Powerade,Drinks,Sports drinks,Sport drink powders,,$10.95,,$13.70,$2.19 per 100g,5896852,"A combination of electrolytes and carbohydrates that provide effective hydration and energy. Powerade isotonic sports drinks powder contains two electrolytes - Sodium, Potassium - designed to be in balance with your body's fluids to hydrate and provide energy when you need it most. Powder sachet, mountain blast flavour and in 500g container.
Isotonic sports powder

Fast hydration and energy when you need it most.

Contains electrolytes: Sodium, Potassium

POWERADE is ideal for fast replenishment of fluid and fuel to muscles to get you ready for the next training session.

Makes 8 Litres

500g Sports Hydration Powder.",,,"Per 100g/ml
Per Serving
%DI
Energy
99
247
3
Protein
0
0
0
Total Fat
0
0
0
Saturated Fat
0
0
0
Carbohydrate
5.6
14
5
Sugars
5.6
14
16
Sodium
54
136
6
Energy (Cal)
24
59
3
Dietary Fibre (total)
0
0
0
* Percentage Daily Intakes are based on an average adult diet of 8700 kJ. Your daily intakes may be higher or lower depending on your energy needs.",,https://www.coles.com.au/product/powerade-mountain-blast-powder-500g-5896852,,,2024-06-16T15:17:02.722768-04:00
Ind54SColes_ADrinks_SASports drinks_IMaximus Red Isotonic Sports Drink | 1L,Maximus Red Isotonic Sports Drink | 1L,Maximus,Drinks,Sports drinks,Sports drink,,$2.80,,,$2.80 per 1L,9880708,"Whether you're trying to stay hydrated at work, attempting to keep cool on a scorching hot day or looking for rapid rehydration after a long game of backyard cricket, our sports drinks are the perfect thirst-quencher for any occasion. Try our great tasting red flavour that's so good it's almost unfair - with just the right balance of sweetness and refreshment, you'll feel rehydrated.

 

Each bottle contains four key electrolytes - sodium, potassium, magnesium, and calcium - to refuel and rehydrate faster for repaid rehydration, no matter how intense your day (or night was!).

 

So next time you're feeling parched in the morning on the move or after physical activity, grab a Maximus - the ultimate hydration companion for Aussies.

 

Maximus is available in a large 1L bottle perfect for keeping you replenished for longer, no matter where you are.

 

MORE DRINK, MORE DO.
Isotonic Sports Drink

Essential electrolytes for rapid re-hydration

Great taste

Large multi-serve 1L bottle

Recovery",,,"Per 100g/ml
Per Serving
%DI
Energy
133kJ
333kJ
4%
Protein
0g
0%
Total Fat
0g
<1g
0%
Saturated Fat
0g
<1g
0%
Carbohydrate
7.5g
18.8g
6%
Sugars
0g
Sucrose
6.0g
15.1g
17%
Calcium
2mg (0.05mmol)
5mg (0.13mmol)
Sodium
31mg (1.3mmol)
78mg (3.4mmol)
3%
Magnesium
4mg (0.16mmol)
10mg (0.41mmol)
Potassium
30mg (0.76mmol)
76mg (1.9mmol)
* Percentage Daily Intakes are based on an average adult diet of 8700 kJ. Your daily intakes may be higher or lower depending on your energy needs.",,https://www.coles.com.au/product/maximus-red-isotonic-sports-drink-1l-9880708,,,2024-06-16T15:17:14.579698-04:00
Ind54SColes_ADrinks_SASports drinks_IPerform Blue Iceberg Sports Drink | 600mL,Perform Blue Iceberg Sports Drink | 600mL,Perform,Drinks,Sports drinks,Sports drink,,$2.20,,,$3.67 per 1L,6398410,"4 ELECTROLYTES SODIUM, POTASSIUM, CALCIUM, MAGNESIUM NO ARTIFICIAL COLOURS AND FLAVOURS",,,"Per 100g/ml
Per Serving
%DI
Energy
106.50
639.00
Protein
0.00
0.00
Total Fat
0.10
0.60
Saturated Fat
0.00
0.00
Carbohydrate
6.00
36.00
Sugars
5.80
34.80
Sucrose
3.20
19.20
Calcium
16.50
99.00
Maltose
0.00
0.00
Glucose
1.20
7.20
Fructose
1.35
8.10
Sodium
34.50
207.00
Energy (Cal)
25.48
152.87
Dietary Fibre (total)
0.10
0.60
Magnesium
7.23
43.38
Potassium
44.50
267.00
* Percentage Daily Intakes are based on an average adult diet of 8700 kJ. Your daily intakes may be higher or lower depending on your energy needs.",,https://www.coles.com.au/product/perform-blue-iceberg-sports-drink-600ml-6398410,,,2024-06-16T15:17:25.614234-04:00
Ind54SColes_ADrinks_SASports drinks_IPowerade Berry Ice Powder | 500g,Powerade Berry Ice Powder | 500g,Powerade,Drinks,Sports drinks,Sport drink powders,,$10.95,,$13.70,$2.19 per 100g,3808377,"A combination of electrolytes and carbohydrates that provide effective hydration and energy. Powerade Berry Ice isotonic sports drinks powder contains two electrolytes - Sodium, Potassium - designed to be in balance with your body's fluids to hydrate and provide energy when you need it most. Powder sachet, Berry flavour, and available in 500g.
Isotonic sports powder

Fast hydration and energy when you need it most.

Contains electrolytes: Sodium, Potassium

POWERADE is ideal for fast replenishment of fluid and fuel to muscles to get you ready for the next training session.

Makes 8 Litres

500g Sports Hydration Powder.",,,"Per 100g/ml
Per Serving
%DI
Energy
99
248
3
Protein
0
0
0
Total Fat
0
0
0
Saturated Fat
0
0
0
Carbohydrate
5.6
14
5
Sugars
5.6
14
16
Sodium
55
137
6
Energy (Cal)
24
59
3
Dietary Fibre (total)
0
0
0
* Percentage Daily Intakes are based on an average adult diet of 8700 kJ. Your daily intakes may be higher or lower depending on your energy needs.",,https://www.coles.com.au/product/powerade-berry-ice-powder-500g-3808377,,,2024-06-16T15:17:36.621974-04:00
Ind54SColes_ADrinks_SASports drinks_IMaximus Game On Lime Isotonic Sports Drink | 1L,Maximus Game On Lime Isotonic Sports Drink | 1L,Maximus,Drinks,Sports drinks,Sports drink,,$2.80,,,,3805448,"Whether you're trying to stay hydrated at work, attempting to keep cool on a scorching hot day or looking for rapid rehydration after a long game of backyard cricket, our sports drinks are the perfect thirst-quencher for any occasion. Try our great tasting lime flavour that's so good it's almost unfair - with just the right balance of sweetness and refreshment, you'll feel rehydrated.

 

Each bottle contains four key electrolytes - sodium, potassium, magnesium, and calcium - to refuel and rehydrate faster for repaid rehydration, no matter how intense your day (or night was!). With added B Vitamins and Magnesium to reduce tiredness & fatigue.

 

So next time you're feeling parched in the morning on the move or after physical activity, grab a Maximus - the ultimate hydration companion for Aussies.

 

Maximus is available in a large 1L bottle perfect for keeping you replenished for longer, no matter where you are.

 

MORE DRINK, MORE DO.
Isotonic Sports Drink

Essential electrolytes for rapid re-hydration

B Vitamins and Magnesium to reduce tiredness & fatigue

Great taste

Large multi-serve 1L bottle

Recovery.

Lime flavour.",,,"Per 100g/ml
Per Serving
%DI
Energy
112kJ
558kJ
6%
Protein
0g
<1g
0%
Total Fat
0g
<1g
0%
Saturated Fat
0g
<1g
0.10%
Carbohydrate
6.4g
31.9g
10%
Sugars
4.8g
Vitamin B3
0.4mg
1.9mg
19%
Sucrose
4.8g
24.1g
27%
Calcium
2.0mg
10mg
Vitamin B12
0.1ug
0.4ug
19%
Sodium
32mg
160mg
7%
Vitamin C
1.0mg
4.8mg
12%
Magnesium
6.4mg
32mg
10%
Potassium
30mg
150mg
Vitamin B5
0.2mg
0.9mg
19%
Vitamin B6
0.1mg
0.3mg
20%
* Percentage Daily Intakes are based on an average adult diet of 8700 kJ. Your daily intakes may be higher or lower depending on your energy needs.","Purified Water, Sucrose, Maltodextrin, Acidity Regulators (330, 331), Flavours, Tri-Potassium Citrate, Magnesium Sulphate, Sodium Chloride, Preservative (202), Calcium Lactate, Vitamins (C, B3, B5, B6, B12), Colour (102, 142).",https://www.coles.com.au/product/maximus-game-on-lime-isotonic-sports-drink-1l-3805448,,,2024-06-16T15:17:47.608442-04:00
Ind54SColes_ADrinks_SASports drinks_IPowerade Zero Sugar Strawberry & Lemon Sports Drink Sipper Cap Bottle | 600mL,Powerade Zero Sugar Strawberry & Lemon Sports Drink Sipper Cap Bottle | 600mL,Powerade,Drinks,Sports drinks,Sports drink,,$2.50,,$4.20,$4.17 per 1L,4873363,"Powerade Zero Sugar Strawberry & Lemon flavour sports drink is scientifically formulated to replace an essential electrolyte lost in sweat. Strawberry & Lemon flavour. No sugar. Sipper cap.
Zero Sugar

Sipper Cap

Sports Drink

POWERADE replaces an essential electrolyte lost in sweat

600mL",,,"Per 100g/ml
Per Serving
%DI
Energy
6.8
41
0.5
Protein
0
0
0
Total Fat
0
0
0
Saturated Fat
0
0
0
Carbohydrate
0.06
0.4
0.1
Sugars
0
0
0
Sodium
54
324
14
Vitamin C
2
Energy (Cal)
1.6
9.7
0.5
Dietary Fibre (total)
0
0
0
* Percentage Daily Intakes are based on an average adult diet of 8700 kJ. Your daily intakes may be higher or lower depending on your energy needs.",,https://www.coles.com.au/product/powerade-zero-sugar-strawberry-and-lemon-sports-drink-sipper-cap-bottle-600ml-4873363,,,2024-06-16T15:17:58.516414-04:00
Ind54SColes_ADrinks_SASports drinks_IPowerade Isotonic Mountain Blast Sports Drink Flat Cap | 1.5L,Powerade Isotonic Mountain Blast Sports Drink Flat Cap | 1.5L,Powerade,Drinks,Sports drinks,Sports drink,,$4.35,,,$2.90 per 1L,3038939,"Powerade isotonic sportsdrinks contain four electrolytes - Sodium, Potassium, Calcium and Magnesium - formulated to hydrate you fast when you need it most by replacing electrolytes and fluids lost in sweat.
Isotonic sports drink

Fast hydration and energy when you need it most.

Contains electrolytes: Sodium, Potassium, Calcium and Magnesium

POWERADE is ideal for fast replenishment of fluid and fuel to muscles to get you ready for the next training session.

Flat cap

1.5L Bottle.",,,"Per 100g/ml
Per Serving
%DI
Energy
105
262
3
Protein
0
0
0
Total Fat
0
0
0
Saturated Fat
0
0
0
Carbohydrate
5.8
14.5
5
Sugars
5.8
14.5
16
Sodium
28
70
3
Energy (Cal)
25
63
3
Dietary Fibre (total)
0
0
0
* Percentage Daily Intakes are based on an average adult diet of 8700 kJ. Your daily intakes may be higher or lower depending on your energy needs.",,https://www.coles.com.au/product/powerade-isotonic-mountain-blast-sports-drink-flat-cap-1.5l-3038939,,,2024-06-16T15:18:09.703215-04:00
Ind54SColes_ADrinks_SASports drinks_IGatorade Sports Drinks Grape Electrolyte Hydration Bottle | 600mL,Gatorade Sports Drinks Grape Electrolyte Hydration Bottle | 600mL,Gatorade,Drinks,Sports drinks,Sports drink,,$4.00,Pick any 2 for $6,,$6.67 per 1L,8729937,"Gatorade Grape electrolyte sports drink contains critical electrolytes to help replace what's lost in sweat and fuel you to perform at your best.


You lose a whole lot more than water when you sweat. Losses in fluids and electrolytes can negatively impact performance. During training and exercise, you burn off vital energy needed to continue competing with the best.


Gatorade is the Number 1 sports rehydration drink on the planet scientifically formulated to help refuel with carbs to support the demands you put on your body, which is why it's trusted by some of the world's best athletes.


NOTHING BEATS GATORADE.
High in electrolytes to aid in rehydration

Carbohydrates to refuel working muscles

Backed by over 50 years of scientific research

600mL portable sports drink bottle for on-the-go hydration",,,"Per 100g/ml
Per Serving
%DI
Energy
103kJ
618kJ
7%
Protein
0g
0g
0%
Total Fat
0g
0g
0%
Saturated Fat
0g
0g
0%
Carbohydrate
6.0g
36.0g
12%
Sugars
6.0g
36.0g
40%
Sucrose
5.5g
33.0g
Sodium
51mg
306g
13%
Dietary Fibre (total)
0g
0g
0%
Glucose
0.5g
3.0g
* Percentage Daily Intakes are based on an average adult diet of 8700 kJ. Your daily intakes may be higher or lower depending on your energy needs.","Water, Sucrose, Glucose, Food Acids (330, 331), Flavour, Monopotassium Phosphate, Sodium Chloride, Colours (133, 129).",https://www.coles.com.au/product/gatorade-sports-drinks-grape-electrolyte-hydration-bottle-600ml-8729937,,,2024-06-16T15:18:20.722887-04:00
Ind54SColes_ADrinks_SASports drinks_IAllpress Coffee Iced Mocha 4x240mL | 4 pack,Allpress Coffee Iced Mocha 4x240mL | 4 pack,Allpress,Drinks,Sports drinks,All Iced Tea,,$14.50,Pick any 2 for $23,,$15.10 per 1L,7867470,"Go on treat yourself. Brazilian specialty coffee blended with cocoa and creamy dairy milk. Rich and bold with smooth chocolate tones.
Specialty Grade Coffee

Brazil Single Origin

18 month ambient shelf life",,,"Per 100g/ml
Per Serving
%DI
Energy
165kJ
396kJ
Protein
2.0g
4.8g
Total Fat
0.3g
0.7g
Saturated Fat
0.2g
0.5g
Carbohydrate
7.1g
17.0g
Sugars
5.7g
13.7g
Sodium
54mg
130mg
Energy (Cal)
39Cal
95Cal
Dietary Fibre (total)
0.0g
0.0g
Caffeine
54mg
130mg
* Percentage Daily Intakes are based on an average adult diet of 8700 kJ. Your daily intakes may be higher or lower depending on your energy needs.",,https://www.coles.com.au/product/allpress-coffee-iced-mocha-4x240ml-4-pack-7867470,,,2024-06-16T15:18:31.641072-04:00
Ind54SColes_ADrinks_SASports drinks_IPowerade ION4 Lemon Lime Sports Drink Sipper Cap | 600mL,Powerade ION4 Lemon Lime Sports Drink Sipper Cap | 600mL,Powerade,Drinks,Sports drinks,Sports drink,,$2.50,,$4.20,$4.17 per 1L,1725993,"Powerade ION4 Lemon Lime isotonic sportsdrinks contain four electrolytes - Sodium, Potassium, Calcium and Magnesium - formulated to hydrate you fast when you need it most by replacing electrolytes and fluids lost in sweat. Easy to drink in a sipper cap bottle.
Isotonic sports drink

Fast hydration and energy when you need it most.

Contains electrolytes: Sodium, Potassium, Calcium and Magnesium

POWERADE is ideal for fast replenishment of fluid and fuel to muscles to get you ready for the next training session.

Sipper cap

600mL Bottle.",,,"Per 100g/ml
Per Serving
%DI
Energy
103
618
7
Protein
0
0
0
Total Fat
0
0
0
Saturated Fat
0
0
0
Carbohydrate
5.8
35
11
Sugars
5.8
35
39
Sodium
28
168
7
Energy (Cal)
25
148
7
Dietary Fibre (total)
0
0
0
* Percentage Daily Intakes are based on an average adult diet of 8700 kJ. Your daily intakes may be higher or lower depending on your energy needs.",,https://www.coles.com.au/product/powerade-ion4-lemon-lime-sports-drink-sipper-cap-600ml-1725993,,,2024-06-16T15:18:42.590671-04:00
Ind54SColes_ADrinks_SASports drinks_IAllpress Coffee Iced Latte 4x240mL | 4 pack,Allpress Coffee Iced Latte 4x240mL | 4 pack,Allpress,Drinks,Sports drinks,All Iced Tea,,$14.50,Pick any 2 for $23,,$15.10 per 1L,7867480,"Our take on a stone-cold classic. Brazilian specialty coffee perfectly brewed and blended with creamy dairy milk. Rich, bold and smooth - you'll feel right at home with this one.
Specialty Grade Coffee

Brazil Single Origin

18 month ambient shelf life",,,"Per 100g/ml
Per Serving
%DI
Energy
128kJ
307kJ
Protein
1.5g
3.6g
Total Fat
0.2g
0.5g
Saturated Fat
0.2g
0.5g
Carbohydrate
5.6g
13.4g
Sugars
4.4g
10.6g
Sodium
50mg
119mg
Energy (Cal)
31Cal
73Cal
Dietary Fibre (total)
0.0g
0.0g
Caffeine
58mg
139mg
* Percentage Daily Intakes are based on an average adult diet of 8700 kJ. Your daily intakes may be higher or lower depending on your energy needs.",,https://www.coles.com.au/product/allpress-coffee-iced-latte-4x240ml-4-pack-7867480,,,2024-06-16T15:18:53.642626-04:00
Ind54SColes_ADrinks_SASports drinks_IGatorade Sports Drinks Orange Ice Electrolyte Hydration Bottle | 600mL,Gatorade Sports Drinks Orange Ice Electrolyte Hydration Bottle | 600mL,Gatorade,Drinks,Sports drinks,Sports drink,,$4.00,Pick any 2 for $6,,$6.67 per 1L,5594671,"Gatorade Orange Ice electrolyte sports drink contains critical electrolytes to help replace what's lost in sweat and fuel you to perform at your best.


You lose a whole lot more than water when you sweat. Losses in fluids and electrolytes can negatively impact performance. During training and exercise, you burn off vital energy needed to continue competing with the best.


Gatorade is the Number 1 sports rehydration drink on the planet scientifically formulated to help refuel with carbs to support the demands you put on your body, which is why it's trusted by some of the world's best athletes.


Gatorade Orange Ice is also available in a larger 1L sports drink bottle to help replenish and hydrate your body during more intense and prolonged exercise.


NOTHING BEATS GATORADE.
High in electrolytes to aid in rehydration

Carbohydrates to refuel working muscles

Backed by over 50 years of scientific research

600mL portable sports drink bottle for on-the-go hydration",,,"Per 100g/ml
Per Serving
%DI
Energy
103kJ
618kJ
7%
Protein
0g
0g
0%
Total Fat
0g
0g
0%
Saturated Fat
0g
0g
0%
Carbohydrate
6.0g
36.0g
12%
Sugars
6.0g
36.0g
40%
Sucrose
5.5g
33.0g
Sodium
51mg
306mg
13%
Dietary Fibre (total)
0g
0g
0%
Glucose
0.5g
3.0g
* Percentage Daily Intakes are based on an average adult diet of 8700 kJ. Your daily intakes may be higher or lower depending on your energy needs.","Water, Sucrose, Glucose, Food Acids (330, 331), Monopotassium Phosphate, Sodium Chloride, Flavour, Colour (110).",https://www.coles.com.au/product/gatorade-sports-drinks-orange-ice-electrolyte-hydration-bottle-600ml-5594671,,,2024-06-16T15:19:04.801158-04:00
Ind54SColes_ADrinks_SASports drinks_IPowerade Mountain Blast Zero Sports Drink Sipper Cap | 600mL,Powerade Mountain Blast Zero Sports Drink Sipper Cap | 600mL,Powerade,Drinks,Sports drinks,Sports drink,,$2.50,,$4.20,$4.17 per 1L,1726012,"Powerade Zero Sugar Mountain Blast flavour sports drink is scientifically formulated to replace an essential electrolyte lost in sweat. Mountain Blast flavour. No sugar. Sipper cap
Sports drink

Fast hydration when you need it most.

Contains Sodium

POWERADE replaces an essential electrolyte lost in sweat

Zero Sugar

Sipper cap.

600mL Bottle.",,,"Per 100g/ml
Per Serving
%DI
Energy
7.2
43
0.5
Protein
0
0
0
Total Fat
0
0
0
Saturated Fat
0
0
0
Carbohydrate
0.06
0.4
0.1
Sugars
0
0
0
Sodium
42
254
11
Vitamin C
2
Energy (Cal)
1.7
10.4
0.5
Dietary Fibre (total)
0
0
0
* Percentage Daily Intakes are based on an average adult diet of 8700 kJ. Your daily intakes may be higher or lower depending on your energy needs.",,https://www.coles.com.au/product/powerade-mountain-blast-zero-sports-drink-sipper-cap-600ml-1726012,,,2024-06-16T15:19:15.836504-04:00
Ind54SColes_ADrinks_SASports drinks_IGatorade Sport Drink Blue Bolt | 600mL,Gatorade Sport Drink Blue Bolt | 600mL,Gatorade,Drinks,Sports drinks,Sports drink,,$4.00,Pick any 2 for $6,,$6.67 per 1L,6157082,"Gatorade Blue Bolt electrolyte sports drink contains critical electrolytes to help replace what's lost in sweat and fuel you to perform at your best.


You lose a whole lot more than water when you sweat. Losses in fluids and electrolytes can negatively impact performance. During training and exercise, you burn off vital energy needed to continue competing with the best.


Gatorade is the Number 1 sports rehydration drink on the planet scientifically formulated to help refuel with carbs to support the demands you put on your body, which is why it's trusted by some of the world's best athletes.


Gatorade Blue Bolt is also available in a larger 1L sports drink bottle to help replenish and hydrate your body during more intense and prolonged exercise.


NOTHING BEATS GATORADE.
High in electrolytes to aid in rehydration

Carbohydrates to refuel working muscles

Backed by over 50 years of scientific research",,,"Per 100g/ml
Per Serving
%DI
Energy
103kJ
618kJ
7%
Protein
0g
0g
0%
Total Fat
0g
0g
0%
Saturated Fat
0g
0g
0%
Carbohydrate
6.0g
36.0g
12%
Sugars
6.0g
36.0g
40%
Sucrose
5.5g
33.0g
Sodium
51mg
306mg
13%
Dietary Fibre (total)
0g
0g
0%
Glucose
0.5g
3.0g
* Percentage Daily Intakes are based on an average adult diet of 8700 kJ. Your daily intakes may be higher or lower depending on your energy needs.",,https://www.coles.com.au/product/gatorade-sport-drink-blue-bolt-600ml-6157082,,,2024-06-16T15:19:26.829601-04:00
Ind54SColes_ADrinks_SASports drinks_IPowerade Sports Drink Value Blackcurrant | 1.5L,Powerade Sports Drink Value Blackcurrant | 1.5L,Powerade,Drinks,Sports drinks,Sports drink,,$4.35,,,$2.90 per 1L,3527957,"Powerade isotonic sportsdrinks contain four electrolytes - Sodium, Potassium, Calcium and Magnesium - formulated to hydrate you fast when you need it most by replacing electrolytes and fluids lost in sweat.
Isotonic sports drink

Fast hydration and energy when you need it most.

Contains electrolytes: Sodium, Potassium, Calcium and Magnesium

POWERADE is ideal for fast replenishment of fluid and fuel to muscles to get you ready for the next training session.

Flat cap

1.5L Bottle.",,,"Per 100g/ml
Per Serving
%DI
Energy
104
261
3
Protein
0
0
0
Total Fat
0
0
0
Saturated Fat
0
0
0
Carbohydrate
5.8
14.5
5
Sugars
5.8
14.5
16
Sodium
28
70
3
Energy (Cal)
25
62
3
Dietary Fibre (total)
0
0
0
* Percentage Daily Intakes are based on an average adult diet of 8700 kJ. Your daily intakes may be higher or lower depending on your energy needs.",,https://www.coles.com.au/product/powerade-sports-drink-value-blackcurrant-1.5l-3527957,,,2024-06-16T15:19:37.996807-04:00
Ind54SColes_ADrinks_SASports drinks_IPowerade ION4 Blackcurrent Sports Drink Sipper Cap | 600mL,Powerade ION4 Blackcurrent Sports Drink Sipper Cap | 600mL,Powerade,Drinks,Sports drinks,Sports drink,,$2.50,,$4.20,$4.17 per 1L,1726034,"Powerade ION4 Blackcurrant isotonic sports drinks contain four electrolytes - Sodium, Potassium, Calcium and Magnesium - formulated to hydrate you fast when you need it most by replacing electrolytes and fluids lost in sweat. Available in 600mL and 1L sipper cap bottles.
Isotonic sports drink

Fast hydration and energy when you need it most.

Contains electrolytes: Sodium, Potassium, Calcium and Magnesium

POWERADE is ideal for fast replenishment of fluid and fuel to muscles to get you ready for the next training session.

Sipper cap

600mL Bottle.",,,"Per 100g/ml
Per Serving
%DI
Energy
104
626
7
Protein
0
0
0
Total Fat
0
0
0
Saturated Fat
0
0
0
Carbohydrate
5.8
35
11
Sugars
5.8
35
39
Sodium
28
168
7
Energy (Cal)
25
150
7
Dietary Fibre (total)
0
0
0
* Percentage Daily Intakes are based on an average adult diet of 8700 kJ. Your daily intakes may be higher or lower depending on your energy needs.",,https://www.coles.com.au/product/powerade-ion4-blackcurrent-sports-drink-sipper-cap-600ml-1726034,,,2024-06-16T15:19:48.975358-04:00
Ind54SColes_ADrinks_SASports drinks_IGatorade Sport Drink Glacefreeze No Sugar | 600mL,Gatorade Sport Drink Glacefreeze No Sugar | 600mL,Gatorade,Drinks,Sports drinks,Sports drink,,$4.00,Pick any 2 for $6,,$6.67 per 1L,3807953,"Gatorade No Sugar contains the essential electrolytes to help replace what's lost in sweat and fuel you to perform at your best, all with zero carbs and minimal calories to compliment your nutritional efforts.


You lose a whole lot more than water when you sweat. Losses in fluids and electrolytes can negatively impact performance. During training and exercise, you burn off vital energy needed to continue competing with the best.


Gatorade is the Number 1 sports rehydration drink on the planet scientifically formulated to help refuel to support the demands you put on your body, which is why it's trusted by some of the world's best athletes. Gatorade No Sugar is no different.


Available in a convenient 600mL sports drink bottle to help replenish and hydrate your body on-the-go.


NOTHING BEATS GATORADE.
Essential Electrolytes

Without the Sugar

Replace what is lost in sweat",,,"Per 100g/ml
Per Serving
%DI
Energy
5kJ
30kJ
0.30%
Protein
0g
0g
0%
Total Fat
0g
0g
0%
Saturated Fat
0g
0g
0%
Carbohydrate
0.1g
0.6g
0.20%
Sugars
0g
0g
0%
Sodium
45mg
270mg
12%
Dietary Fibre (total)
0g
0g
0%
* Percentage Daily Intakes are based on an average adult diet of 8700 kJ. Your daily intakes may be higher or lower depending on your energy needs.",,https://www.coles.com.au/product/gatorade-sport-drink-glacefreeze-no-sugar-600ml-3807953,,,2024-06-16T15:20:00.154567-04:00
Ind54SColes_ADrinks_SASports drinks_IBoss Long Black 4x237mL | 4 pack,Boss Long Black 4x237mL | 4 pack,Boss,Drinks,Sports drinks,All Iced Tea,,$14.00,,,$14.77 per 1L,5161550,"Suntory BOSS Coffee Iced Long Black is the no. 1 canned coffee in Japan (No. 1 canned coffee brand in Japan 2020, Intage).",,,"Per 100g/ml
Per Serving
%DI
Energy
8.4kJ
19.8kJ
0.2%
Protein
<1g
<1g
0%
Total Fat
0g
0g
0%
Saturated Fat
0g
0g
0%
Carbohydrate
<1g
1.4g
0%
Sugars
0g
0g
0%
Sodium
18mg
43mg
2%
Energy (Cal)
2kcal
4.7kcal
* Percentage Daily Intakes are based on an average adult diet of 8700 kJ. Your daily intakes may be higher or lower depending on your energy needs.",,https://www.coles.com.au/product/boss-long-black-4x237ml-4-pack-5161550,,,2024-06-16T15:20:12.338007-04:00
Ind54SColes_ADrinks_SA_IStaminade Lemon Lime Fusion Powder | 585g,Staminade Lemon Lime Fusion Powder | 585g,Staminade,Drinks,,,,$10.80,,,$1.85 per 100g,7878294,"The original Australian electrolyte sports drink
Staminade Lemon Lime flavoured electrolyte sports drink contains a unique thirst quenching formulation that assists with the rapid replenishment of minerals and fluids lost during exercise.",,,"Per 100g/ml
Per Serving
%DI
Energy
101kJ
253kJ
3%
Protein
<1g
<1g
Total Fat
<1g
<1g
Saturated Fat
<1g
<1g
Carbohydrate
5.7g
14.3g
5%
Sugars
5.5g
14g
16%
Sodium
17mg
42mg
Magnesium
3mg
8mg
Potassium
17mg
43mg
* Percentage Daily Intakes are based on an average adult diet of 8700 kJ. Your daily intakes may be higher or lower depending on your energy needs.",,https://www.coles.com.au/product/staminade-lemon-lime-fusion-powder-585g-7878294,,,2024-06-16T15:21:12.364757-04:00
Ind54SColes_ADrinks_SASports drinks_IPowerade Sports Drink Sipper Cap Stawberry Lemon | 600mL,Powerade Sports Drink Sipper Cap Stawberry Lemon | 600mL,Powerade,Drinks,Sports drinks,Sports drink,,$2.50,,$4.20,$4.17 per 1L,4402491,"Powerade ION4 Strawberry and Lemon isotonic sportsdrinks contain four electrolytes - Sodium, Potassium, Calcium and Magnesium - formulated to hydrate you fast when you need it most by replacing electrolytes and fluids lost in sweat. Easy to drink in a sipper cap bottle.
Sipper Cap

Sports Drink

POWERADE replaces an essential electrolyte lost in sweat

600mL Bottle

POWERADE replaces an essential electrolyte lost in sweat",,,"Per 100g/ml
Per Serving
%DI
Energy
107
642
7
Protein
0
0
0
Total Fat
0
0
0
Saturated Fat
0
0
0
Carbohydrate
5.8
35
11
Sugars
5.8
35
39
Sodium
29
175
8
Energy (Cal)
26
156
7
Dietary Fibre (total)
0
0
0
* Percentage Daily Intakes are based on an average adult diet of 8700 kJ. Your daily intakes may be higher or lower depending on your energy needs.",,https://www.coles.com.au/product/powerade-sports-drink-sipper-cap-stawberry-lemon-600ml-4402491,,,2024-06-16T15:21:23.356377-04:00
Ind54SColes_ADrinks_SASports drinks_IGatorade No Sugar Orange | 600mL,Gatorade No Sugar Orange | 600mL,Gatorade,Drinks,Sports drinks,Sports drink,,$4.00,Pick any 2 for $6,,$6.67 per 1L,4313722,"Gatorade No Sugar contains the essential electrolytes to help replace what's lost in sweat and fuel you to perform at your best, all with zero carbs and minimal calories to compliment your nutritional efforts.


You lose a whole lot more than water when you sweat. Losses in fluids and electrolytes can negatively impact performance. During training and exercise, you burn off vital energy needed to continue competing with the best.


Gatorade is the Number 1 sports rehydration drink on the planet scientifically formulated to help refuel to support the demands you put on your body, which is why it's trusted by some of the world's best athletes. Gatorade No Sugar is no different.


Available in a convenient 600mL sports drink bottle to help replenish and hydrate your body on-the-go.


NOTHING BEATS GATORADE.
Essential Electrolytes

Without the Sugar

Replace what is lost in sweat",,,"Per 100g/ml
Per Serving
%DI
Energy
5kJ
30kJ
0.30%
Protein
0g
0g
0%
Total Fat
0g
0g
0%
Saturated Fat
0g
0g
0%
Carbohydrate
0.1g
0.6g
0.20%
Sugars
0g
0g
0%
Sodium
45mg
270mg
12%
Dietary Fibre (total)
0g
0g
0%
* Percentage Daily Intakes are based on an average adult diet of 8700 kJ. Your daily intakes may be higher or lower depending on your energy needs.",,https://www.coles.com.au/product/gatorade-no-sugar-orange-600ml-4313722,,,2024-06-16T15:21:34.301209-04:00
Ind54SColes_ADrinks_SASports drinks_IGatorade Sports Drinks Watermelon Chill Electrolyte Hydration Bottle | 600mL,Gatorade Sports Drinks Watermelon Chill Electrolyte Hydration Bottle | 600mL,Gatorade,Drinks,Sports drinks,Sports drink,,$4.00,Pick any 2 for $6,,$6.67 per 1L,4905404,"Gatorade Watermelon Chill electrolyte sports drink contains critical electrolytes to help replace what's lost in sweat and fuel you to perform at your best.


You lose a whole lot more than water when you sweat. Losses in fluids and electrolytes can negatively impact performance. During training and exercise, you burn off vital energy needed to continue competing with the best.


Gatorade is the Number 1 sports rehydration drink on the planet scientifically formulated to help refuel with carbs to support the demands you put on your body, which is why it's trusted by some of the world's best athletes.


NOTHING BEATS GATORADE.
High in electrolytes to aid in rehydration

Carbohydrates to refuel working muscles

Backed by over 50 years of scientific research

600mL portable sports drink bottle for on-the-go hydration",,,"Per 100g/ml
Per Serving
%DI
Energy
103kJ
618kJ
7%
Protein
0g
0g
0%
Total Fat
0g
0g
0%
Saturated Fat
0g
0g
0%
Carbohydrate
6.0g
36.0g
12%
Sugars
6.0g
36.0g
40%
Sucrose
5.5g
33.0g
Sodium
51mg
306mg
13%
Dietary Fibre (total)
0g
0g
0%
Glucose
0.5g
3.0g
* Percentage Daily Intakes are based on an average adult diet of 8700 kJ. Your daily intakes may be higher or lower depending on your energy needs.",,https://www.coles.com.au/product/gatorade-sports-drinks-watermelon-chill-electrolyte-hydration-bottle-600ml-4905404,,,2024-06-16T15:21:45.523725-04:00
Ind54SColes_ADrinks_SASports drinks_IMaximus Mango Passionfruit Isotonic Sports Drink | 1L,Maximus Mango Passionfruit Isotonic Sports Drink | 1L,Maximus,Drinks,Sports drinks,Sports drink,,$2.80,,,$2.80 per 1L,5172433,"Whether you're trying to stay hydrated at work, attempting to keep cool on a scorching hot day or looking for rapid rehydration after a long game of backyard cricket, our sports drinks are the perfect thirst-quencher for any occasion. Try our great tasting mango passionfruit flavour that's so good it's almost unfair - with just the right balance of sweetness and refreshment, you'll feel rehydrated.

 

Each bottle contains four key electrolytes - sodium, potassium, magnesium, and calcium - to refuel and rehydrate faster for repaid rehydration, no matter how intense your day (or night was!).

 

So next time you're feeling parched in the morning on the move or after physical activity, grab a Maximus - the ultimate hydration companion for Aussies.

 

Maximus is available in a large 1L bottle perfect for keeping you replenished for longer, no matter where you are.

 

MORE DRINK, MORE DO.
Isotonic Sports Drink

Essential electrolytes for rapid re-hydration

Great taste

Large multi-serve 1L bottle

Recovery

Mango and Passionfruit flavour.",,,"Per 100g/ml
Per Serving
%DI
Energy
129kJ
322kJ
4%
Protein
0g
0g
0%
Total Fat
0g
0g
0%
Saturated Fat
0g
0g
0%
Carbohydrate
7.3g
18.4g
6%
Sugars
0g
Sucrose
5.9g
4.8g
17%
Calcium
2mg (0.05mmol)
5mg (0.13mmol)
Sodium
30mg (1.3mmol)
75mg (3.3mmol)
3%
Magnesium
4mg (0.16mmol)
10mg (0.41mmol)
Potassium
30mg (0.78mmol)
76mg (1.9mmol)
* Percentage Daily Intakes are based on an average adult diet of 8700 kJ. Your daily intakes may be higher or lower depending on your energy needs.",,https://www.coles.com.au/product/maximus-mango-passionfruit-isotonic-sports-drink-1l-5172433,,,2024-06-16T19:21:14.309336-04:00
Ind54SColes_ADrinks_SATea Drinks_ILipton Peach Iced Tea Sachets | 20 pack,Lipton Peach Iced Tea Sachets | 20 pack,Lipton,Drinks,Tea Drinks,Tea Herbal,,$7.00,,,$0.35 per 1ea,4651408,"Single serve sachets of Lipton Peach Iced Tea powder for classic make at home Iced Tea.

A brilliant taste for a brighter day. Lipton's expert mixologist have crafted a delicious blend of Lipton Iced Tea Mix with Peach flavor to make the most refreshingly delicious iced tea for you and your family. Our Iced Tea Mixes are brewed from real leaves so the taste is always pure and satisfying.

Peach Flavouring

Refereshing

Cooling Easy-To-Make

Lipton Iced Tea Mix

Fruit Flavour

Delicious

Summer Classic Taste",,,"Per 100g/ml
Per Serving
%DI
Energy
97kJ
243kJ
Protein
0g
0g
Total Fat
<1g
<1g
Saturated Fat
<1g
<1g
Carbohydrate
5.6g
14g
Sugars
5.6g
14g
Sodium
<5mg
<5mg
* Percentage Daily Intakes are based on an average adult diet of 8700 kJ. Your daily intakes may be higher or lower depending on your energy needs.",,https://www.coles.com.au/product/lipton-peach-iced-tea-sachets-20-pack-4651408,,,2024-06-16T15:22:55.999616-04:00
Ind54SColes_ADrinks_SATea_IQueen Victoria English Breakfast Extra Strong Tea Bags | 100 pack,Queen Victoria English Breakfast Extra Strong Tea Bags | 100 pack,Queen Victoria,Drinks,Tea,Black,,$5.50,,$11.00,$0.06 per 1ea,3984766,"Queen Victoria Teas are a noble range of high-quality teas celebrating the time honoured tea traditions dating back to the English aristocrats of the eighteenth century.
A richer variation to our classic English Breakfast tea, this blend has an added intensity to deliver an even bolder cup.
100 Tea Bags.",,,,,https://www.coles.com.au/product/queen-victoria-english-breakfast-extra-strong-tea-bags-100-pack-3984766,,,2024-06-16T15:23:04.848725-04:00
Ind54SColes_ADrinks_SATea_ITwinings Australian Afternoon Tea Bags 10 pack | 20g,Twinings Australian Afternoon Tea Bags 10 pack | 20g,Twinings,Drinks,Tea,Black,,$1.50,,$3.00,$0.15 per 1ea,8930323,"Multi-origin blend including tea from: 
Africa
Strong
India
Full-bodied
Compostable tea bags

Estd. 1706 London
At Twinings, our master blenders have been blending quality teas for over 300 years. 
Each blend is created with the finest ingredients to deliver a superior experience in every cup. ",,,,Black Tea.,https://www.coles.com.au/product/twinings-australian-afternoon-tea-bags-10-pack-20g-8930323,,,2024-06-16T15:23:13.885657-04:00
Ind54SColes_ADrinks_SA_ICurated Group Chinese Green Tea | 20 pack,Curated Group Chinese Green Tea | 20 pack,Curated,Drinks,,,,,,,,8145390,"Heavenly Green tea

Often known as Temple of Heaven, this special gunpowder tea (locally referred to as Zhu Cha or pearl tea) is grown in the beautiful mountainous province of Zhejiang.

Here dramatic seasons, with humid summers and bitter frosts melting to a vibrant spring flush, nurture the tea leaves' flavour. The plucked leaves are then tightly rolled to protect their smooth, mellow flavour.

Our Chinese Green tea is grassy with a nutty sweetness and a delicate, lingering flavour.
Chinese culture has revered green tea for millennia for its perceived benefits. More information on our Chinese Green tea can be found on our website.

Our plant-based pyramid-shaped tea bags are generously sized to allow the rolled leaves to unfurl and fully infuse. Each tea bag comes in a recyclable envelope so the leaves stay as fresh as the first day they were picked and your cup of tea delivers joy every time.

96 is only possible because of the communities that nurture the verdant lands where our teas grow.

We're committed to ethically sourcing our teas, sustainable packaging and reducing our environmental footprint.",,,,,https://www.coles.com.au/product/curated-group-chinese-green-tea-20-pack-8145390,,,2024-06-16T15:23:25.015470-04:00
Ind54SColes_ADrinks_SATea_IPukka Tea Three Ginger | 20 pack,Pukka Tea Three Ginger | 20 pack,Pukka,Drinks,Tea,Herbal,,,,,,3248760,"Three Ginger tea is a warming swirl of organic ginger, galangal & golden turmeric. The world's favourite spice, ginger - it knows important things. It knows that when inner fires fizzle and yawns roam free, rekindling starts with a feast of sweet galangal and golden turmeric. Inner fire prepare to glow. So, come alight with this lovely warming organic herbal brew.
Good news for rekindling your inner spark.
Infuse for up to 15 minutes. Boiling just the water you need helps make every cup of Pukka tea as sustainable as it can be.
At Pukka, our heartfelt desire is to create a healthier, happier world through the incredible power of organic herbs. We hope you feel inspired to discover more about yourself and the beautiful planet on which we all live. Doing good things helps make good things happen. We create things that help you, help nature and everything in-between. It's called conservation through commerce - striving to positively change the world for you, business and the planet. We are a B Corp organisation, Giving back 1% for the Planet, Fair for Life and FairWild certified.
If you enjoy our Night Time tea, then why not discover the rest of our Immunity tea range - Lemon Ginger and Manuka Honey, Elderberry and Echinacea, Wonder Berry Green and our Herbal Collection. For Immunity support through the seasons, we also have Natural Vitamin C supplements and Elderberry Syrup.

Ingredients Ginger root (51%), galangal root (28%), licorice root, turmeric root (4%), natural ginger extract.
Come alight with this lovely warming organic herbal brew
Inner fire, prepare to glow
Made with galangal, ginger, licorice and turmeric
Good news for rekindling your inner spark
Organic and Vegan
Naturally Caffeine Free.",,,,,https://www.coles.com.au/product/pukka-tea-three-ginger-20-pack-3248760,,,2024-06-16T15:23:35.248141-04:00
Ind54SColes_ADrinks_SATea_IPukka Tea Peppermint & Licorice | 20 pack,Pukka Tea Peppermint & Licorice | 20 pack,Pukka,Drinks,Tea,Herbal,,$8.50,,,$0.43 per 1ea,3988508,"Good news for a sweet moment of bliss

Made with organic licorice and peppermint

A sweet and deliciously refreshing organic thrill

Ethically sourced, 100% organically grown ingredients

Thrills come in all shapes and sizes. Sit back, there's a rollercoaster of sweetness coming your way. The natural joy of FairWild licorice root, the minty brilliance of fresh peppermint leaves - it's nature's perfect blend, carefully concocted to give your senses goose-bumps. Now just enjoy the ride.

Every Pukka plastic-free tea bag comes in its own recyclable envelope to retain the essential oils in our organic herbs. Each bag has two chambers, allowing these incredible herbs to flow and release the full potency in your cup. To help the flavours to fully disperse, pour boiling water directly on the bag. Every herb loves the water, so leave them to steep for the perfect brew. And remember to boil just the amount of water you need to make your cuppa as environmentally-friendly as it can be.

EU Organic
Soil Association Organic
Fair Wild
Fair for Life - Fair Trade",,,,"Peppermint leaf (60%), licorice root (40%).",https://www.coles.com.au/product/pukka-tea-peppermint-and-licorice-20-pack-3988508,,,2024-06-16T15:23:44.277387-04:00
Ind54SColes_ADrinks_SATea_INerada Organics Pure Green Tea Bags 50 pack | 75g,Nerada Organics Pure Green Tea Bags 50 pack | 75g,Nerada,Drinks,Tea,Green,,$4.60,,,$0.09 per 1ea,6384164,"Experience a true moment of zen with Nerada Pure Organic Green Tea. The exact origins of tea are still somewhat of a mystery. However, legend has it that the Chinese Emperor Shen Nung introduced tea drinking nearly 5,000 years ago. While boiling his drinking water it is said that a few leaves from a nearby bush fell into the pot. The leaves added such an exquisite aroma to the water that he drank it. It is said that he proclaimed the brew gave him vigour of the body, contentment of the mind and determination of purpose.
Pack contents: 50 x tea bags
Made using selected green tea leaves
Pesticides, fungicides and artificial chemical fertilisers free
Rainforest alliance certified
Organic certified",,,,Organic Green Tea.,https://www.coles.com.au/product/nerada-organics-pure-green-tea-bags-50-pack-75g-6384164,,,2024-06-16T15:23:53.507399-04:00
Ind54SColes_ADrinks_SATea_IT2 New York Breakfast Tea Bags | 25 pack,T2 New York Breakfast Tea Bags | 25 pack,T2,Drinks,Tea,Black,,,,,,8067231," A full-bodied black tea boasting the taste of hot pancakes, inspired by a perfect New York moment. Warm up the morning or sweeten your afternoon and be whisked away to the city that never sleeps!
Black tea with notes of vanilla, cinnamon and maple syrup.
Perfect in the morning or afternoon to keep you going.
Best brewed for 2-4 minutes using freshly boiled water. One teabag per cup. Perfect on its own or with a dash of milk. 
Meet us in Manhattan with our flavoured tea and sip up notes of vanilla, cinnamon and maple syrup in this sweet tea treat inspired by the city that never sleeps.

25 teabags of premium black tea with natural vanilla and cinnamon flavouring.

This tea is sealed fresh inside a compostable plastic bag packed into a colourful recyclable cardboard box.

Store in a cool, dry place.

T2 Tea is sourced from the finest seasonal ingredients from around the world.

Our expert tea blenders source only the finest quality premium loose leaf tea..

Our teabags are made from food-grade corn starch..

They are recyclable and compostable, too..",,,,"Black tea, cinnamon, natural and artificial flavouring, vanilla",https://www.coles.com.au/product/t2-new-york-breakfast-tea-bags-25-pack-8067231,,,2024-06-16T15:24:02.888302-04:00
Ind54SColes_ADrinks_SATea_ITetley Decaffeinated Black Tea Bags 100 pack | 185g,Tetley Decaffeinated Black Tea Bags 100 pack | 185g,Tetley,Drinks,Tea,Black,,$6.90,,,$0.07 per 1ea,8959948,,,,,,https://www.coles.com.au/product/tetley-decaffeinated-black-tea-bags-100-pack-185g-8959948,,,2024-06-16T15:24:11.655160-04:00
Ind54SColes_ADrinks_SATea_ILipton Black Tea Bags | 25 pack,Lipton Black Tea Bags | 25 pack,Lipton,Drinks,Tea,Black,,$2.50,,,$0.10 per 1ea,116887,"Lipton Quality Black tea with a rich taste, intense colour and invigorating aroma. Our tea is a harmonious blend of quality tea leaves from Kenya and other countries. In our Kenyan tea gardens, we work closely with nature. Our irrigation system is the rain. The gentle Kenyan wind breezes over our tea leaves for perfection. Our tea gardens receive sunshine all year long and our leaves soak up every bit of sunshine goodness.
Lipton combines the best of nature to give you that signature, rich natural taste and aroma in every single cup.",,,,Black Tea,https://www.coles.com.au/product/lipton-black-tea-bags-25-pack-116887,,,2024-06-16T15:24:20.495216-04:00
Ind54SColes_ADrinks_SATea_ITwining's Vanilla Chai Tea Bags | 80 pack,Twining's Vanilla Chai Tea Bags | 80 pack,Twinings,Drinks,Tea,Chai,,$13.50,,,$0.17 per 1ea,3708645,"Black tea with added spices
Quality black tea
Warming
Spicy notes
Compostable tea bags

Estd. 1706 London
At Twinings, our master blenders have been blending quality teas for over 300 years. 
Each blend is created with the finest ingredients to deliver a superior experience in every cup.",,,,"Black Tea, Vanilla Flavour (5%), Chai Flavour (5%), Cinnamon (5%), Ginger (5%).",https://www.coles.com.au/product/twining's-vanilla-chai-tea-bags-80-pack-3708645,,,2024-06-16T15:24:29.706445-04:00
Ind54SColes_ADrinks_SATea_IDilmah 85 Reserve Royal Ceylon Breakfast | 10 pack,Dilmah 85 Reserve Royal Ceylon Breakfast | 10 pack,Dilmah,Drinks,Tea,Black,,,,,,8087807,,,,,,https://www.coles.com.au/product/dilmah-85-reserve-royal-ceylon-breakfast-10-pack-8087807,,,2024-06-16T15:24:38.419407-04:00
Ind54SColes_ADrinks_SATea_ITwining's Green Tea & Jasmine Tea Bags | 10 pack,Twining's Green Tea & Jasmine Tea Bags | 10 pack,Twinings,Drinks,Tea,Green,,$1.50,,$3.00,$0.15 per 1ea,3708780,"This blend is pure elegance...
Time is of the essence when it comes to creating our Green Tea & Jasmine blend. Pretty, white jasmine flowers are picked early in the day and layered with high quality green tea when the small petals are tightly closed. As night falls the petals open and release their light, perfumed, floral fragrance into the tea giving it a delicate, refreshing taste.",,,,100% Jasmine Scented Green Tea.,https://www.coles.com.au/product/twining's-green-tea-and-jasmine-tea-bags-10-pack-3708780,,,2024-06-16T15:24:47.990274-04:00
Ind54SColes_ADrinks_SATea_IQueen Victoria English Breakfast Tea Bags | 50 pack,Queen Victoria English Breakfast Tea Bags | 50 pack,Queen Victoria,Drinks,Tea,Black,,$6.00,,,$0.12 per 1ea,3984675,"Queen Victoria Teas are a noble range of high-quality teas celebrating the time honoured tea traditions dating back to the English aristocrats of the eighteenth century.
The British tradition of enjoying a blend of strong black teas at breakfast goes back centuries. Our classic English Breakfast tea is full-bodied, bright and bold, with a malted finish.
50 Tea Bags.",,,,,https://www.coles.com.au/product/queen-victoria-english-breakfast-tea-bags-50-pack-3984675,,,2024-06-16T15:24:56.841161-04:00
Ind54SColes_ADrinks_SATea_ITwinings Morning Tea Bags 100 pack | 200g,Twinings Morning Tea Bags 100 pack | 200g,Twinings,Drinks,Tea,Black,,$13.50,,,$0.14 per 1ea,2872938,"Multi-origin blend including tea from: 
South Asia
Fragrant, smooth, full-bodied
Quality black tea
Compostable tea bags

Estd. 1706 London
At Twinings, our master blenders have been blending quality teas for over 300 years. 
Each blend is created with the finest ingredients to deliver a superior experience in every cup. ",,,,Black Tea.,https://www.coles.com.au/product/twinings-morning-tea-bags-100-pack-200g-2872938,,,2024-06-16T15:25:05.908395-04:00
Ind54SColes_ADrinks_SATea_IBushells Breakfast Tea Bags | 100 pack,Bushells Breakfast Tea Bags | 100 pack,Bushells,Drinks,Tea,Black,,$4.50,,,$0.05 per 1ea,6369364,"We all have friends, family or colleagues who might be struggling to open up. In fact, 1 in 3 Aussies feel stressed, anxious or sad and depressed every day, which means someone you know probably needs a bit of support.

That's why Bushells are proud supporters of Lifeline. Because nothing opens up a good conversation like a great cup of tea! There's no better time to talk than now!

Our classic Blue Label is a well-rounded tea for a good Australian cuppa any time of day. This distinctively smooth and full-flavoured tea blended to taste the same as the original Bushells launched in Queensland in 1883.

Australia's first tea company, Bushells have brewed full flavoured conversations and friendships for over 130 years. Bushells has a long tradition of bringing Australians together for a good chat over a great cuppa, blended especially for Aussie tastes.

We've been part of Australian life for over a century, and proud to be a familiar icon that Aussies have grown up with â a delicious taste of home. Bringing people together for a good chat and a great cuppa is our passion â which is why we support and reinvest in organisations that help ordinary Australians.

Start your day with Bushells Australian Breakfast â the morning cuppa that is a robust G'Day

A delicious, rich, smooth tea with real character

Premium to the last drop

Bushells Australian Breakfast is our finest blend

Available in 100 teabag packs.",,,,,https://www.coles.com.au/product/bushells-breakfast-tea-bags-100-pack-6369364,,,2024-06-16T15:25:14.989949-04:00
Ind54SColes_ADrinks_SATea_IDilmah Pure Ceylon Premium Loose Leaf Tea | 250g,Dilmah Pure Ceylon Premium Loose Leaf Tea | 250g,Dilmah,Drinks,Tea,Loose leaf,,$5.25,,$7.50,$2.10 per 100g,5046009,"Finely balanced richness, flavour, strength and aroma for the perfect cup of tea. Our Premium tea is sourced from a single origin; the central highlands of Sri Lanka, reputed for its brightness and medium strength. Pure Ceylon Broken Orange Pekoe (BOPF) produces a pleasing brew, ideal for everyday drinking. The Dilmah Premium Ceylon Tea range introduces tea lovers to the romance of real Ceylon tea. This Premium Ceylon Black Tea product consists of 250g of loose leaf tea.",,,,"Ceylon black tea, no additives. All natural.",https://www.coles.com.au/product/dilmah-pure-ceylon-premium-loose-leaf-tea-250g-5046009,,,2024-06-16T15:25:24.027850-04:00
Ind54SColes_ADrinks_SATea_ISymintons Dandelion Instant Herbal Tea | 250g,Symintons Dandelion Instant Herbal Tea | 250g,Symintons,Drinks,Tea,Herbal,,$13.20,,,$5.28 per 100g,5360626,Symington's instant tea A refreshing granulated Caffeine Free beverage made from naturally grown Roasted Dandelion Root.,,,"Per 100g/ml
Per Serving
%DI
Protein
0.02g
0.04g
Carbohydrate
1.41g
3.08g
Sugars
1.33g
2.92g
Energy KJ
24.3kJ
53.0kJ
Sodium
9.0mg
20.0mg
Saturated
0.0g
0.0g
Fat
0.0g
0.0g
* Percentage Daily Intakes are based on an average adult diet of 8700 kJ. Your daily intakes may be higher or lower depending on your energy needs.",,https://www.coles.com.au/product/symintons-dandelion-instant-herbal-tea-250g-5360626,,,2024-06-16T15:25:36.012138-04:00
Ind54SColes_ADrinks_SATea_INerada Leaf Tea | 250g,Nerada Leaf Tea | 250g,Nerada,Drinks,Tea,Black,,$3.60,,,$1.44 per 100g,145127,"Our pesticide-free black tea travels from leaf to cup in as little as four weeks, depending on the season. In this short amount of time, the tea is harvested, fermented, dried, packed into reusable woven bags and sent from the Atherton Tablelands to our factory in Brisbane, where the tea is checked once again for quality, and then blended and packaged.

Our high level of quality control means our tea always maintains the flavor and quality that our tea drinkers have fallen in love with over the years. During the production process, our professional team of tea-tasters sample the finished make to ensure it meets Nerada's strict quality standards.",,,,100% Australian Grown Pesticide Free Black Tea,https://www.coles.com.au/product/nerada-leaf-tea-250g-145127,,,2024-06-16T15:25:45.316806-04:00
Ind54SColes_ADrinks_SATea_IPukka Lemon Ginger & Manuka Honey Tea Sachets 20 pack | 40g,Pukka Lemon Ginger & Manuka Honey Tea Sachets 20 pack | 40g,Pukka,Drinks,Tea,Herbal,,$8.50,,,$0.43 per 1ea,3248793,"Lemon, Ginger & Manuka Honey tea creates a moment of bliss - a veritable hug that will keep your spirits warm.

Take your seat and settle in to savour the spicy-sweet zest of sun-ripe whole Sicilian lemons to the slow-dried ginger root with FairWild elderflowers. Finally the velvet kiss of manuka honey creates a cup of tea that warms your heart as well as your body. Isn't this heaven? Good news for soothing your spirit.

Infuse for up to 15 minutes. Boiling just the water you need helps make every cup of Pukka tea as sustainable as it can be. Every Pukka plastic-free tea bag comes in its own recyclable envelope to retain the essential oils in our organic herbs. Each bag has two chambers, allowing these incredible herbs to flow and release the full potency in your cup. To help the flavours to fully disperse, pour boiling water directly on the bag. Every herb loves the water, so leave them to steep for the perfect brew. And remember to boil just the amount of water you need to make your cuppa as environmentally-friendly as it can be. Deliciousness knows no deeper colour.

At Pukka, our heartfelt desire is to create a healthier, happier world through the incredible power of organic herbs. We hope you feel inspired to discover more about yourself and the beautiful planet on which we all live. Doing good things helps make good things happen. We create things that help you, help nature and everything in-between.",,,,"Ginger root (32%), licorice root, sweet fennel seed, lemon peel (8%), elderflower, lemon verbena leaf, turmeric root, lemon essential oil flavour (6%), lemon myrtle leaf, manuka honey flavour (2%).",https://www.coles.com.au/product/pukka-lemon-ginger-and-manuka-honey-tea-sachets-20-pack-40g-3248793,,,2024-06-16T15:25:54.655964-04:00
Ind54SColes_ADrinks_SATea_ITetley Decaffeinated Green Tea Bags 50 pack | 87.5g,Tetley Decaffeinated Green Tea Bags 50 pack | 87.5g,Tetley,Drinks,Tea,Green,,$4.70,,,$0.09 per 1ea,6369740,"Move along folks. If You're looking for caffeine, you won't find it in this box of Tetley Decaf Green Tea.
We're through with it. Splitsville. Sayonara See you never. Nope, all you'll find in here is a refreshing green tea with a light, clean taste. Try some today. And soon enough, you'll be wondering what you were doing with caffeine in the first place.
Honestly Serene
Caffeine-free
Full of antioxidants
Healthy tasting cuppa",,,,100% Decaffeinated Green Tea.,https://www.coles.com.au/product/tetley-decaffeinated-green-tea-bags-50-pack-87.5g-6369740,,,2024-06-16T15:26:03.605700-04:00
Ind54SColes_ADrinks_SATea_ITwinings Pure Camomile Infusions Tea Bags 80 pack | 96g,Twinings Pure Camomile Infusions Tea Bags 80 pack | 96g,Twinings,Drinks,Tea,Herbal,,$13.50,,,$0.17 per 1ea,2471325,"A moment's peace and quiet...

We think that a cup of our soothing, Pure Camomile is just what you need to bring about a little calm into your hectic day. So take a break to sip this gentle blend, enjoy the aroma and slow the pace of your day.

For more delightful herbal infusions, try our soothing and delicate Camomile, Honey & Vanilla. 

In 1706, Thomas Twining started selling tea. More than 300 years on, the Twinings' tradition continues with our finest blends for you to enjoy every day.",,,"Per 100g/ml
Per Serving
%DI
Energy
10kJ
20kJ
Protein
<1g
<1g
Total Fat
<1g
<1g
Saturated Fat
<1g
<1g
Carbohydrate
<1g
<1g
Sugars
<1g
<1g
Sodium
5mg
10mg
* Percentage Daily Intakes are based on an average adult diet of 8700 kJ. Your daily intakes may be higher or lower depending on your energy needs.",,https://www.coles.com.au/product/twinings-pure-camomile-infusions-tea-bags-80-pack-96g-2471325,,,2024-06-16T15:26:15.035512-04:00
Ind54SColes_ADrinks_SATea_IDilmah Pure Ceylon Premium Tea Bags 100 pack | 200g,Dilmah Pure Ceylon Premium Tea Bags 100 pack | 200g,Dilmah,Drinks,Tea,Black,,$5.00,,$7.20,$0.05 per 1ea,490012,"Finely balanced richness, flavour, strength and aroma for the perfect cup of tea. Our Premium tea is sourced from a single origin; the central highlands of Sri Lanka, reputed for its brightness and medium strength. Pure Ceylon Broken Orange Pekoe (BOPF) produces a pleasing brew, ideal for everyday drinking. The Dilmah Premium Ceylon Tea range introduces tea lovers to the romance of real Ceylon tea. This Premium Ceylon Black Tea product consists of 100 tea bags.",,,,,https://www.coles.com.au/product/dilmah-pure-ceylon-premium-tea-bags-100-pack-200g-490012,,,2024-06-16T15:26:24.453873-04:00
Ind54SColes_ADrinks_SATea_IQueen Victoria Tea Calming Blend Tea Bags | 18 pack,Queen Victoria Tea Calming Blend Tea Bags | 18 pack,Queen Victoria Tea,Drinks,Tea,Herbal,,$3.50,,$7.00,$0.19 per 1ea,4971806,"Wash your worries away and unwind with this calming blend of camomile, lemon balm and rosehip.
Naturally caffeine free. Herbal Infusion.
Brew in near boiling water for 3 to 5 minutes. Best served without milk.",,,"Per 100g/ml
Per Serving
%DI
Energy
0kJ
0kJ
Protein
<1g
<1g
Total Fat
<1g
<1g
Saturated Fat
<1g
<1g
Carbohydrate
<1g
<1g
Sugars
<1g
<1g
Sodium
0mg
0mg
* Percentage Daily Intakes are based on an average adult diet of 8700 kJ. Your daily intakes may be higher or lower depending on your energy needs.",,https://www.coles.com.au/product/queen-victoria-tea-calming-blend-tea-bags-18-pack-4971806,,,2024-06-16T15:26:35.660414-04:00
Ind54SColes_ADrinks_SATea_IHigher Living Organic Golden Turmeric Tea | 15 pack,Higher Living Organic Golden Turmeric Tea | 15 pack,Higher Living,Drinks,Tea,Herbal,,$5.00,,,$0.33 per 1ea,3247510,"Higher Living Organic Golden Turmeric Tea is a spicy infusion of turmeric, ginger, and licorice, enlivened with aromatic rose petals. This spicy infusion is certified organic by the UK organic certification body Soil Association.
Bright & bold flavour combinations
Naturally caffeine-free
Organic tea",,,,"Turmeric (64%), Ginger (18%), Licorice (15%), Rose Petals (3%).",https://www.coles.com.au/product/higher-living-organic-golden-turmeric-tea-15-pack-3247510,,,2024-06-16T15:26:44.560500-04:00
Ind54SColes_ADrinks_SATea_ITaylors Of Harrogate Yorkshire Tea Proper Strong | 100 pack,Taylors Of Harrogate Yorkshire Tea Proper Strong | 100 pack,Taylors Of Harrogate,Drinks,Tea,Black,,$6.00,,$7.50,$0.06 per 1ea,3708441,"We like our tea strong in Yorkshire, and this one doesn't disappoint. It's our strongest blend - a rich, robust and full-bodied tea that's packed with punchy flavor for a truly mighty brew. Our family business started blending tea in Yorkshire over 125 years ago. Our experts taste up to 100 teas every day before selecting the handful good enough for our blend. The high standards we live by go beyond the quality of our teas. We trade with a conscience, visiting suppliers regularly to build long-lasting partnerships and doing business in a way that respects people & planet.",,,,,https://www.coles.com.au/product/taylors-of-harrogate-yorkshire-tea-proper-strong-100-pack-3708441,,,2024-06-16T15:26:53.306238-04:00
Ind54SColes_ADrinks_SATea_IBushells Blue Label Tea Bags Teacup | 100 pack,Bushells Blue Label Tea Bags Teacup | 100 pack,Bushells,Drinks,Tea,Black,,$4.50,,,$0.05 per 1ea,250154,"We all have friends, family or colleagues who might be struggling to open up. In fact, 1 in 3 Aussies feel stressed, anxious or sad and depressed every day, which means someone you know probably needs a bit of support.

That's why Bushells are proud supporters of Lifeline. Because nothing opens up a good conversation like a great cup of tea! There's no better time to talk than now!

Our classic Blue Label is a well-rounded tea for a good Australian cuppa any time of day. This distinctively smooth and full-flavoured tea blended to taste the same as the original Bushells launched in Queensland in 1883.

Australia's first tea company, Bushells have brewed full flavoured conversations and friendships for over 130 years. Bushells has a long tradition of bringing Australians together for a good chat over a great cuppa, blended especially for Aussie tastes.

We've been part of Australian life for over a century, and proud to be a familiar icon that Aussies have grown up with â a delicious taste of home. Bringing people together for a good chat and a great cuppa is our passion â which is why we support and reinvest in organisations that help ordinary Australians.

Bushells is committed to creating a high-quality cuppa, with the full flavour Australians know and love.

A simple How are you? goes a long way. Start a conversation, there's no better time to talk than now!

Makes a good Australian cuppa any time of day

Available in 50 and 100 teabag packs.",,,,Black Tea,https://www.coles.com.au/product/bushells-blue-label-tea-bags-teacup-100-pack-250154,,,2024-06-16T15:27:02.534203-04:00
Ind54SColes_ADrinks_SATea_IDilmah Pure Ceylon Jasmine Flavour Green Tea Bags 20 pack | 40g,Dilmah Pure Ceylon Jasmine Flavour Green Tea Bags 20 pack | 40g,Dilmah,Drinks,Tea,Green,,$5.20,,,$0.26 per 1ea,2601329,"100% pure single origin Ceylon green tea sourced from the Nuwara Eliya region. This Ceylon green tea is a bright and aromatic fusion with the flavour of natural jasmine. Jasmine has a sensual and calm fragrance, which is delicious in subtle combination with Ceylon Green tea. Gentle and floral with subtle sweetness from the Jasmine and a fresh, sensual finish.",,,,Product of Sri Lanka. 100% Pure Ceylon Green Tea,https://www.coles.com.au/product/dilmah-pure-ceylon-jasmine-flavour-green-tea-bags-20-pack-40g-2601329,,,2024-06-16T15:27:11.682973-04:00
Ind54SColes_ADrinks_SATea_ILipton Green Ceylon Tea | 100 pack,Lipton Green Ceylon Tea | 100 pack,Lipton,Drinks,Tea,Green,,$9.20,,,$0.09 per 1ea,3986717,,,,,,https://www.coles.com.au/product/lipton-green-ceylon-tea-100-pack-3986717,,,2024-06-16T15:27:22.182840-04:00
Ind54SColes_ADrinks_SATea_ITetley Classic Chai Latte Tea Sachets 8 pack | 200g,Tetley Classic Chai Latte Tea Sachets 8 pack | 200g,Tetley,Drinks,Tea,Chai,,$6.70,,,$0.84 per 1ea,8797573,,,,,,https://www.coles.com.au/product/tetley-classic-chai-latte-tea-sachets-8-pack-200g-8797573,,,2024-06-16T15:27:31.271426-04:00
Ind54SColes_ADrinks_SATea_IDilmah 85 Reserve Ceylon Green Tea With Mint | 10 pack,Dilmah 85 Reserve Ceylon Green Tea With Mint | 10 pack,Dilmah,Drinks,Tea,Green,,,,,,8087771,,,,,,https://www.coles.com.au/product/dilmah-85-reserve-ceylon-green-tea-with-mint-10-pack-8087771,,,2024-06-16T15:27:40.351630-04:00
Ind54SColes_ADrinks_SATea_IDilmah 85 Reserve Black Tea With Earl Grey Vanilla | 10 pack,Dilmah 85 Reserve Black Tea With Earl Grey Vanilla | 10 pack,Dilmah,Drinks,Tea,Black,,,,,,8087782,,,,,,https://www.coles.com.au/product/dilmah-85-reserve-black-tea-with-earl-grey-vanilla-10-pack-8087782,,,2024-06-16T15:27:49.281822-04:00
Ind54SColes_ADrinks_SATea_IHigher Living Organic Licorice Tea Bags | 15 pack,Higher Living Organic Licorice Tea Bags | 15 pack,Higher Living,Drinks,Tea,Herbal,,$5.00,,,$0.33 per 1ea,1768668,"Higher Living Organic Licorice Tea is made from blends of licorice root, fennel, cinnamon, orange peel, lemon peel, ginger, and cloves, giving that vibrant and fruity infusion. Taste the sweet, mellow flavours combined while drinking a cup of this Higher Living tea. Refresh your morning or take a tea time from your busy day with this healthy, organic tea.
Organic tea
Naturally caffeine-free
Contains 15 tea bags",,,,"Licorice Root (44%), Fennel, Cinnamon, orange Peel (12%), Lemon Peel (5%), Ginger, Cloves.",https://www.coles.com.au/product/higher-living-organic-licorice-tea-bags-15-pack-1768668,,,2024-06-16T15:27:58.354922-04:00
Ind54SColes_ADrinks_SATea_IHigher Living Organic Tea Ginger Kick | 15 pack,Higher Living Organic Tea Ginger Kick | 15 pack,Higher Living,Drinks,Tea,Herbal,,$5.00,,,$0.33 per 1ea,3247520,"Tantalize your tastebuds with caffeine-free tea. Try Higher Living Organic Ginger Kick Tea with a seriously warm infusion combining ginger with lemon peel. This Higher Living tea has bold and bright flavour combinations that even those who do not drink tea will go for.
Caffeine-free
Contains 15 tea bags
Organic tea",,,,"Ginger (79%), Lemon Peel (21%).",https://www.coles.com.au/product/higher-living-organic-tea-ginger-kick-15-pack-3247520,,,2024-06-16T15:28:07.307990-04:00
Ind54SColes_ADrinks_SATea_ILipton Black Tea Bags | 100 Pack,Lipton Black Tea Bags | 100 Pack,Lipton,Drinks,Tea,Black,,$3.50,,$7.00,$0.04 per 1ea,116989,"Lipton Quality Black tea with a rich taste, intense colour and invigorating aroma. Our tea is a harmonious blend of quality tea leaves from Kenya and other countries. In our Kenyan tea gardens, we work closely with nature. Our irrigation system is the rain. The gentle Kenyan wind breezes over our tea leaves for perfection. Our tea gardens receive sunshine all year long and our leaves soak up every bit of sunshine goodness.
Lipton combines the best of nature to give you that signature, rich natural taste and aroma in every single cup.

Natural antioxidant

Low-caloric drink

Authentic taste",,,,Black Tea,https://www.coles.com.au/product/lipton-black-tea-bags-100-pack-116989,,,2024-06-16T15:28:16.245641-04:00
Ind54SColes_ADrinks_SATea_ILipton Tea Bags Decaf | 50 pack,Lipton Tea Bags Decaf | 50 pack,Lipton,Drinks,Tea,Black,,$6.20,,,$0.12 per 1ea,5956091,"Lipton Decaffeinated Tea tastes like a real tea with a bright colour and a rich, smooth flavour. Lipton Decaffeinated Tea tastes like a real tea because we use a special process to decaffeinate our tea which maintains the full flavour & aroma inherent in the leaf. Lipton Decaffeinated tea is bright in colour & has a rich, smooth flavour. The same delicious flavour of Lipton tea without the caffeine makes this product ideal for a night time cuppa and for all those that are seeking to limit their caffeine intake.

Decaffeinated

Delicious

Authentic Taste

Rich and smooth flavour

50 tea bags",,,,Decaffeinated Black Tea,https://www.coles.com.au/product/lipton-tea-bags-decaf-50-pack-5956091,,,2024-06-16T15:28:26.416885-04:00
Ind54SColes_ADrinks_SATea_IPukka Herbal Collection Tea Bags 20 pack | 34.4g,Pukka Herbal Collection Tea Bags 20 pack | 34.4g,Pukka,Drinks,Tea,Herbal,,$8.50,,,$0.43 per 1ea,3452508,"Herbal Collection, your own mini herbal adventure in a magical box of Pukka herbal teas. Five delicious, organic award-winning teas with each using three varieties of incredible organic herbs to create exceptional flavours and sensory experiences.

Infuse for up to 15 minutes. Boiling just the water you need helps make every cup of Pukka tea as sustainable as it can be. Every Pukka plastic-free tea bag comes in its own recyclable envelope to retain the essential oils in our organic herbs. Each bag has two chambers, allowing these incredible herbs to flow and release the full potency in your cup. To help the flavours to fully disperse, pour boiling water directly on the bag. Every herb loves the water, so leave them to steep for the perfect brew. And remember to boil just the amount of water you need to make your cuppa as environmentally-friendly as it can be. Deliciousness knows no deeper colour.

At Pukka, our heartfelt desire is to create a healthier, happier world through the incredible power of organic herbs. We hope you feel inspired to discover more about yourself and the beautiful planet on which we all live. Doing good things helps make good things happen. We create things that help you, help nature and everything in-between. It's called conservation through commerce - striving to positively change the world for you, business and the planet. Giving back 1% for the Planet, Fair for Life and FairWild certified. Your box of herbal delight.",,,,"Elderberry & Echinacea - Ginger root, licorice root, echinacea herb (11%), beetroot, aniseed, rosehip, peppermint leaf, orange peel, elderflower (5%), elderberry (4%), hibiscus, orange essential oil flavour, blackcurrant flavour.

Lemon, Ginger and Manuka Honey - Ginger root (32%), licorice root, sweet fennel seed, lemon peel (8%), elderflower, lemon verbena leaf, turmeric root, lemon essential oil flavour (6%), lemon myrtle leaf, manuka honey flavour (2%).

Feel New - Aniseed (32.5%), sweet fennel seed (32.5%), cardamom pod (15%), licorice root, coriander seed, turmeric root.

Three Mint - Peppermint leaf (54%), spearmint leaf (39%), fieldmint leaf (7%).

Night Time - Cat flowering tops (30%), chamomile flower, licorice root, lavender flower (14%), limeflower (10%), tulsi leaf, valerian root (4.9%).",https://www.coles.com.au/product/pukka-herbal-collection-tea-bags-20-pack-34.4g-3452508,,,2024-06-16T15:28:35.443543-04:00
Ind54SColes_ADrinks_SATea_IQueen Victoria Earl Grey Tea Bags | 50 pack,Queen Victoria Earl Grey Tea Bags | 50 pack,Queen Victoria,Drinks,Tea,Black,,$6.00,,,$0.12 per 1ea,3984697,"Queen Victoria Teas are a noble range of high-quality teas celebrating the time honoured tea traditions dating back to the English aristocrats of the eighteenth century.
This quintessential British-style tea is infused with oil from the rind of bergamot orange creating a refreshing citrus flavour, with hints of orange, lemon, grapefruit and lime.
10 Enveloped Tea Bags.",,,,,https://www.coles.com.au/product/queen-victoria-earl-grey-tea-bags-50-pack-3984697,,,2024-06-16T15:28:44.751564-04:00
Ind54SColes_ADrinks_SATea_IQueen Victoria English Breakfast Loose Leaf Tea | 125g,Queen Victoria English Breakfast Loose Leaf Tea | 125g,Queen Victoria,Drinks,Tea,Black,,$6.00,,,$4.80 per 100g,3984835,"Queen Victoria Teas are a noble range of high-quality teas celebrating the time honoured tea traditions dating back to the English aristocrats of the eighteenth century.
The British tradition of enjoying a blend of strong black teas at breakfast goes back centuries. Our classic English Breakfast tea is full-bodied, bright and bold, with a malted finish.
125g Loose Leaf",,,,,https://www.coles.com.au/product/queen-victoria-english-breakfast-loose-leaf-tea-125g-3984835,,,2024-06-16T15:28:53.573433-04:00
Ind54SColes_ADrinks_SABeverages_IQueen Victoria English Breakfast Extra Strong Tea Bags | 10 pack,Queen Victoria English Breakfast Extra Strong Tea Bags | 10 pack,Queen Victoria,Drinks,Beverages,Coffee & tea,,$1.20,,,"$0.12 per 1ea
Was $2.00 on Apr 2024",3984584,"Queen Victoria Teas are a noble range of high-quality teas celebrating the time honoured tea traditions dating back to the English aristocrats of the eighteenth century.
A richer variation to our classic English Breakfast tea, this blend has an added intensity to deliver an even bolder cup.
10 Enveloped Tea Bags.",,,,,https://www.coles.com.au/product/queen-victoria-english-breakfast-extra-strong-tea-bags-10-pack-3984584,,,2024-06-16T15:29:02.806377-04:00
Ind54SColes_ADrinks_SATea_ITetley Tea Bags 100 pack | 180g,Tetley Tea Bags 100 pack | 180g,Tetley,Drinks,Tea,Black,,$3.80,,,$0.04 per 1ea,199523,,,,,,https://www.coles.com.au/product/tetley-tea-bags-100-pack-180g-199523,,,2024-06-16T15:29:11.524698-04:00
Ind54SColes_ADrinks_SATea_ILipton Quality Black Tea Bags 200 Pack | 200 each,Lipton Quality Black Tea Bags 200 Pack | 200 each,Lipton Quality Black,Drinks,Tea,Black,,,,,,8102423,,,,,,https://www.coles.com.au/product/lipton-quality-black-tea-bags-200-pack-200-each-8102423,,,2024-06-16T15:29:20.829486-04:00
Ind54SColes_ADrinks_SATea_IT2 Lemongrass & Ginger Herbal Tea Bags 25 Pack | 50g,T2 Lemongrass & Ginger Herbal Tea Bags 25 Pack | 50g,T2,Drinks,Tea,Herbal,,$14.00,,,$0.56 per 1ea,3081280,"With a hint of zest and a whole lot of spicy bright lemongrass, this brew smacks you sideways with a refreshing sensation as vibrant as it is engaging. Lemongrass and ginger are traditionally thought to have stacks of cold-busting properties.
Full of zing and loaded with spice, enjoy it as a morning tea hit, or for afternoon tea as a well-deserved pick-me-up

Best brewed 3-5 minutes using freshly boiled water. Perfect on its own or with a drizzle of honey.

It can be enjoyed hot or cold over ice for a relaxing tea experience.

For optimal freshness, store the tea in a cool, dry place.

T2 Tea uses only the finest quality premium loose leaf tea sourced from around the world.

Expert tea blenders create the perfect blend of seasonal ingredients for a superior tea drinking experience..

T2 Tea is environmentally friendly, with teabags made from food-grade corn starch that are both recyclable and compostable..",,,,"Lemongrass, ginger",https://www.coles.com.au/product/t2-lemongrass-and-ginger-herbal-tea-bags-25-pack-50g-3081280,,,2024-06-16T15:29:29.740165-04:00
Ind54SColes_ADrinks_SATea_ITwinings Live Well Defense Tea Bags | 20 pack,Twinings Live Well Defense Tea Bags | 20 pack,Twinings,Drinks,Tea,Herbal,,$4.25,,$8.50,$0.21 per 1ea,4986268,"Defence with Vitamin C

Sometimes we can all do with a little support. 

Sip some good and savour this delicious blend of green tea with a hint of ginger, citrus and echinacea and added Vitamin C to support the normal function of the immune system. 

Twinings of London. Sourced with care. 

Living well should taste as good as it makes you feel. 

That's why we carefully select the finest ingredients to create a range of drinks that help make daily wellbeing deliciously enjoyable.

No artificial colours or flavours. Naturally contains antioxidants.",,,"Per 100g/ml
Per Serving
%DI
Energy
3kJ
7kJ
Protein
<1g
<1g
Total Fat
<1g
<1g
Saturated Fat
<1g
<1g
Carbohydrate
<1g
<1g
Sugars
<1g
<1g
Sodium
5mg
10mg
Vitamin C
10mg
20mg
Caffeine
2mg
4mg
* Percentage Daily Intakes are based on an average adult diet of 8700 kJ. Your daily intakes may be higher or lower depending on your energy needs.",,https://www.coles.com.au/product/twinings-live-well-defense-tea-bags-20-pack-4986268,,,2024-06-16T15:29:40.767587-04:00
Ind54SColes_ADrinks_SATea_ITwinings English Breakfast Extra Strong Tea Bags | 10 pack,Twinings English Breakfast Extra Strong Tea Bags | 10 pack,Twinings,Drinks,Tea,Black,,$1.50,,$3.00,$0.15 per 1ea,2237190,"Multi-origin blend including tea from: 
Africa
Bold
India
Full-bodied
Compostable tea bags

Estd. 1706 London
At Twinings, our master blenders have been blending quality teas for over 300 years. 
Each blend is created with the finest ingredients to deliver a superior experience in every cup. ",,,,Black Tea.,https://www.coles.com.au/product/twinings-english-breakfast-extra-strong-tea-bags-10-pack-2237190,,,2024-06-16T15:29:49.646014-04:00
Ind54SColes_ADrinks_SATea_INerada Organics Pure Chai Tea Bags 50 pack | 92.5g,Nerada Organics Pure Chai Tea Bags 50 pack | 92.5g,Nerada,Drinks,Tea,Chai,,$5.10,,,$0.10 per 1ea,6378161,"Chai is a traditional blend of tea and various spices loved by many around the world for its rich and complex flavours. Our interpretation of this blend only uses the finest carefully selected organic tea and spices.
100% Natural Ingredients
We like to do things the natural way. That's why our deliciously refreshing teas & herbal infusions have been expertly created only using the finest organic ingredients from our trusted growing partners which makes them unique and delicious.",,,,"Organic Tea 75%, Organic Spices Ginger, Cinnamon, Cardamon, Cloves",https://www.coles.com.au/product/nerada-organics-pure-chai-tea-bags-50-pack-92.5g-6378161,,,2024-06-16T15:29:58.707343-04:00
Ind54SColes_ADrinks_SATea_ITwinings Pure Peppermint Infusions Tea Bags | 160g,Twinings Pure Peppermint Infusions Tea Bags | 160g,Twinings,Drinks,Tea,Herbal,,$13.50,,,$0.17 per 1ea,7488100,"A moment of pure refreshment...

We have carefully selected the most aromatic leaves for our Pure Peppermint blend, to deliver a fresh and invigorating experience with every sip. Revive your senses and enjoy a moment of pure refreshment in your day.

For more delightful herbal infusions, try our soothing and minty Camomile & Spearmint.

In 1706, Thomas Twining started selling tea. More than 300 years on, the Twinings' tradition continues with our finest blends for you to enjoy every day.",,,"Per 100g/ml
Per Serving
%DI
Energy
10kJ
20kJ
Protein
<1g
<1g
Total Fat
<1g
<1g
Saturated Fat
<1g
<1g
Carbohydrate
<1g
<1g
Sugars
<1g
<1g
Sodium
5mg
10mg
Caffeine
0mg
0mg
* Percentage Daily Intakes are based on an average adult diet of 8700 kJ. Your daily intakes may be higher or lower depending on your energy needs.",Peppermint,https://www.coles.com.au/product/twinings-pure-peppermint-infusions-tea-bags-160g-7488100,,,2024-06-16T15:30:10.584625-04:00
Ind54SColes_ADrinks_SABeverages_ITwinings Lemon & Ginger Infusions Tea Bags 40 pack | 60g,Twinings Lemon & Ginger Infusions Tea Bags 40 pack | 60g,Twinings,Drinks,Beverages,Coffee & tea,,$7.00,,,"$0.18 per 1ea
Was $8.50 on May 2024",6811221,"No added colours or artificial flavours
Made with natural ingredients
Compostable tea bags

At Twinings, we have been blending and brewing the best of nature for over 300 years. 
Our master blenders and herbalists expertly select and blend the finest ingredients to enrich your wellbeing every day. ",,,,"Ginger Root (39%), Lemon Flavour (20%), Lemongrass, Lemon Peel (10%), Blackberry Leaves, Acid (Citric Acid), Ginger Flavour (3.5%).",https://www.coles.com.au/product/twinings-lemon-and-ginger-infusions-tea-bags-40-pack-60g-6811221,,,2024-06-16T15:30:20.844520-04:00
Ind54SColes_ADrinks_SATea_ITwinings French Earl Grey | 10 pack,Twinings French Earl Grey | 10 pack,Twinings,Drinks,Tea,Black,,$1.50,,$3.00,$0.15 per 1ea,6312888,"Estd. 1706
London

At Twinings, our master blenders have been blending quality teas for over 300 years.

Each blend is created with the finest ingredients to deliver a superior experience in every cup.

Sophisticated with notes of vanilla and the beauty of rose petals and lavender, our French Earl Grey is both a sweet and charming blend that will enchant you. Inspired by the culinary delights of Paris, this blend has a beautiful and creamy taste that is balanced with a floral bergamot flavour.

Black tea with added floral notes
- Quality black tea
- Hint of vanilla
- Compostable tea bags",,,,,https://www.coles.com.au/product/twinings-french-earl-grey-10-pack-6312888,,,2024-06-16T15:30:30.029672-04:00
Ind54SColes_ADrinks_SATea_ITetley Extra Strong Black Tea Bags 100 pack | 200g,Tetley Extra Strong Black Tea Bags 100 pack | 200g,Tetley,Drinks,Tea,Black,,$4.60,,,$0.05 per 1ea,7752194,,,,,,https://www.coles.com.au/product/tetley-extra-strong-black-tea-bags-100-pack-200g-7752194,,,2024-06-16T15:30:38.813247-04:00
Ind54SColes_ADrinks_SATea_IQueen Victoria Green Tea Bags | 50 pack,Queen Victoria Green Tea Bags | 50 pack,Queen Victoria,Drinks,Tea,Green,,$6.00,,,$0.12 per 1ea,3984722,"Queen Victoria Teas are a noble range of high-quality teas celebrating the time honoured tea traditions dating back to the English aristocrats of the eighteenth century.
This traditional green tea has a light, delicate taste and a fresh and fragrant aroma.
50 Tea Bags.",,,,,https://www.coles.com.au/product/queen-victoria-green-tea-bags-50-pack-3984722,,,2024-06-16T15:30:47.620214-04:00
"Ind54SColes_ADrinks_SAJams, honey & spreads_ICapilano Pure Honey Squeeze | 500g",Capilano Pure Honey Squeeze | 500g,Capilano,Drinks,"Jams, honey & spreads",Honey,,$6.80,,$8.60,$1.36 per 100g,9247578,"A unique blend... our premium Classic Honey is a symphony of 100% pure, high quality Australian eucalyptus and ground flora honeys. Mild in flavour, this honey makes a perfect all-rounder for the family. Enjoy our Classic honey... as a natural sweetener, drizzled on toast, porridge and crumpets or swirled into a warm glass of water or a smoothie. Taste mild, golden flavour with a smooth, sweet finish.All Capilano product are packed in PET that is BPA-free.",,,"Per 100g/ml
Per Serving
%DI
Energy
1416
212
Protein
0.3
0.05
Carbohydrate
83.1
12.5
Sugars
82.5
12.4
Sodium
15
2.3
* Percentage Daily Intakes are based on an average adult diet of 8700 kJ. Your daily intakes may be higher or lower depending on your energy needs.",,https://www.coles.com.au/product/capilano-pure-honey-squeeze-500g-9247578,,,2024-06-16T15:30:58.786270-04:00
Ind54SColes_ADrinks_SATea_IQueen Victoria Tea Sleepy Blend Tea Bags | 18 pack,Queen Victoria Tea Sleepy Blend Tea Bags | 18 pack,Queen Victoria Tea,Drinks,Tea,Herbal,,$3.50,,$7.00,$0.19 per 1ea,4971759,"Unwind with a relaxing herbal infusion. Accompany your bedtime ritual with this tranquil blend.
Naturally caffeine free. Herbal Infusion.
Brew in near boiling water for 3 to 5 minutes. Best served without milk.",,,"Per 100g/ml
Per Serving
%DI
Energy
0kJ
0kJ
Protein
<1g
<1g
Total Fat
<1g
<1g
Saturated Fat
<1g
<1g
Carbohydrate
<1g
<1g
Sugars
<1g
<1g
Sodium
0mg
0mg
* Percentage Daily Intakes are based on an average adult diet of 8700 kJ. Your daily intakes may be higher or lower depending on your energy needs.",,https://www.coles.com.au/product/queen-victoria-tea-sleepy-blend-tea-bags-18-pack-4971759,,,2024-06-16T15:31:09.768393-04:00
Ind54SColes_ADrinks_SABeverages_ITwinings Earl Grey Tea Bags 50 pack | 100g,Twinings Earl Grey Tea Bags 50 pack | 100g,Twinings,Drinks,Beverages,Coffee & tea,,$7.00,,,"$0.14 per 1ea
Was $8.50 on May 2024",6822217,"Black tea with added citrus notes
Quality black tea
Compostable tea bags

Estd. 1706 London
At Twinings, our master blenders have been blending quality teas for over 300 years. 
Each blend is created with the finest ingredients to deliver a superior experience in every cup.",,,,"Black Tea, Bergamot Flavours (3.5%).",https://www.coles.com.au/product/twinings-earl-grey-tea-bags-50-pack-100g-6822217,,,2024-06-16T15:31:18.928522-04:00
"Ind54SColes_ADrinks_SAChips, crackers & snacks_IMcvities Digestives Biscuits Milk Chocolate | 266g",Mcvities Digestives Biscuits Milk Chocolate | 266g,Mcvities,Drinks,"Chips, crackers & snacks",Biscuits & cookies,,$2.20,,$4.40,$0.83 per 100g,5854739,Wheatmeal biscuits covered in milk chocolate,,,"Per 100g/ml
Per Serving
%DI
Energy
2070kJ
345kJ
Protein
6.7g
1.1g
Total Fat
23.6g
3.9g
Saturated Fat
12.4g
2.1g
Carbohydrate
62.5g
10.4g
Sugars
28.5g
4.7g
Sodium
400mg
67mg
* Percentage Daily Intakes are based on an average adult diet of 8700 kJ. Your daily intakes may be higher or lower depending on your energy needs.","Wheat Flour (35%), Milk Chocolate (30%) (Sugar, Milk Solids, Cocoa Butter, Cocoa Mass, Vegetable Fats, Emulsifiers (Soy Lecithin, 476), Natural Flavouring), Palm Oil, Wholemeal Wheat Flour (8%), Sugar, Glucose-Fructose Syrup, Raising Agents (500ii, 503ii), Acidity Regulator (296), Salt, Milk Chocolate contains min. 25% Cocoa Solids and min. 14% Milk Solids",https://www.coles.com.au/product/mcvities-digestives-biscuits-milk-chocolate-266g-5854739,,,2024-06-16T15:31:30.008091-04:00
Ind54SColes_ADrinks_SATea_ITwinings English Breakfast Tea Bags 100 pack | 200g,Twinings English Breakfast Tea Bags 100 pack | 200g,Twinings,Drinks,Tea,Black,,$13.50,,,$0.14 per 1ea,304752,"Multi-origin blend including tea from: 
Africa
Fresh-tasting
India
Full-bodied
Compostable tea bag

Estd. 1706 London
At Twinings, our master blenders have been blending quality teas for over 300 years. 
Each blend is created with the finest ingredients to deliver a superior experience in every cup.",,,,Black Tea.,https://www.coles.com.au/product/twinings-english-breakfast-tea-bags-100-pack-200g-304752,,,2024-06-16T15:31:41.460075-04:00
Ind54SColes_ADrinks_SATea_ICurated Group Chamomile Tea | 20 pack,Curated Group Chamomile Tea | 20 pack,Curated Group,Drinks,Tea,Black,,,,,,8145700,"Calming Chamomile

Bright and daisy-like, this fragrant Mediterranean native, is like summer itself. It blooms in light, drained soil in great sweeps by the sea, often on rocky hillsides during southern and eastern Europe's long summer days and cool nights.

Traditionally seen as a symbol of purity, protection and tranquillity, it was also cultivated for a spectrum of perceived benefits. It is caffeine-free, soothing and comfort in a cup.

This Chamomile tea is serenely floral, with a relaxing honeyed note and sweet-apple finish.
Chamomile has been valued through the ages for its perceived properties. More information on our Chamomile tea can be found on our website.

Our plant-based pyramid-shaped tea bags are generously sized to allow the flowers to unfurl and fully infuse. Each tea bag comes in a recyclable envelope so the flowers stay as fresh as the first day they were picked and your cup of Chamomile delivers joy every time.

96 is only possible because of the communities that nurture the verdant lands where our teas grow.

We're committed to ethically sourcing our teas, sustainable packaging and reducing our environmental footprint.",,,,,https://www.coles.com.au/product/curated-group-chamomile-tea-20-pack-8145700,,,2024-06-16T15:31:52.419531-04:00
Ind54SColes_ADrinks_SATea_ITwinings Ginger & Apple Infusions Tea Bags | 20g,Twinings Ginger & Apple Infusions Tea Bags | 20g,Twinings,Drinks,Tea,Herbal,,$1.50,,$3.00,$0.15 per 1ea,2384526,"Delightfully unexpected flavour sensation...
Blending the sweet flavour of ripe apples, with the warmth of ginger root, this Ginger & Apple herbal infusion is sure to excite and surprise. The subtle aroma and balanced flavour will tempt you at any time of day.

For more delightful herbal infusions, try our refreshing and invigorating Pure Peppermint.",,,,"White Hibiscus, Rosehip, Ginger (10%), Apple Pieces (8%), Apple Flavour (5%), Red Hibiscus, Lemon Peel, Roasted Chicory Root, Pear Flavour.",https://www.coles.com.au/product/twinings-ginger-and-apple-infusions-tea-bags-20g-2384526,,,2024-06-16T15:32:01.442649-04:00
Ind54SColes_ADrinks_SATea_IQueen Victoria Tea Digest Blend Tea Bags | 18 pack,Queen Victoria Tea Digest Blend Tea Bags | 18 pack,Queen Victoria Tea,Drinks,Tea,Herbal,,$3.50,,$7.00,$0.19 per 1ea,4971770,"A soothing blend of lemongrass, fennel seed and ginger that can be enjoyed after any meal.
Naturally caffeine free. Herbal Infusion.
Brew in near boiling water for 3 to 5 minutes. Best served without milk.",,,"Per 100g/ml
Per Serving
%DI
Energy
0kJ
0kJ
Protein
<1g
<1g
Total Fat
<1g
<1g
Saturated Fat
<1g
<1g
Carbohydrate
<1g
<1g
Sugars
<1g
<1g
Sodium
0mg
0mg
* Percentage Daily Intakes are based on an average adult diet of 8700 kJ. Your daily intakes may be higher or lower depending on your energy needs.",,https://www.coles.com.au/product/queen-victoria-tea-digest-blend-tea-bags-18-pack-4971770,,,2024-06-16T15:32:12.207274-04:00
Ind54SColes_ADrinks_SA_IHigher Living Organic Rooibos Caramel | 40 pack,Higher Living Organic Rooibos Caramel | 40 pack,Higher Living,Drinks,,,,$5.50,,,$0.14 per 1ea,6309409,,,,,,https://www.coles.com.au/product/higher-living-organic-rooibos-caramel-40-pack-6309409,,,2024-06-16T15:32:21.041342-04:00
Ind54SColes_ADrinks_SATea_IPukka Morning Berry Tea Bags | 20 pack,Pukka Morning Berry Tea Bags | 20 pack,Pukka,Drinks,Tea,Herbal,,,,,,8059878,,,,,,https://www.coles.com.au/product/pukka-morning-berry-tea-bags-20-pack-8059878,,,2024-06-16T15:32:29.823321-04:00
Ind54SColes_ADrinks_SATea_IQueen Victoria Lemon & Ginger Tea Bags | 100 pack,Queen Victoria Lemon & Ginger Tea Bags | 100 pack,Queen Victoria,Drinks,Tea,Herbal,,$5.50,,$11.00,$0.06 per 1ea,3984813,"Queen Victoria Teas are a noble range of high-quality teas celebrating the time honoured tea traditions dating back to the English aristocrats of the eighteenth century.
A calming, naturally caffeine-free blend that is rich in antioxidants, combining zesty lemon with ginger spiciness.
100 Tea Bags.",,,,,https://www.coles.com.au/product/queen-victoria-lemon-and-ginger-tea-bags-100-pack-3984813,,,2024-06-16T15:32:39.945356-04:00
Ind54SColes_ADrinks_SATea_IDilmah 85 Reserve Black Tea With Rose Lychee & Vanilla | 10 pack,Dilmah 85 Reserve Black Tea With Rose Lychee & Vanilla | 10 pack,Dilmah,Drinks,Tea,Black,,,,,,8087793,,,,,,https://www.coles.com.au/product/dilmah-85-reserve-black-tea-with-rose-lychee-and-vanilla-10-pack-8087793,,,2024-06-16T15:32:48.841364-04:00
Ind54SColes_ADrinks_SATea_ILipton Intense Extra Strong Black Tea Bags | 100 pack,Lipton Intense Extra Strong Black Tea Bags | 100 pack,Lipton,Drinks,Tea,Black,,$3.90,,$7.80,$0.04 per 1ea,4678029,"Lipton Intense is especially blended to ensure a rich, strong cup of tea. It's smooth and full bodied taste and aroma is ideal for those wanting a strong cuppa.

Extra strong flavour in every rich cup of Lipton Intense.

This strong blend of tea leaves is especially crafted to ensure a perfect balance of strength, flavour and aroma. Ideal for those who want a little something extra from their cup of tea.
The world's full of wonder, embrace the bright hear fo it with Lipton tea. Made with top sun-ripened tea leaves frehsly picked for their brightening, bold and aromatic flavour.",,,,Black Tea,https://www.coles.com.au/product/lipton-intense-extra-strong-black-tea-bags-100-pack-4678029,,,2024-06-16T15:32:57.907245-04:00
Ind54SColes_ADrinks_SATea_IDilmah Inspirations Rooibos Cinnamon Turmeric Ginger & Nutmeg Tea Bags | 20 pack,Dilmah Inspirations Rooibos Cinnamon Turmeric Ginger & Nutmeg Tea Bags | 20 pack,Dilmah,Drinks,Tea,Organic,,$5.20,,,$0.26 per 1ea,3247451,"Dilmah Infusions are a beautiful combination of authentic Sri Lankan spices, herbs and their amazing functional ability. Elegant in terms of its clarity and brightness and rich, both in its taste and fragrance. This product contains a natural herb and spice infusion of Rooibos, Cinnamon, Turmeric, Ginger and Nutmeg. An enticing aroma and a dark amber liquor lead to a complex infusion, with herb and caramel notes yielding to mild pepper, spice and a gingery finish. 20 tea bags of Rooibos, Cinnamon, Turmeric, Ginger and Nutmeg for a healthy and delicious brew.",,,,Packed in Sri Lanka from local and imported ingredients,https://www.coles.com.au/product/dilmah-inspirations-rooibos-cinnamon-turmeric-ginger-and-nutmeg-tea-bags-20-pack-3247451,,,2024-06-16T15:33:07.251511-04:00
Ind54SColes_ADrinks_SATea_ITwinings Live Well Revive Tea Bags | 20 pack,Twinings Live Well Revive Tea Bags | 20 pack,Twinings,Drinks,Tea,Herbal,,$4.25,,$8.50,$0.21 per 1ea,4984604,"Revive with Vitamin B6

Discover the juicy sweetness this blend brings. 

A harmony of fresh green tea and guarana, with sweet mandarin and apple flavours with added Vitamin B6 which contributes to reviving regular energy metabolism, perfect for the mid-morning and afternoon lift. 

Twinings of London. Sourced with care. 

Living well should taste as good as it makes you feel. 

That's why we carefully select the finest ingredients to create a range of drinks that help make daily wellbeing deliciously enjoyable.

No artificial colours or flavours. Naturally contains antioxidants.",,,"Per 100g/ml
Per Serving
%DI
Energy
9kJ
17kJ
Protein
<1g
<1g
Total Fat
<1g
<1g
Saturated Fat
<1g
<1g
Carbohydrate
<1g
<1g
Sugars
<1g
<1g
Sodium
<5g
9mg
Vitamin B6
0.18mg
0.35mg
Caffeine
9mg
18mg
* Percentage Daily Intakes are based on an average adult diet of 8700 kJ. Your daily intakes may be higher or lower depending on your energy needs.",,https://www.coles.com.au/product/twinings-live-well-revive-tea-bags-20-pack-4984604,,,2024-06-16T15:33:18.402653-04:00
Ind54SColes_ADrinks_SATea_IColes Chai Latte | 250g,Coles Chai Latte | 250g,Coles,Drinks,Tea,Chai,,$3.25,,,$1.30 per 100g,3640687,"Chai Latte Deliciously rich and frothy tea drink. For a creamier treat, try adding hot milk instead of water. Instant tea drink",,,"Per 100g/ml
Per Serving
%DI
Energy
175.265
420.636
Protein
0.91666667
2.20000001
Carbohydrate
7.54166667
18.10000001
Sugars
7.54166667
18.10000001
Sodium
70.83
169.992
Saturated
0.75
1.8
Energy (Cal)
41.92942583
100.630622
Fat
0.83333333
1.99999999
Dietary Fibre (total)
0.08
0.192
* Percentage Daily Intakes are based on an average adult diet of 8700 kJ. Your daily intakes may be higher or lower depending on your energy needs.",,https://www.coles.com.au/product/coles-chai-latte-250g-3640687,,,2024-06-16T15:33:29.442343-04:00
Ind54SColes_ADrinks_SATea_ITwinings Cranberry & Pomegranate Infusions Tea Bags | 10 Pack,Twinings Cranberry & Pomegranate Infusions Tea Bags | 10 Pack,Twinings,Drinks,Tea,Herbal,,$1.50,,$3.00,$0.15 per 1ea,8729562,"A match made in flavour heaven...
Our Cranberry & Pomegranate fuses sweet and tangy notes to create a vibrant and delicious fruity infusion. Close your eyes, imaging yourself on a beautiful island and savour this flavoursome pairing - it's mouth-wateringly good!

For more delightful fruit flavoured infusions, try our luscious & fruity Strawberry, Raspberry & Loganberry.",,,,"Hibiscus (48%), Apple Pieces, Cranberry Flavour (11%), Pomegranate Flavour (10%), Rosehip, Liquorice Root (4.5%).",https://www.coles.com.au/product/twinings-cranberry-and-pomegranate-infusions-tea-bags-10-pack-8729562,,,2024-06-16T15:33:38.559176-04:00
Ind54SColes_ADrinks_SATea_IChatime Original Milk Bubble Tea | 4 pack,Chatime Original Milk Bubble Tea | 4 pack,Chatime,Drinks,Tea,Bubble tea,,$10.00,,,$2.50 per 1ea,5579055,,,,,,https://www.coles.com.au/product/chatime-original-milk-bubble-tea-4-pack-5579055,,,2024-06-16T15:33:47.406581-04:00
Ind54SColes_ADrinks_SATea_IPukka Tea Feel New Detox | 20 pack,Pukka Tea Feel New Detox | 20 pack,Pukka,Drinks,Tea,Herbal,,,,,,3248750,"Not just any detox tea. This is the ultimate organic cup to help your body spring clean. With a splash of sweet aniseed and crisp fennel, feel your senses come alive with lush cardamom and licorice root - purity at its best. Shrug off the old and embrace the new. Detox is a tea to usher in new beginnings.
Good news for giving your mind, body and soul a fresh start.
Infuse for up to 15 minutes. Boiling just the water you need helps make every cup of Pukka tea as sustainable as it can be.
At Pukka, our heartfelt desire is to create a healthier, happier world through the incredible power of organic herbs. We hope you feel inspired to discover more about yourself and the beautiful planet on which we all live. Doing good things helps make good things happen. We create things that help you, help nature and everything in-between. It's called conservation through commerce - striving to positively change the world for you, business and the planet. We are a B Corp organisation, Giving back 1% for the Planet, Fair for Life and FairWild certified.

Ingredients Aniseed (40%), fennel seed (20%), cardamom seed (15%), licorice root, coriander seed, celery seed. Ingredients Aniseed (40%), fennel seed (20%), cardamom seed (15%), licorice root, coriander seed, celery seed.
Detoxifying blend of natural herbs
A refreshing blend to be enjoyed throughout the day
Made with Aniseed, Fennel Seed, Cardamom Pod, Licorice Root, Coriander and Celery Seed
Good news for giving your mind, body and soul a fresh start
Organic and Vegan
Naturally Caffeine Free.",,,,,https://www.coles.com.au/product/pukka-tea-feel-new-detox-20-pack-3248750,,,2024-06-16T15:33:56.106049-04:00
Ind54SColes_ADrinks_SATea_ICurated Group English Breakfast Tea | 20 pack,Curated Group English Breakfast Tea | 20 pack,Curated,Drinks,Tea,Black,,,,,,8145379,"Stirring English Breakfast

Accompanying breakfasts since the early 19th century, this blend is said to have been created by a Scottish tea master named Drysdale. It became known as “English” tea as it was a favourite of Queen Victoria. Blended teas were almost unheard of at the time - making English Breakfast eye-opening in more ways than one. Sticking with this tradition, we balance Assam Orthodox and CTC teas with Ceylon teas to deliver the perfect English Breakfast. We don't stop at breakfast though, this soul-reviving tea is served all the way to the afternoon and sometimes beyond.

Our English Breakfast tea is a wonderful blend of full bodied and malty Assam teas, with a citrusy Ceylon kick.
Black tea is enjoyed by many cultures from around the world for its perceived benefits. More information on our English Breakfast tea can be found on our website.

Our plant-based pyramid-shaped tea bags are generously sized to allow the leaves to unfurl and fully infuse. Each tea bag comes in a recyclable envelope so the leaves stay as fresh as the first day they were picked and your cup of tea delivers joy every time.

96 is only possible because of the communities that nurture the verdant lands where our teas grow.

We're committed to ethically sourcing our teas, sustainable packaging and reducing our environmental footprint.",,,,,https://www.coles.com.au/product/curated-group-english-breakfast-tea-20-pack-8145379,,,2024-06-16T15:34:07.047034-04:00
Ind54SColes_ADrinks_SATea_ITwinings Live Well Sleep Well Tea Bags | 22 pack,Twinings Live Well Sleep Well Tea Bags | 22 pack,Twinings,Drinks,Tea,Herbal,,$4.25,,$8.50,$0.19 per 1ea,4985593,"Sleep Well

A calming blend of soothing camomile, floral orange blossom, and a hint of sweet honey flavour. 

It's smooth and warming, making it the perfect part of your bedtime routine. 
Sleep well is a delicious ritual to wind down your day. 

Twinings of London. Sourced with care. 

Living well should taste as good as it makes you feel. 

That's why we carefully select the finest ingredients to create a range of drinks that help make daily wellbeing deliciously enjoyable.

No artificial colours. Naturally caffeine free. ",,,"Per 100g/ml
Per Serving
%DI
Energy
10kJ
20kJ
Protein
<1g
<1g
Total Fat
<1g
<1g
Saturated Fat
<1g
<1g
Carbohydrate
<1g
<1g
Sugars
<1g
<1g
Sodium
<5mg
<5mg
Caffeine
0mg
0mg
* Percentage Daily Intakes are based on an average adult diet of 8700 kJ. Your daily intakes may be higher or lower depending on your energy needs.",,https://www.coles.com.au/product/twinings-live-well-sleep-well-tea-bags-22-pack-4985593,,,2024-06-16T15:34:18.187785-04:00
Ind54SColes_ADrinks_SATea_ITwinings Darjeeling Tea Bags | 10 pack,Twinings Darjeeling Tea Bags | 10 pack,Twinings,Drinks,Tea,Black,,$1.50,,$3.00,$0.15 per 1ea,341806,"Single origin blend of tea from: 
India
Floral notes
Compostable tea bags

Estd. 1706 London
At Twinings, our master blenders have been blending quality teas for over 300 years. 
Each blend is created with the finest ingredients to deliver a superior experience in every cup. ",,,,Black Tea.,https://www.coles.com.au/product/twinings-darjeeling-tea-bags-10-pack-341806,,,2024-06-16T15:34:27.057235-04:00
Ind54SColes_ADrinks_SATea_ITwinings Lemon & Ginger Infusions Tea Bags | 15g,Twinings Lemon & Ginger Infusions Tea Bags | 15g,Twinings,Drinks,Tea,Herbal,,$1.50,,$3.00,$0.15 per 1ea,5984870,"A moment of warmth & comfort...

Our Lemon & Ginger is packed with zesty lemon and warming ginger root, perfect to help revitalise your senses. Delivering a moment of warmth & comfort, this blend is wonderful to sip in all seasons. Take a moment to enjoy the taste and aroma of this wonderful infusion.

For more delightful herbal infusions, try our soothing & gentle Pure Camomile.",,,,"Ginger Root (39%), Lemon Flavour (20%), Lemongrass, Lemon Peel (10%), Blackberry Leaves, Citric Acid, Ginger Flavour (3.5%)",https://www.coles.com.au/product/twinings-lemon-and-ginger-infusions-tea-bags-15g-5984870,,,2024-06-16T15:34:36.106809-04:00
Ind54SColes_ADrinks_SATea_IRed Seal Variety Pack Hot Or Cold Brew Tea | 20 pack,Red Seal Variety Pack Hot Or Cold Brew Tea | 20 pack,Red Seal,Drinks,Tea,Herbal,,$4.50,,,$0.23 per 1ea,3709422,"Can't decide on a favourite? Try a few, with Red Seal Fruit lovers variety pack of teas containing Blood Orange, Peach & Pineapple, Tropical and Raspberry & Strawberry. Red Seal's unique fruit brews allow you to make a deliciously fruity drink using either hot or cold water. For a refreshing drink on a hot summer's day, simply add cold water and let brew for a few minutes.",,,,,https://www.coles.com.au/product/red-seal-variety-pack-hot-or-cold-brew-tea-20-pack-3709422,,,2024-06-16T15:34:44.849168-04:00
Ind54SColes_ADrinks_SATea_INerada Organic Tea Bags Vanilla Rooibos | 50 Pack,Nerada Organic Tea Bags Vanilla Rooibos | 50 Pack,Nerada,Drinks,Tea,Organic,,$5.10,,,$0.10 per 1ea,6378616,"Rooibos is a shrub native to South Africa, where it has been used as a refreshing beverage for centuries. To excite and delight the palate we have added a hint of natural vanilla flavour to our organic Rooibos which makes it beautifully aromatic and smooth. As Rooibos is naturally sweet and caffeine free it is perfect at any time of day.
100% Natural Ingredients
We like to do things the natural way. That's why our deliciously refreshing teas & herbal infusions have been expertly created only using the finest organic ingredients from our trusted growing partners which makes them unique and delicious.",,,,"Organic Rooibos 95%, Natural Vanilla Flavour 5%",https://www.coles.com.au/product/nerada-organic-tea-bags-vanilla-rooibos-50-pack-6378616,,,2024-06-16T15:34:53.816827-04:00
Ind54SColes_ADrinks_SATea_IYorkshire Tea Toast & Jam Tea Bags | 40 pack,Yorkshire Tea Toast & Jam Tea Bags | 40 pack,Yorkshire,Drinks,Tea,Black,,$6.50,,$9.50,$0.16 per 1ea,6320627,"We've squished the taste of the world's greatest breakfast combo into an extra strong Yorkshire Tea blend. It's a mighty morning brew with a lip-smacking FLAVOUR of toasty, jammy loveliness, ready to send you into the day with a spring in your step, a smile in your soul and absolutely no jam on your chin. *100% of the tea in this product comes from Rainforest Alliance Certified farms. We are a member of Ethical Tea Partnership.",,,,,https://www.coles.com.au/product/yorkshire-tea-toast-and-jam-tea-bags-40-pack-6320627,,,2024-06-16T15:35:03.732704-04:00
Ind54SColes_ADrinks_SATea_IArkadia Spice Chai Tea Sachets 20 pack | 400g,Arkadia Spice Chai Tea Sachets 20 pack | 400g,Arkadia,Drinks,Tea,Chai,,$13.00,,,$0.65 per 1ea,3452610,"Our family has been crafting chai over 25 years, so you might say we know a thing or two about the perfect blend.
Warm up with a mug of Arkadia signature chai spice. Boldly fragrant and deliciously creamy, let our secret family recipe take you on a journey.
98% Fat Free when made according to directions using water or skim milk.
Contains no artificial colours, sweeteners or preservatives.",,,"Per 100g/ml
Per Serving
%DI
Energy
194kJ
372kJ
Protein
0.2g
0.4g
Total Fat
1.3g
2.4g
Saturated Fat
1.2g
2.4g
Carbohydrate
8.4g
16.2g
Sugars
6g
11.5g
Sodium
30mg
58mg
* Percentage Daily Intakes are based on an average adult diet of 8700 kJ. Your daily intakes may be higher or lower depending on your energy needs.","Sugar, Glucose Syrup Solids, Vegetable Fat, Maltodextrin, Flavours, Instant Tea (3.5%), Milk Solids, Stabilisers (340, 451, 452), Emulsifiers (471, Soy Lecithin), Salt, Anticaking Agent (551).",https://www.coles.com.au/product/arkadia-spice-chai-tea-sachets-20-pack-400g-3452610,,,2024-06-16T15:35:14.786336-04:00
Ind54SColes_ADrinks_SABeverages_IArkadia Vanilla Chai Tea | 240g,Arkadia Vanilla Chai Tea | 240g,Arkadia,Drinks,Beverages,Coffee & tea,,$6.30,,,"$2.63 per 100g
Was $7.00 on Apr 2024",7490178,"Escape the everyday, the Arkadia way!
Our chai vanilla flavoured latte will take your senses on a journey. We've infused our signature secret recipe with the sweet flavour of vanilla, perfectly crafted to soothe your soul and sprinkle a little adventure into your day.
98% Fat Free when made according to directions using water or skim milk.
Contains no artificial colours, sweeteners or preservatives.
Made in Australia",,,"Per 100g/ml
Per Serving
%DI
Energy
185kJ
369kJ
Protein
0.2g
0.4g
Total Fat
1.2g
2.4g
Saturated Fat
1.2g
2.4g
Carbohydrate
7.9g
15.9g
Sugars
5.4g
10.9g
Sodium
29mg
59mg
* Percentage Daily Intakes are based on an average adult diet of 8700 kJ. Your daily intakes may be higher or lower depending on your energy needs.",,https://www.coles.com.au/product/arkadia-vanilla-chai-tea-240g-7490178,,,2024-06-16T15:35:25.734454-04:00
Ind54SColes_ADrinks_SATea_IT2 Relax Tea | 10 pack,T2 Relax Tea | 10 pack,T2,Drinks,Tea,Herbal,,$7.50,,,$0.75 per 1ea,4995418,"Ready to chill? Bring back that sense of peace with tranquil chamomile and lavender.

Clouds of chamomile, soft rose and lavender produce a very pretty tea indeed! Sit back and let this floral tisane whisk you away
Chamomile notes with smooth lemon, juniper berries and florals.

This tea is sealed fresh inside a compostable plastic bag packed into a colourful recyclable cardboard box. Store in a cool, dry place.

Soothe and calm yourself, by sipping this tea at anytime of the day.

Best brewed 3-5 minutes using freshly boiled water.",,,,"Chamomile, juniper berries, lemon verbena, hibiscus, lemongrass, lavender, rose petals",https://www.coles.com.au/product/t2-relax-tea-10-pack-4995418,,,2024-06-16T15:35:35.234325-04:00
Ind54SColes_ADrinks_SABeverages_IQueen Victoria Vanilla Chai Tea Bags | 10 pack,Queen Victoria Vanilla Chai Tea Bags | 10 pack,Queen Victoria,Drinks,Beverages,Coffee & tea,,$1.20,,,"$0.12 per 1ea
Was $2.00 on Apr 2024",3984664,"Queen Victoria Teas are a noble range of high-quality teas celebrating the time honoured tea traditions dating back to the English aristocrats of the eighteenth century.
An aromatic blend of black teas, sweet chai spices and bourbon vanilla, this is a vibrant tea perfect to warm you on cost winter evenings.
10 Enveloped Tea Bags.",,,,,https://www.coles.com.au/product/queen-victoria-vanilla-chai-tea-bags-10-pack-3984664,,,2024-06-16T15:35:44.417406-04:00
Ind54SColes_ADrinks_SATea_IDilmah Extra Strength Pure Ceylon Bags 200 Pack | 480g,Dilmah Extra Strength Pure Ceylon Bags 200 Pack | 480g,Dilmah,Drinks,Tea,Black,,$15.00,,,$0.08 per 1ea,5059237,"Finely balanced richness, flavour, strength and aroma for the perfect cup of tea, with more tea per teabag for a stronger brew. Our Premium tea is sourced from a single origin; the central highlands of Sri Lanka, reputed for its brightness and medium strength. Pure Ceylon Broken Orange Pekoe (BOPF) produces a pleasing brew, ideal for everyday drinking.The Dilmah Premium Ceylon Tea range introduces tea lovers to the romance of real Ceylon tea. This Premium Ceylon Extra Strength Black Tea product consists of 200 tea bags.",,,,"Ceylon black tea, no additives. All natural.",https://www.coles.com.au/product/dilmah-extra-strength-pure-ceylon-bags-200-pack-480g-5059237,,,2024-06-16T15:35:53.480017-04:00
Ind54SColes_ADrinks_SATea_ITwinings Green Tea & Mint Tea Bags | 10 pack,Twinings Green Tea & Mint Tea Bags | 10 pack,Twinings,Drinks,Tea,Green,,$1.50,,$3.00,$0.15 per 1ea,4760130,"Add a fresh minty twist to your day...
We think that our Green Tea & Mint are perfectly matched. The mint softens the taste of green tea so it's deliciously light and refreshing. Perfect any time you want to bring a little moment of zen into your day.

In 1706, Thomas Twining started selling tea. More than 300 years on, the Twinings' tradition continues with our finest blends for you to enjoy every day.",,,,"Green Tea, Mint Flavour (11%), Peppermint (5%).",https://www.coles.com.au/product/twinings-green-tea-and-mint-tea-bags-10-pack-4760130,,,2024-06-16T15:36:02.501115-04:00
Ind54SColes_ADrinks_SA_ITwinings Live Well Probiotic Blend Tea Bags | 18 pack,Twinings Live Well Probiotic Blend Tea Bags | 18 pack,Twinings,Drinks,,,,$4.25,,$8.50,$0.24 per 1ea,4984590,"Probiotics
Enjoy a blend bursting with big flavours of ginger and zesty lemon combined with a subtle kick of turmeric.

Packed with millions of live cultures to help you feel great, this blend is perfect for a cleansing sip anytime of the day.

Sourced with care. 

Living well should taste as good as it makes you feel.

That's why we carefully select the finest ingredients to create a range of drinks that help make daily wellbeing deliciously enjoyable.

No artificial colours or flavours. 
Naturally caffeine free. ",,,,"Ginger (50%), Lemon Flavouring (15%), Turmeric (10%), Cinnamon, Cloves, Liquorice Root (5%), Bacillus coagulans GBI-30 6086 (4%), Ginger Flavouring (2%).",https://www.coles.com.au/product/twinings-live-well-probiotic-blend-tea-bags-18-pack-4984590,,,2024-06-16T15:39:14.904281-04:00
Ind54SColes_ADrinks_SATea_IQueen Victoria Peppermint Tea Bags | 50 pack,Queen Victoria Peppermint Tea Bags | 50 pack,Queen Victoria,Drinks,Tea,Herbal,,$6.00,,,$0.12 per 1ea,3984700,"Queen Victoria Teas are a noble range of high-quality teas celebrating the time honoured tea traditions dating back to the English aristocrats of the eighteenth century.
Naturally caffeine-free, our peppermint blend is a refreshing tea with a well-rounded flavour and a sweet, delicate taste.
50 Tea Bags.",,,,,https://www.coles.com.au/product/queen-victoria-peppermint-tea-bags-50-pack-3984700,,,2024-06-16T15:39:24.211468-04:00
Ind54SColes_ADrinks_SATea_ITwinings English Breakfast Decaf Tea Bags | 80 pack,Twinings English Breakfast Decaf Tea Bags | 80 pack,Twinings,Drinks,Tea,Black,,$13.50,,,$0.17 per 1ea,6312877,"Single origin blend of tea from:
Africa - Fresh, Bold
Compostable Tea bags

Estd. 1706 London
At Twinings, our master blenders have been blending quality teas for over 300 years.
Each blend is created with the finest ingredients to deliver a superior experience in every cup.",,,,Decaffeinated Black Tea.,https://www.coles.com.au/product/twinings-english-breakfast-decaf-tea-bags-80-pack-6312877,,,2024-06-16T15:39:33.057423-04:00
Ind54SColes_ADrinks_SATea_ITwinings Lady Grey Tea Bags | 100 pack,Twinings Lady Grey Tea Bags | 100 pack,Twinings,Drinks,Tea,Black,,$13.50,,,$0.14 per 1ea,5051734,"Black tea with added citrus notes
Quality black tea
Compostable tea bags

Estd. 1706 London
At Twinings, our master blenders have been blending quality teas for over 300 years. 
Each blend is created with the finest ingredients to deliver a superior experience in every cup.",,,,"Black Tea, Orange Peel (3%), Lemon Peel (3%), Citrus Flavour.",https://www.coles.com.au/product/twinings-lady-grey-tea-bags-100-pack-5051734,,,2024-06-16T15:39:41.924505-04:00
Ind54SColes_ADrinks_SATea_INerada Camomile Herbal Infusion Tea Bags 40 pack | 60g,Nerada Camomile Herbal Infusion Tea Bags 40 pack | 60g,Nerada,Drinks,Tea,Herbal,,$6.00,,,$0.15 per 1ea,6384980,Camomile has a wide range of traditional uses that date back to antiquity and is often drunk for its pleasant subtle flavour and reputed calming effect. Our organic Camomile has been carefully selected and grown using only nature's natural resources,,,,Organic Camomile,https://www.coles.com.au/product/nerada-camomile-herbal-infusion-tea-bags-40-pack-60g-6384980,,,2024-06-16T15:39:50.557621-04:00
Ind54SColes_ADrinks_SATea_ITaylors Of Harrogate Yorkshire Gold Tea Bags | 100 pack,Taylors Of Harrogate Yorkshire Gold Tea Bags | 100 pack,Taylors Of Harrogate,Drinks,Tea,Black,,$8.00,,,$0.08 per 1ea,3638958,"A proper cup of tea, pure and simple. The second best selling and fastest growing black tea in the UK market.To give our blend its refreshing flavour, strength and colour we use top quality Assam and African teas. And we go to great lengths to make it properly, from tasting 1000s of teas a day to find the best for the blend, to thinking about the water customers will brew it with at home.",,,,,https://www.coles.com.au/product/taylors-of-harrogate-yorkshire-gold-tea-bags-100-pack-3638958,,,2024-06-16T15:39:59.270826-04:00
Ind54SColes_ADrinks_SATea_IMadame Flavour Caffeine Free Lemongrass Lime & Ginger Tisane Tea Bags 18 pack | 36g,Madame Flavour Caffeine Free Lemongrass Lime & Ginger Tisane Tea Bags 18 pack | 36g,Madame Flavour,Drinks,Tea,Herbal,,$7.50,,,$0.42 per 1ea,1758030,"Madame Flavour was conceived in 2007 in Melbourne, Australia in the home of founder Corinne Noyes who continues to own the business.
The local team are passionate advocates, bringing the highest standards of service and quality to support many thousands of Kindred Spirits who make our success and longevity a reality.
With a network of suppliers around the globe, and a customer base across multiple countries, the Madame Flavour team work with care and dedication, staying true to our roots and values.",,,"Per 100g/ml
Per Serving
%DI
Energy
<5kJ
<5kJ
Protein
0g
0g
Total Fat
0g
0g
Saturated Fat
0g
0g
Carbohydrate
0g
0g
Sugars
0g
0g
Sodium
0mg
0mg
* Percentage Daily Intakes are based on an average adult diet of 8700 kJ. Your daily intakes may be higher or lower depending on your energy needs.",,https://www.coles.com.au/product/madame-flavour-caffeine-free-lemongrass-lime-and-ginger-tisane-tea-bags-18-pack-36g-1758030,,,2024-06-16T15:40:10.068904-04:00
Ind54SColes_ADrinks_SATea_ITwinings Earl Grey Tea Bags 10 pack | 20g,Twinings Earl Grey Tea Bags 10 pack | 20g,Twinings,Drinks,Tea,Black,,$1.50,,$3.00,$0.15 per 1ea,341792,"Black tea with added citrus notes
Quality black tea
Compostable tea bags

Estd. 1706 London
At Twinings, our master blenders have been blending quality teas for over 300 years. 
Each blend is created with the finest ingredients to deliver a superior experience in every cup.",,,,"Black Tea, Bergamot Flavours (3.5%).",https://www.coles.com.au/product/twinings-earl-grey-tea-bags-10-pack-20g-341792,,,2024-06-16T15:40:19.071603-04:00
Ind54SColes_ADrinks_SATea_IHigher Living Organic Tea Evening Sweet Dreams | 15 pack,Higher Living Organic Tea Evening Sweet Dreams | 15 pack,Higher Living,Drinks,Tea,Herbal,,$5.00,,,$0.33 per 1ea,1768679,"Having trouble sleeping? Higher Living Organic Sweet Dreams Tea can be helpful. With its relaxing infusion of lemon balm, lavender, and chamomile, drinking this Higher Living tea will help you in getting a soothing sleep. Savour the sweet, fruity blends of different spices to help your body calm during the night.
Organic tea
Naturally caffeine-free
Contains 15 tea bags",,,,"Fennel, Peppermint, Lemon Balm (20%), Chamomile (18%), Lavender (10%).",https://www.coles.com.au/product/higher-living-organic-tea-evening-sweet-dreams-15-pack-1768679,,,2024-06-16T15:40:27.903706-04:00
Ind54SColes_ADrinks_SATea_IIto En Matcha Green Tea Organic Matcha Powder | 12 pack,Ito En Matcha Green Tea Organic Matcha Powder | 12 pack,Ito,Drinks,Tea,Green,,$12.00,,$15.00,$1.00 per 1ea,3982636,"Enjoy a delicious matcha latte or smoothie with this convenient organic green tea powder made from Japan's treasured matcha, finely milled from high quality green tea leaves. Made using the entire tea leaf, matcha is vibrant in taste and full of powerful health benefits. This green tea powder is a versatile ingredient that can be added to any new recipe â whether hot or cold.",,,,Organic Japanese Matcha (Green Tea Powder),https://www.coles.com.au/product/ito-en-matcha-green-tea-organic-matcha-powder-12-pack-3982636,,,2024-06-16T15:40:36.691009-04:00
Ind54SColes_ADrinks_SATea_ITwinings Live Well Digest Tea Bags | 22 pack,Twinings Live Well Digest Tea Bags | 22 pack,Twinings,Drinks,Tea,Herbal,,$4.25,,$8.50,$0.19 per 1ea,4986133,"Digest 

The perfect complement after any meal, this deliciously smooth and warming blend combines earthy turmeric with the flavours of juicy orange and spicy star anise.

Twinings of London. Sourced with care. 

Living well should taste as good as it makes you feel. 

That's why we carefully select the finest ingredients to create a range of drinks that help make daily wellbeing deliciously enjoyable.

No artificial colours or flavours. Naturally caffeine free. ",,,"Per 100g/ml
Per Serving
%DI
Energy
3kJ
7kJ
Protein
<1g
<1g
Total Fat
<1g
<1g
Saturated Fat
<1g
<1g
Carbohydrate
<1g
<1g
Sugars
<1g
<1g
Sodium
<5mg
<5mg
Caffeine
0mg
0mg
* Percentage Daily Intakes are based on an average adult diet of 8700 kJ. Your daily intakes may be higher or lower depending on your energy needs.",,https://www.coles.com.au/product/twinings-live-well-digest-tea-bags-22-pack-4986133,,,2024-06-16T15:40:47.571515-04:00
Ind54SColes_ADrinks_SATea_IMadame Flavour Green Jasmine & Pear Tea Bags18 pack | 36g,Madame Flavour Green Jasmine & Pear Tea Bags18 pack | 36g,Madame Flavour,Drinks,Tea,Green,,$7.50,,,$0.42 per 1ea,7488653,"Madame Flavour was conceived in 2007 in Melbourne, Australia in the home of founder Corinne Noyes who continues to own the business.
The local team are passionate advocates, bringing the highest standards of service and quality to support many thousands of Kindred Spirits who make our success and longevity a reality.
With a network of suppliers around the globe, and a customer base across multiple countries, the Madame Flavour team work with care and dedication, staying true to our roots and values.",,,"Per 100g/ml
Per Serving
%DI
Energy
0kJ
0kJ
Protein
0g
0g
Total Fat
0g
0g
Saturated Fat
0g
0g
Carbohydrate
0g
0g
Sugars
0g
0g
Sodium
0mg
0mg
* Percentage Daily Intakes are based on an average adult diet of 8700 kJ. Your daily intakes may be higher or lower depending on your energy needs.",,https://www.coles.com.au/product/madame-flavour-green-jasmine-and-pear-tea-bags18-pack-36g-7488653,,,2024-06-16T15:40:58.357258-04:00
Ind54SColes_ADrinks_SABeverages_ITwinings English Breakfast Tea Bags 50 pack | 100g,Twinings English Breakfast Tea Bags 50 pack | 100g,Twinings,Drinks,Beverages,Coffee & tea,,$7.00,,,"$0.14 per 1ea
Was $8.50 on May 2024",6818989,"Multi-origin blend including tea from: 
Africa
Fresh-tasting
India
Full-bodied
Compostable tea bags

Estd. 1706 London
At Twinings, our master blenders have been blending quality teas for over 300 years. 
Each blend is created with the finest ingredients to deliver a superior experience in every cup.",,,,Black Tea.,https://www.coles.com.au/product/twinings-english-breakfast-tea-bags-50-pack-100g-6818989,,,2024-06-16T15:41:09.013205-04:00
Ind54SColes_ADrinks_SATea_IT2 Sweetest Dream Tea Bags | 25 pack,T2 Sweetest Dream Tea Bags | 25 pack,T2,Drinks,Tea,Herbal,,,,,,8067264,"Sweet dreams are made of this. Chamomile, apple, silver lime flowers and lavender create a beautiful aroma and pretty brew that's bursting with sweet floral notes.
Gentle notes of mellow sweetness, fruits and florals.
Soothe and calm yourself, by sipping this tea in the evening.
Best brewed for 3-5 minutes using freshly boiled water. One teaspoon per cup. Perfect on its own.
This feel-good cup is perfect as a hot tea for a soothing evening.

25 teabags of premium herbal ingredients, including apple, chamomile, and lavender.

This tea is sealed fresh inside a compostable plastic bag packed into a colourful recyclable cardboard box.

Store in a cool, dry place.

T2 Tea is sourced from the finest seasonal ingredients from around the world.

Our expert tea blenders source only the finest quality premium loose leaf tea..

Our teabags are made from food-grade corn starch..

They are recyclable and compostable, too..",,,,"Chamomile (25%), silver lime flowers (21%), apple (20.6%), rose petals, sweet blackberry leaves, chicory root, acidifier: citric acid (E330), lavender (3%), rosemary, cornflower petals, natural and artificial flavouring",https://www.coles.com.au/product/t2-sweetest-dream-tea-bags-25-pack-8067264,,,2024-06-16T15:41:17.899511-04:00
Ind54SColes_ADrinks_SATea_ITwining's Peppermint & Spearmint Infusions Tea Bags | 10 Pack,Twining's Peppermint & Spearmint Infusions Tea Bags | 10 Pack,Twinings,Drinks,Tea,Herbal,,$1.50,,$3.00,$0.15 per 1ea,2380219,"Double mint, double refreshment...

Blending the wonders of Peppermint & Spearmint leaves, we have created a truly minty herbal  infusion, sure to leave you feeling uplifted and refreshed when you need it most.

For more delightful flavoured herbal infusions, try our refreshing and zesty Peppermint & Lime.",,,"Per 100g/ml
Per Serving
%DI
Energy
10kJ
20kJ
Protein
<1g
<1g
Total Fat
<1g
<1g
Saturated Fat
<1g
<1g
Carbohydrate
<1g
<1g
Sugars
<1g
<1g
Sodium
5mg
10mg
* Percentage Daily Intakes are based on an average adult diet of 8700 kJ. Your daily intakes may be higher or lower depending on your energy needs.",,https://www.coles.com.au/product/twining's-peppermint-and-spearmint-infusions-tea-bags-10-pack-2380219,,,2024-06-16T15:41:28.730738-04:00
Ind54SColes_ADrinks_SATea_ITetley Natural Green Tea Bags 50 pack | 60g,Tetley Natural Green Tea Bags 50 pack | 60g,Tetley,Drinks,Tea,Green,,$4.70,,,$0.09 per 1ea,6058900,"With its calm, gentle and mellow flavour, the Tetley Natural Green Tea is the perfect feel-good brew. It has a light, refreshing taste that is never bitter or twisted.",,,,,https://www.coles.com.au/product/tetley-natural-green-tea-bags-50-pack-60g-6058900,,,2024-06-16T15:41:37.357465-04:00
Ind54SColes_ADrinks_SATea_ILipton English Breakfast Black Tea Bags | 100 pack,Lipton English Breakfast Black Tea Bags | 100 pack,Lipton,Drinks,Tea,Black,,$3.50,,$7.00,$0.04 per 1ea,3081315,"Lipton English Breakfast awakens your senses with this deliciously satisfying blend of rich and robust tea. Rich and Robust flavour in every rich cup of English Breakfast.

Say hello to the mornings and awaken your senses with this deliciously satisfying blend of rich and robust tea leaves from our own sustainable tea gardens in Kenya, Tanzania and more.

The world's full of wonder, embrace the bright heart of it with Lipton tea. Made with top sun-ripened tea leaves, freshly picked for their brightening, bold and aromatic flavour.

A sunny sip to awaken you to what the world has to offer to awaken you to the things that really matter.

Natural antioxidant

Low-caloric drink

Healthy Authentic taste

200 packs",,,,,https://www.coles.com.au/product/lipton-english-breakfast-black-tea-bags-100-pack-3081315,,,2024-06-16T15:41:47.378931-04:00
Ind54SColes_ADrinks_SABeverages_IQueen Victoria Earl Grey Tea Bags | 10 pack,Queen Victoria Earl Grey Tea Bags | 10 pack,Queen Victoria,Drinks,Beverages,Coffee & tea,,$1.20,,,"$0.12 per 1ea
Was $2.00 on Apr 2024",3984595,"Queen Victoria Teas are a noble range of high-quality teas celebrating the time honoured tea traditions dating back to the English aristocrats of the eighteenth century.
This quintessential British-style tea is infused with oil from the rind of bergamot orange creating a refreshing citrus flavour, with hints of orange, lemon, grapefruit and lime.
10 Enveloped Tea Bags.",,,,,https://www.coles.com.au/product/queen-victoria-earl-grey-tea-bags-10-pack-3984595,,,2024-06-16T15:41:56.007900-04:00
Ind54SColes_ADrinks_SATea_IQueen Victoria Vanilla Chai Tea Bags | 50 pack,Queen Victoria Vanilla Chai Tea Bags | 50 pack,Queen Victoria,Drinks,Tea,Chai,,$6.00,,,$0.12 per 1ea,3984744,"Queen Victoria Teas are a noble range of high-quality teas celebrating the time honoured tea traditions dating back to the English aristocrats of the eighteenth century.
An aromatic blend of black teas, sweet chai spices and bourbon vanilla, this is a vibrant tea perfect to warm you on cost winter evenings.
50 Tea Bags.",,,,,https://www.coles.com.au/product/queen-victoria-vanilla-chai-tea-bags-50-pack-3984744,,,2024-06-16T15:42:04.660366-04:00
Ind54SColes_ADrinks_SATea_ITwinings English Breakfast Tea Bags 10 pack | 20g,Twinings English Breakfast Tea Bags 10 pack | 20g,Twinings,Drinks,Tea,Black,,$1.50,,$3.00,$0.15 per 1ea,341770,"Multi-origin blend including tea from: 
Africa
Fresh-tasting
India
Full-bodied
Compostable tea bag

Estd. 1706 London
At Twinings, our master blenders have been blending quality teas for over 300 years. 
Each blend is created with the finest ingredients to deliver a superior experience in every cup.",,,,Black Tea.,https://www.coles.com.au/product/twinings-english-breakfast-tea-bags-10-pack-20g-341770,,,2024-06-16T15:42:13.869727-04:00
Ind54SColes_ADrinks_SABeverages_IQueen Victoria Lemon & Ginger Tea Bags | 10 pack,Queen Victoria Lemon & Ginger Tea Bags | 10 pack,Queen Victoria,Drinks,Beverages,Coffee & tea,,$1.20,,,"$0.12 per 1ea
Was $2.00 on Apr 2024",3984653,"Queen Victoria Teas are a noble range of high-quality teas celebrating the time honoured tea traditions dating back to the English aristocrats of the eighteenth century.
A calming, naturally caffeine-free blend that is rich in antioxidants, combining zesty lemon with ginger spiciness.
10 Enveloped Tea Bags.",,,,,https://www.coles.com.au/product/queen-victoria-lemon-and-ginger-tea-bags-10-pack-3984653,,,2024-06-16T15:42:22.825172-04:00
Ind54SColes_ADrinks_SATea_ITwinings French Earl Grey Tea Bags | 80 pack,Twinings French Earl Grey Tea Bags | 80 pack,Twinings,Drinks,Tea,Black,,$13.50,,,$0.17 per 1ea,6253712,"Black tea with added floral notes
Quality black tea
Hint of vanilla
Compostable tea bags

Estd. 1706 London
At Twinings, our master blenders have been blending quality teas for over 300 years. 
Each blend is created with the finest ingredients to deliver a superior experience in every cup.",,,,"Black Tea, Vanilla Flavour (6%), Bergamot Flavour (4%), Rose Petals (3%), Lavender (1%), Lemon Flavour.",https://www.coles.com.au/product/twinings-french-earl-grey-tea-bags-80-pack-6253712,,,2024-06-16T15:42:31.397183-04:00
Ind54SColes_ADrinks_SATea_ICelestial Seasonings Tea Bags Herb Sleepytime | 20 pack,Celestial Seasonings Tea Bags Herb Sleepytime | 20 pack,Celestial,Drinks,Tea,Herbal,,$4.50,,$6.50,$0.23 per 1ea,489454,,,,,,https://www.coles.com.au/product/celestial-seasonings-tea-bags-herb-sleepytime-20-pack-489454,,,2024-06-16T15:42:40.128952-04:00
Ind54SColes_ADrinks_SATea_ICelestial Seasonings Bengal Spice Tea Bags 20 pack | 47g,Celestial Seasonings Bengal Spice Tea Bags 20 pack | 47g,Celestial Seasonings,Drinks,Tea,Chai,,$5.20,,$6.50,$0.26 per 1ea,2601566,"Brimming with cinnamon, ginger, cardamom and cloves, this adventurous blend is our caffeine-free interpretation of chai, the piquant Indian brew traditionally made with black tea. Try it with milk and sugar for a true chai experience.",,,,"Cinnamon, Roasted Chicory, Roastewd Carob, Natural Spice and Vanilla Flavors with Other Natural Flavors, Ginger, Cardamom, Black Pepper, Cloves and Nutmeg.",https://www.coles.com.au/product/celestial-seasonings-bengal-spice-tea-bags-20-pack-47g-2601566,,,2024-06-16T15:42:48.944554-04:00
Ind54SColes_ADrinks_SATea_IT2 French Earl Grey Flavoured Black Tea Bags 25 pack | 50g,T2 French Earl Grey Flavoured Black Tea Bags 25 pack | 50g,T2,Drinks,Tea,Black,,$16.00,,,$0.64 per 1ea,3079200,"Earl Grey gets a French twist which is oh-so-fruity. A medium-bodied black tea base with pretty petals and notes of fruit that play with classic bergamot in an inspiring, bold and refined infusion.
Sweet fruits, rose, sunflower and hibiscus, with a touch of bergamot to leave you feeling fancy.
Brew for 2-3 minutes using freshly boiled water. Best drunk without milk due to the delicate floral flavours and light black tea base. A little slice of lemon will add a zesty finish and complement the heady, floral aroma.
The flavored tea is perfect for an afternoon pick-me-up or a morning tea ritual.

It can be enjoyed hot or cold over ice for a relaxing tea experience.

The tea leaves and bergamot oil create a dance of flavors that transport you to Paris with just one sip.

The tea comes sealed fresh in a compostable plastic bag packed in a colorful recyclable cardboard box.

For optimal freshness, store the tea in a cool, dry place.

T2 Tea uses only the finest quality premium loose leaf tea sourced from around the world..

Expert tea blenders create the perfect blend of seasonal ingredients for a superior tea drinking experience..

T2 Tea is environmentally friendly, with teabags made from food-grade corn starch that are both recyclable and compostable..",,,,,https://www.coles.com.au/product/t2-french-earl-grey-flavoured-black-tea-bags-25-pack-50g-3079200,,,2024-06-16T15:42:57.647049-04:00
Ind54SColes_ADrinks_SATea_ITwinings Earl Grey Tea Bags 100 pack | 200g,Twinings Earl Grey Tea Bags 100 pack | 200g,Twinings,Drinks,Tea,Black,,$13.50,,,$0.14 per 1ea,304763,"Black Tea with added Citrus notes
Quality black tea
Compostable tea bag

Estd. 1706 London
At Twinings, our master blenders have been blending quality teas for over 300 years. 
Each blend is created with the finest ingredients to deliver a superior experience in every cup. ",,,,"Black tea, Bergamot Flavours (3.5%).",https://www.coles.com.au/product/twinings-earl-grey-tea-bags-100-pack-200g-304763,,,2024-06-16T15:43:06.286899-04:00
Ind54SColes_ADrinks_SATea_IMadura Organic Green Tea Leaf | 150g,Madura Organic Green Tea Leaf | 150g,Madura,Drinks,Tea,Herbal,,,,,,2236030,"For those consumers looking for a certified organic alternative, this single origin, organic green tea from northern India is one we are confident will provide the sensory satisfaction of a refreshing, delicate green tea.",,,"Per 100g/ml
Per Serving
%DI
Energy
<0.06kj
<0.15kj
Protein
0g
0g
Total Fat
0g
0g
Saturated Fat
0g
0g
Carbohydrate
0g
0g
Sugars
9g
0g
Sodium
<0.05mg
<0.10mg
Energy (Cal)
0g
0g
* Percentage Daily Intakes are based on an average adult diet of 8700 kJ. Your daily intakes may be higher or lower depending on your energy needs.",,https://www.coles.com.au/product/madura-organic-green-tea-leaf-150g-2236030,,,2024-06-16T15:43:17.035229-04:00
Ind54SColes_ADrinks_SATea_IMadura Premium Blend Black Leaf Tea | 200g,Madura Premium Blend Black Leaf Tea | 200g,Madura,Drinks,Tea,Loose leaf,,$5.70,,$7.15,$2.85 per 100g,4705573,"Premium Blend
A selection of the finest teas from Sri Lanka, India, Southeast Asia and our own Australian estate, chosen at their peak, ensuring the quality of this, our most popular blend. A unique, full bodied, bright, strong tea, crafted to suit the fussiest of tea drinkers.
Highest awarded tea brand for taste in Australia

100% Australian owned and family operated - Brewing since 1978

At Madura Tea we grow, blend and pack to the highest Australian standards

Independently tested in Australia for purity and caffeine levels.",,,"Per 100g/ml
Per Serving
%DI
Energy
<0.06kJ
<0.15kJ
Protein
0g
0g
Total Fat
0g
0g
Saturated Fat
0g
0g
Carbohydrate
0g
0g
Sugars
0g
0g
Sodium
<0.05mg
<0.1mg
Caffeine
2.8g by Dry Weight
70mg by Dry Weight
* Percentage Daily Intakes are based on an average adult diet of 8700 kJ. Your daily intakes may be higher or lower depending on your energy needs.",,https://www.coles.com.au/product/madura-premium-blend-black-leaf-tea-200g-4705573,,,2024-06-16T15:43:28.763279-04:00
Ind54SColes_ADrinks_SATea_IBushells Extra Strong Leaf Tea | 250g,Bushells Extra Strong Leaf Tea | 250g,Bushells,Drinks,Tea,Loose leaf,,$4.00,,,$1.60 per 100g,6699143,"We all have friends, family or colleagues who might be struggling to open up. In fact, 1 in 3 Aussies feel stressed, anxious or sad and depressed every day, which means someone you know probably needs a bit of support.

That's why Bushells are proud supporters of Lifeline. Because nothing opens up a good conversation like a great cup of tea! There's no better time to talk than now!

Our classic Blue Label is a well-rounded tea for a good Australian cuppa any time of day. This distinctively smooth and full-flavoured tea blended to taste the same as the original Bushells launched in Queensland in 1883.

Australia's first tea company, Bushells have brewed full flavoured conversations and friendships for over 130 years. Bushells has a long tradition of bringing Australians together for a good chat over a great cuppa, blended especially for Aussie tastes.

We've been part of Australian life for over a century, and proud to be a familiar icon that Aussies have grown up with â a delicious taste of home. Bringing people together for a good chat and a great cuppa is our passion â which is why we support and reinvest in organisations that help ordinary Australians.

For those who enjoy a strong taste

Tasty tea created especially for Aussie palates

An even fuller, smoother, stronger cuppa.

Great for an authentic pot of tea with extra strong flavour

Also available in 100 pack

Bushells is committed to creating a high quality cuppa, with the full flavour Australians know and love.",,,,Black Tea,https://www.coles.com.au/product/bushells-extra-strong-leaf-tea-250g-6699143,,,2024-06-16T15:43:37.703507-04:00
Ind54SColes_ADrinks_SATea_IJust Rooibos African Tea Bags | 40 pack,Just Rooibos African Tea Bags | 40 pack,Just Rooibos,Drinks,Tea,Organic,,$7.00,,,$0.18 per 1ea,9161122,"Rooibos tea is a unique tea grown in the Cedarberg Mountains of South Africa. Made from the leaves of the rooibos (red bush) plant, which contain no caffeine, it has a distinctive aroma and slightly sweet flavour.",,,"Per 100g/ml
Per Serving
%DI
Energy
0kJ
0kJ
Protein
0g
0g
Total Fat
0g
0g
Saturated Fat
0g
0g
Carbohydrate
0g
0g
Sugars
0g
0g
Sodium
0mg
0mg
* Percentage Daily Intakes are based on an average adult diet of 8700 kJ. Your daily intakes may be higher or lower depending on your energy needs.",,https://www.coles.com.au/product/just-rooibos-african-tea-bags-40-pack-9161122,,,2024-06-16T15:43:48.593994-04:00
Ind54SColes_ADrinks_SATea_ITwining's Pure Camomile Infusions Tea Bags | 10 pack,Twining's Pure Camomile Infusions Tea Bags | 10 pack,Twinings,Drinks,Tea,Herbal,,$1.50,,$3.00,$0.15 per 1ea,2469480,"A moment's peace and quiet...

We think that a cup of our soothing, Pure Camomile is just what you need to bring about a little calm into your hectic day. So take a break to sip this gentle blend, enjoy the aroma and slow the pace of your day.

For more delightful herbal infusions, try our soothing and minty Camomile & Spearmint.",,,,Camomile,https://www.coles.com.au/product/twining's-pure-camomile-infusions-tea-bags-10-pack-2469480,,,2024-06-16T15:43:57.580694-04:00
Ind54SColes_ADrinks_SATea_IDilmah Extra Strength Paper Envelope Tea Bags | 10 each,Dilmah Extra Strength Paper Envelope Tea Bags | 10 each,Dilmah,Drinks,Tea,Black,,,,,,8082654,"Finely balanced richness, flavour, strength and aroma for the perfect cup of tea, with more tea per teabag for a stronger brew. Our Premium tea is sourced from a single origin; the central highlands of Sri Lanka, reputed for its brightness and medium strength. Pure Ceylon Broken Orange Pekoe (BOPF) produces a pleasing brew, ideal for everyday drinking. The Dilmah Premium Ceylon Tea range introduces tea lovers to the romance of real Ceylon tea. This Premium Ceylon Extra Strength Black Tea product consists of 10 Individually Wrapped tea bags.",,,,Product of Sri Lanka. 100% Pure Ceylon Black Tea,https://www.coles.com.au/product/dilmah-extra-strength-paper-envelope-tea-bags-10-each-8082654,,,2024-06-16T15:44:06.382427-04:00
Ind54SColes_ADrinks_SATea_IQueen Victoria English Breakfast Extra Strong Tea Bags | 50 pack,Queen Victoria English Breakfast Extra Strong Tea Bags | 50 pack,Queen Victoria,Drinks,Tea,Black,,$6.00,,,$0.12 per 1ea,3984686,"Queen Victoria Teas are a noble range of high-quality teas celebrating the time honoured tea traditions dating back to the English aristocrats of the eighteenth century.
A richer variation to our classic English Breakfast tea, this blend has an added intensity to deliver an even bolder cup.
50 Tea Bags.",,,,,https://www.coles.com.au/product/queen-victoria-english-breakfast-extra-strong-tea-bags-50-pack-3984686,,,2024-06-16T15:44:15.396677-04:00
Ind54SColes_ADrinks_SATea_IChatime Peach Iced Bubble Tea | 4 pack,Chatime Peach Iced Bubble Tea | 4 pack,Chatime,Drinks,Tea,Bubble tea,,$10.00,,,$2.50 per 1ea,5578959,,,,,"Peach Black Tea- Sugar, peach juice powder (sugar, maltodextrin, peach juice concentrate, citric acid (E330)), sodium citrate (E331 (iii)), flavour (flavour, invert sugar, caramel colours (E150a)), B-carotene (E160a (i)))(20.0%), flavour, black tea powder (1.25%), citric acid (E330), maltodextrin.Strawberry Popping Pearls- Water, high fructose corn syrup, strawberry juice, calcium lactate (E327), acetylated distarch adipate (E1422), sodium alginate (E401), citric acid (E330), flavour, guar gum (E412), xanthan gun (E415), potassium sorbate (preservative, E202), sucralose (sweetener, E955) allura red AC (food colour, E129)Mango Popping Pearls- Water, high fructose corn syrup, mango juice, calcium lactate (E327), acetylated distarch adipate (E1422), sodium alginate (E401), citric acid (E330), flavour, guar gum (E412), xanthan gum (E415), potassium sorbate (preservative, E202), sucralose (sweetener, E955), tartrazine (food colour, E102), sunset yellow FCF (food colour, E110).",https://www.coles.com.au/product/chatime-peach-iced-bubble-tea-4-pack-5578959,,,2024-06-16T15:44:24.443013-04:00
Ind54SColes_ADrinks_SATea_ITwinings Infused Camomile & Spiced Apple Tea Bags | 10 pack,Twinings Infused Camomile & Spiced Apple Tea Bags | 10 pack,Twinings,Drinks,Tea,Herbal,,$1.50,,$3.00,$0.15 per 1ea,2006121,"Ready and waiting to help you along your way...

Camomile & Spiced Apple is a delicate and soothing blend, pairing a subtle floral taste with the fragrant notes of sweet apple seasoned with cinnamon and cardamom. It's the perfect excuse for you to put your feet up, and goes hand-in-hand with a good book too!",,,,"Camomile, Apple Flavouring (16%), Cinnamon (11%), Cardamom (2%), Clove (2%).",https://www.coles.com.au/product/twinings-infused-camomile-and-spiced-apple-tea-bags-10-pack-2006121,,,2024-06-16T15:44:33.281157-04:00
Ind54SColes_ADrinks_SATea_IQueen Victoria Peppermint Tea Bags | 100 pack,Queen Victoria Peppermint Tea Bags | 100 pack,Queen Victoria,Drinks,Tea,Herbal,,$5.50,,$11.00,$0.06 per 1ea,3984799,"Queen Victoria Teas are a noble range of high-quality teas celebrating the time honoured tea traditions dating back to the English aristocrats of the eighteenth century.
Naturally caffeine-free, our peppermint blend is a refreshing tea with a well-rounded flavour and a sweet, delicate taste.
100 Tea Bags.",,,,,https://www.coles.com.au/product/queen-victoria-peppermint-tea-bags-100-pack-3984799,,,2024-06-16T15:44:42.312974-04:00
Ind54SColes_ADrinks_SATea_IPukka Three Mint Herbal Tea Sachets 20 pack | 32g,Pukka Three Mint Herbal Tea Sachets 20 pack | 32g,Pukka,Drinks,Tea,Herbal,,$8.50,,,$0.43 per 1ea,3248807,"Three Mint tea, the refreshing hero of the palate. Just imagine three types of mint together - finely-chopped spearmint, fieldmint and peppermint - the cool suddenly becomes more vibrant. The sweetness more supreme. And the 'you' it leaves behind, as crisp and clean as the brightest day. Good News for refreshing the palate.

Infuse for up to 15 minutes. Boiling just the water you need helps make every cup of Pukka tea as sustainable as it can be. Every Pukka plastic-free tea bag comes in its own recyclable envelope to retain the essential oils in our organic herbs. Each bag has two chambers, allowing these incredible herbs to flow and release the full potency in your cup. To help the flavours to fully disperse, pour boiling water directly on the bag. Every herb loves the water, so leave them to steep for the perfect brew. And remember to boil just the amount of water you need to make your cuppa as environmentally-friendly as it can be. Deliciousness knows no deeper colour.

At Pukka, our heartfelt desire is to create a healthier, happier world through the incredible power of organic herbs. We hope you feel inspired to discover more about yourself and the beautiful planet on which we all live. Doing good things helps make good things happen. We create things that help you, help nature and everything in-between. It's called conservation through commerce - striving to positively change the world for you, business and the planet.",,,,,https://www.coles.com.au/product/pukka-three-mint-herbal-tea-sachets-20-pack-32g-3248807,,,2024-06-16T15:44:51.305839-04:00
Ind54SColes_ADrinks_SABeverages_ITwining's Camomile Honey & Vanilla Infusions Tea Bags | 40 pack,Twining's Camomile Honey & Vanilla Infusions Tea Bags | 40 pack,Twinings,Drinks,Beverages,Coffee & tea,,$7.00,,,"$0.18 per 1ea
Was $8.50 on May 2024",3708667,"No added colours
Compostable tea bags. 

Estd. 1706 London
At Twinings, we have been blending and brewring the best of nature for over 300 years. 
Our master blenders and herbalists expertly select and blend the finest ingredients to enrich your wellbeing every day.",,,,"Camomile (89%), Honey Flavour (4%), Vanilla Flavour (4%), Caramel Flavour, Honey-flavour Pieces (0.5%).",https://www.coles.com.au/product/twining's-camomile-honey-and-vanilla-infusions-tea-bags-40-pack-3708667,,,2024-06-16T15:45:00.561920-04:00
Ind54SColes_ADrinks_SATea_IColes Cup Tea Bags 100 Pack | 185g,Coles Cup Tea Bags 100 Pack | 185g,Coles,Drinks,Tea,Black,,$1.90,,,$0.02 per 1ea,2389290,Quality black tea,,,,,https://www.coles.com.au/product/coles-cup-tea-bags-100-pack-185g-2389290,,,2024-06-16T15:45:09.410896-04:00
Ind54SColes_ADrinks_SATea_IT2 Peppermint Tea Bags | 25 pack,T2 Peppermint Tea Bags | 25 pack,T2,Drinks,Tea,Herbal,,$13.00,,,$0.52 per 1ea,3081268,"A well-rounded flavour captures the sweet essence of all things minty with a cool lingering aroma to freshen your day. A fresh and uplifting golden-green infusion with a sensationally minty, sweet, smooth taste.
A herbal tea with light, sweet and refreshing notes.
Soothe and calm yourself, by sipping this tea in the evening.
Best brewed 2-3 minutes using freshly boiled water. Perfect on its own.
Just Peppermint is an all-rounder tea for any time of the day

Can be enjoyed hot or over ice

Sweet mint flavor to perk you up or help unwind

Packed in compostable plastic bag inside a colorful, recyclable cardboard box

Sourced from finest seasonal ingredients around the world

Premium loose leaf tea and food-grade corn starch teabags, recyclable and compostable.",,,,Peppermint,https://www.coles.com.au/product/t2-peppermint-tea-bags-25-pack-3081268,,,2024-06-16T15:45:18.321221-04:00
Ind54SColes_ADrinks_SATea_ITwinings Camomile Honey And Vanilla Infusions Tea Bags | 10 pack,Twinings Camomile Honey And Vanilla Infusions Tea Bags | 10 pack,Twinings,Drinks,Tea,Herbal,,$1.50,,$3.00,$0.15 per 1ea,8729551,"A delicious treat just for you...

Our blenders have expertly balanced our Camomile, Honey & Vanilla infusion. Sweet and mellow, it's perfect for times when you need to come back to yourself. Take your time, savour this blend and create d special moment you can call your own.

For more delightful flavoured herbal infusions, try our zesty and warming Lemon & Ginger.",,,"Per 100g/ml
Per Serving
%DI
Energy
10kJ
20kJ
Protein
<1g
<1g
Total Fat
<1g
<1g
Saturated Fat
<1g
<1g
Carbohydrate
<1g
<1g
Sugars
<1g
<1g
Sodium
5mg
10mg
* Percentage Daily Intakes are based on an average adult diet of 8700 kJ. Your daily intakes may be higher or lower depending on your energy needs.",,https://www.coles.com.au/product/twinings-camomile-honey-and-vanilla-infusions-tea-bags-10-pack-8729551,,,2024-06-16T15:45:29.413948-04:00
Ind54SColes_ADrinks_SATea_ITwinings Livewell Metabolism + Zinc Tea Bag | 20 pack,Twinings Livewell Metabolism + Zinc Tea Bag | 20 pack,Twinings,Drinks,Tea,Herbal,,$4.25,,$8.50,$0.21 per 1ea,6264515,"Living well should taste as good as it makes you feel. 

That's why we carefully select the finest ingredients to create a range of drinks that help make daily wellbeing deliciously enjoyable. 

Metabolism

We all strive to feel confident and energised every day which is the inspiration behind this carefully crafted blend.

A combination of herbal ingredients including peppermint, green tea, ginger and cinnamon create a refreshing and invigorating blend with added Zinc contributing to your normal macronutrient metabolism.

Sourced With Care
Twinings of London

At Twinings, we recognise our responsibility to source ethically and our ability to act as a force for good by improving conditions in our supply chain. 

Our Sourced with Care programme aims to do just that. Everyone has the right to a decent quality of life and we work to make this a reality in the communities from which we source our materials. Our programmes empower women, enable better access to water and sanitation, and improve livelihoods in the communities in our supply chain. 

Find out more at www.sourcedwithcare.com

Here's four tips you can incorporate into your day to maintain overall health and support metabolic wellness: 

1. Select foods for their good nutrition and taste
2. Don't starve your body of food when you get those hunger cues
3. Fuel your body with enough sleep and water every day
4. Support your health and wellness rituals with a Twinings Live Well Metabolism tea",,,"Per 100g/ml
Per Serving
%DI
Energy
3kJ
7kJ
0
Protein
<1g
<1g
0
Total Fat
<1g
<1g
0
Saturated Fat
<1g
<1g
0
Carbohydrate
<1g
<1g
0
Sugars
<1g
<1g
0
Sodium
<5mg
<5mg
0
Monounsaturated
0
0
0
Energy (Cal)
0
0
0
Dietary Fibre (total)
0
0
0
Polyunsaturated
0
0
0
Trans
0
0
0
* Percentage Daily Intakes are based on an average adult diet of 8700 kJ. Your daily intakes may be higher or lower depending on your energy needs.",,https://www.coles.com.au/product/twinings-livewell-metabolism-+-zinc-tea-bag-20-pack-6264515,,,2024-06-16T15:45:40.656948-04:00
Ind54SColes_ADrinks_SABeverages_ITwinings Pure Green Tea Bags 50 pack | 100g,Twinings Pure Green Tea Bags 50 pack | 100g,Twinings,Drinks,Beverages,Coffee & tea,,$7.00,,,"$0.14 per 1ea
Was $8.50 on May 2024",5823291,"No added colours or flavours
Made with natural ingredients
Compostable tea bags

Estd. 1706 London
At Twinings, we have been blending and brewring the best of nature for over 300 years. 
Our master blenders and herbalists expertly select and blend the finest ingredients to enrich your wellbeing every day. ",,,,Green Tea.,https://www.coles.com.au/product/twinings-pure-green-tea-bags-50-pack-100g-5823291,,,2024-06-16T15:45:51.137145-04:00
Ind54SColes_ADrinks_SATea_ITwinings Lemon & Ginger Infusions Tea Bags 80 pack | 120g,Twinings Lemon & Ginger Infusions Tea Bags 80 pack | 120g,Twinings,Drinks,Tea,Herbal,,$13.50,,,$0.17 per 1ea,2245563,"A moment of warmth & comfort...

Our Lemon & Ginger is packed with zesty lemon and warming ginger root, perfect to help revitalise your senses. Delivering a moment of warmth & comfort, this blend is wonderful to sip in all seasons. Take a moment to enjoy this wonderful infusion.

For more delightful herbal infusions, try our soothing & gentle Pure Camomile.

In 1706, Thomas Twining started selling tea. More than 300 years on, the Twinings' tradition continues with our finest blends for you to enjoy every day.",,,"Per 100g/ml
Per Serving
%DI
Energy
10kJ
20kJ
Protein
<1g
<1g
Total Fat
<1g
<1g
Saturated Fat
<1g
<1g
Carbohydrate
<1g
<1g
Sugars
<1g
<1g
Sodium
5mg
10mg
* Percentage Daily Intakes are based on an average adult diet of 8700 kJ. Your daily intakes may be higher or lower depending on your energy needs.",,https://www.coles.com.au/product/twinings-lemon-and-ginger-infusions-tea-bags-80-pack-120g-2245563,,,2024-06-16T15:46:02.261595-04:00
Ind54SColes_ADrinks_SATea_IDilmah Premium Pure Ceylon Tea Bags 200 pack | 400g,Dilmah Premium Pure Ceylon Tea Bags 200 pack | 400g,Dilmah,Drinks,Tea,Black,,$14.00,,,$0.07 per 1ea,3248884,"Finely balanced richness, flavour, strength and aroma for the perfect cup of tea. Our Premium tea is sourced from a single origin; the central highlands of Sri Lanka, reputed for its brightness and medium strength. Pure Ceylon Broken Orange Pekoe (BOPF) produces a pleasing brew, ideal for everyday drinking. The Dilmah Premium Ceylon Tea range introduces tea lovers to the romance of real Ceylon tea. This Premium Ceylon Black Tea product consists of 200 tea bags.",,,,,https://www.coles.com.au/product/dilmah-premium-pure-ceylon-tea-bags-200-pack-400g-3248884,,,2024-06-16T15:46:12.588846-04:00
Ind54SColes_ADrinks_SATea_IColes Pot Tea Bags 100 Pack | 185g,Coles Pot Tea Bags 100 Pack | 185g,Coles,Drinks,Tea,Black,,$1.90,,,$0.02 per 1ea,2374216,"Rainforest Alliance Certified (TM) farms meet comprehensive standards for sustainable agriculture to benefit farm families and their communities, wildlife and the environment.",,,,INGREDIENTS:Rainforest Alliance Certified Black Tea.,https://www.coles.com.au/product/coles-pot-tea-bags-100-pack-185g-2374216,,,2024-06-16T15:46:22.429557-04:00
Ind54SColes_ADrinks_SATea_ITaylors of Harrogate Yorkshire Black Tea Bags 100 pack | 220g,Taylors of Harrogate Yorkshire Black Tea Bags 100 pack | 220g,Taylors of Harrogate,Drinks,Tea,Black,,$6.30,,,$0.06 per 1ea,1417368,,,,,,https://www.coles.com.au/product/taylors-of-harrogate-yorkshire-black-tea-bags-100-pack-220g-1417368,,,2024-06-16T15:46:31.500448-04:00
Ind54SColes_ADrinks_SATea_IMadura English Breakfast Tea Bags 50 pack | 100g,Madura English Breakfast Tea Bags 50 pack | 100g,Madura,Drinks,Tea,Black,,$4.70,,$5.90,$0.09 per 1ea,5483943,"English Breakfast
A classic blend of pure Sri Lankan and Indian teas, crafted to produce a balanced fusion of colour and strength for which Madura English Breakfast tea is renowned. Particularly suited to affording a refreshing start to the day or to enjoy with light meals or snacks.
Highest awarded tea brand for taste in Australia

100% Australian owned and family operated - Brewing since 1978

At Madura Tea we grow, blend and pack to the highest Australian standards

Independently tested in Australia for purity and caffeine levels.",,,"Per 100g/ml
Per Serving
%DI
Energy
<0.06kJ
<0.15kJ
0
Protein
0g
0g
0
Total Fat
0g
0g
0
Saturated Fat
0g
0g
0
Carbohydrate
0g
0g
0
Sugars
0g
0g
0
Sodium
<0.05mg
<0.10mg
0
Monounsaturated
0
0
0
Energy (Cal)
0
0
0
Dietary Fibre (total)
0
0
0
Polyunsaturated
0
0
0
Trans
0
0
0
Caffeine
2.8g by Dry Weight
56mg by Dry Weight
0
* Percentage Daily Intakes are based on an average adult diet of 8700 kJ. Your daily intakes may be higher or lower depending on your energy needs.",,https://www.coles.com.au/product/madura-english-breakfast-tea-bags-50-pack-100g-5483943,,,2024-06-16T15:46:43.039681-04:00
Ind54SColes_ADrinks_SATea_IChatime Mango Iced Bubble Tea | 4 pack,Chatime Mango Iced Bubble Tea | 4 pack,Chatime,Drinks,Tea,Bubble tea,,$10.00,,,$2.50 per 1ea,5579000,,,,,,https://www.coles.com.au/product/chatime-mango-iced-bubble-tea-4-pack-5579000,,,2024-06-16T15:46:51.948338-04:00
Ind54SColes_ADrinks_SATea_ITwinings Pure Green Tea Bags 10 pack | 15g,Twinings Pure Green Tea Bags 10 pack | 15g,Twinings,Drinks,Tea,Green,,$1.50,,$3.00,$0.15 per 1ea,7127440,"To positive living, one tea cup at a time...
Let's drink to the fact that our Pure Green Tea has been crafted by our master blenders to deliver a fragrant and invigorating blend. Delicious with every sip, this tea will have you seeing the world in a beautiful glow.",,,,Green Tea.,https://www.coles.com.au/product/twinings-pure-green-tea-bags-10-pack-15g-7127440,,,2024-06-16T15:47:01.137614-04:00
Ind54SColes_ADrinks_SATea_ITwinings Live Well Focus Tea Bags | 22 pack,Twinings Live Well Focus Tea Bags | 22 pack,Twinings,Drinks,Tea,Herbal,,$4.25,,$8.50,$0.19 per 1ea,4986155,"Focus

Brighten your day with a perfect combination of peppermint, green tea and guarana. 

Take a moment and find your focus throughout the day with this smooth and refreshing blend. 
Twinings of London. Sourced with care. 

Living well should taste as good as it makes you feel. 

That's why we carefully select the finest ingredients to create a range of drinks that help make daily wellbeing deliciously enjoyable.

No artificial colours. ",,,"Per 100g/ml
Per Serving
%DI
Energy
9kJ
17kJ
Protein
<1g
<1g
Total Fat
<1g
<1g
Saturated Fat
<1g
<1g
Carbohydrate
<1g
<1g
Sugars
<1g
<1g
Sodium
5mg
10mg
Caffeine
3mg
5mg
* Percentage Daily Intakes are based on an average adult diet of 8700 kJ. Your daily intakes may be higher or lower depending on your energy needs.",,https://www.coles.com.au/product/twinings-live-well-focus-tea-bags-22-pack-4986155,,,2024-06-16T15:47:12.214877-04:00
Ind54SColes_ADrinks_SABeverages_IQueen Victoria English Breakfast Tea Bags | 10 pack,Queen Victoria English Breakfast Tea Bags | 10 pack,Queen Victoria,Drinks,Beverages,Coffee & tea,,$1.20,,,"$0.12 per 1ea
Was $2.00 on Apr 2024",3984562,"Queen Victoria Teas are a noble range of high-quality teas celebrating the time honoured tea traditions dating back to the English aristocrats of the eighteenth century.
The British tradition of enjoying a blend of strong black teas at breakfast goes back centuries. Our classic English Breakfast tea is full-bodied, bright and bold, with a malted finish.
10 Enveloped Tea Bags.",,,,,https://www.coles.com.au/product/queen-victoria-english-breakfast-tea-bags-10-pack-3984562,,,2024-06-16T15:47:21.809677-04:00
Ind54SColes_ADrinks_SATea_ITetley All Rounder Pure Black Tea Bags 200 pack | 400g,Tetley All Rounder Pure Black Tea Bags 200 pack | 400g,Tetley,Drinks,Tea,Black,,$6.90,,,$0.03 per 1ea,7752060,,,,,,https://www.coles.com.au/product/tetley-all-rounder-pure-black-tea-bags-200-pack-400g-7752060,,,2024-06-16T15:47:30.679009-04:00
Ind54SColes_ADrinks_SATea_IRed Seal Raspberry & Strawberry Hot Or Cold Brew Tea Bags | 20 pack,Red Seal Raspberry & Strawberry Hot Or Cold Brew Tea Bags | 20 pack,Red Seal,Drinks,Tea,Herbal,,$4.50,,,$0.23 per 1ea,3450331,"Red Seal fruit teas brews in hot and cold water. Contains no calories, gluten, articial sweeteners or caffeine",,,,"Hibiscus, Apple, Rosehip, orange peel, natural flavourings, natural sweetener (Steviol Glycosides) Raspberry pieces, Strawberry pieces",https://www.coles.com.au/product/red-seal-raspberry-and-strawberry-hot-or-cold-brew-tea-bags-20-pack-3450331,,,2024-06-16T15:47:39.758853-04:00
Ind54SColes_ADrinks_SATea_IYorkshire Tea Biscuit Brew Tea Bags | 40 pack,Yorkshire Tea Biscuit Brew Tea Bags | 40 pack,Yorkshire,Drinks,Tea,Black,,$6.50,,$9.50,$0.16 per 1ea,6320616,"Here's a miraculous tea that tastes like biscuits - because when those two flavours combine, the resulting deliciousness creates a wave of happiness big enough to power an entire human being! It's a magical mug of biscuity FLAVOUR goodness that doesn't get crumbs on your jumper. *100% of the tea in this product comes from Rainforest Alliance Certified farms. We are a member of Ethical Tea Partnership.",,,,,https://www.coles.com.au/product/yorkshire-tea-biscuit-brew-tea-bags-40-pack-6320616,,,2024-06-16T15:47:48.672596-04:00
Ind54SColes_ADrinks_SATea_IAvalanche 99% Sugar Free Chai Latte | 200g,Avalanche 99% Sugar Free Chai Latte | 200g,Avalanche,Drinks,Tea,Chai,,$4.40,,$5.50,$2.20 per 100g,4963397,AVALANCHE 99% SUGAR FREE CHAI LATTE,,,,,https://www.coles.com.au/product/avalanche-99percent-sugar-free-chai-latte-200g-4963397,,,2024-06-16T15:47:57.704996-04:00
Ind54SColes_ADrinks_SATea_IDilmah Pure Ceylon Extra Strength Tea Bags 100 pack | 240g,Dilmah Pure Ceylon Extra Strength Tea Bags 100 pack | 240g,Dilmah,Drinks,Tea,Black,,$6.15,,$8.80,$0.06 per 1ea,9505163,"Finely balanced richness, flavour, strength and aroma for the perfect cup of tea, with more tea per teabag for a stronger brew. Our Premium tea is sourced from a single origin; the central highlands of Sri Lanka, reputed for its brightness and medium strength. Pure Ceylon Broken Orange Pekoe (BOPF) produces a pleasing brew, ideal for everyday drinking. The Dilmah Premium Ceylon Tea range introduces tea lovers to the romance of real Ceylon tea. This Premium Ceylon Extra Strength Black Tea product consists of 100 tea bags.",,,,"Pure Ceylon Black tea, no additives. All natural.",https://www.coles.com.au/product/dilmah-pure-ceylon-extra-strength-tea-bags-100-pack-240g-9505163,,,2024-06-16T15:48:08.415720-04:00
Ind54SColes_ADrinks_SATea_IPukka Night Time Tea Sachets 20 pack | 20g,Pukka Night Time Tea Sachets 20 pack | 20g,Pukka,Drinks,Tea,Herbal,,$8.50,,,$0.43 per 1ea,3248771,"Night Time tea is a magical cup of wisdom from the years of experience of our Master Herbsmith Sebastian Pole. It's a combination of a sleepy crush of oat flower, soothing lavender, and silky-sweet limeflower together with the magic of valerian. The perfect cup before bedtime. The perfect sleep tea. Sweet dreams are made of this.

Naturally caffeine free, ethically sourced, 100% organically grown ingredients. Every Pukka plastic-free tea bag comes in its own recyclable envelope to retain the essential oils in our organic herbs. Each bag has two chambers, allowing these incredible herbs to flow and release the full potency in your cup. To help the flavours to fully disperse, pour boiling water directly on the bag. Every herb loves the water, so leave them to steep for the perfect brew. And remember to boil just the amount of water you need to make your cuppa as environmentally-friendly as it can be.

At Pukka, our heartfelt desire is to create a healthier, happier world through the incredible power of organic herbs. We hope you feel inspired to discover more about yourself and the beautiful planet on which we all live. Doing good things helps make good things happen. We create things that help you, help nature and everything in-between. It's called conservation through commerce - striving to positively change the world for you, business and the planet. Giving back 1% for the Planet, Fair for Life and FairWild certified.",,,,"Oat flowering tops (30%), licorice root, chamomile flower, lavender flower (14%), lime flower (10%), valerian root, tulsi leaf.",https://www.coles.com.au/product/pukka-night-time-tea-sachets-20-pack-20g-3248771,,,2024-06-16T15:48:17.312454-04:00
Ind54SColes_ADrinks_SATea_IMadura Earl Grey Tea Bags 50 pack | 100g,Madura Earl Grey Tea Bags 50 pack | 100g,Madura,Drinks,Tea,Black,,$4.70,,$5.90,$0.09 per 1ea,5483932,"Earl Grey
Madura Earl Grey is a traditional blend of Sri Lankan and Indian teas delicately fragranced with Bergamot, achieving a balance between the flavour of the tea and the fruit. Crafted for the discerning tea drinker who enjoys the subtlety flavours can bring to tea.
Highest awarded tea brand for taste in Australia

100% Australian owned and family operated - Brewing since 1978

At Madura Tea we grow, blend and pack to the highest Australian standards

Independently tested in Australia for purity and caffeine levels.",,,"Per 100g/ml
Per Serving
%DI
Energy
<0.06kJ
<0.15kJ
0
Protein
0g
0g
0
Total Fat
0g
0g
0
Saturated Fat
0g
0g
0
Carbohydrate
0g
0g
0
Sugars
0g
0g
0
Sodium
<0.05mg
<0.10mg
0
Monounsaturated
0
0
0
Energy (Cal)
0
0
0
Dietary Fibre (total)
0
0
0
Polyunsaturated
0
0
0
Trans
0
0
0
Caffeine
2.7g by Dry Weight
54mg by Dry Weight
0
* Percentage Daily Intakes are based on an average adult diet of 8700 kJ. Your daily intakes may be higher or lower depending on your energy needs.","Black Tea, Bergamot Flavours",https://www.coles.com.au/product/madura-earl-grey-tea-bags-50-pack-100g-5483932,,,2024-06-16T15:48:28.963981-04:00
Ind54SColes_ADrinks_SATea_ITwinings English Breakfast Extra Strong Tea Bags 80 pack | 200g,Twinings English Breakfast Extra Strong Tea Bags 80 pack | 200g,Twinings,Drinks,Tea,Black,,$13.50,,,$0.17 per 1ea,2236788,"Multi-origin blend including tea from: 
Africa 
Bold
India
Full-bodied
Compostable tea bags

Estd. 1706 London
At Twinings, our master blenders have been blending quality teas for over 300 years. 
Each blend is created with the finest ingredients to deliver a superior experience in every cup. ",,,,Black Tea.,https://www.coles.com.au/product/twinings-english-breakfast-extra-strong-tea-bags-80-pack-200g-2236788,,,2024-06-16T15:48:38.147611-04:00
Ind54SColes_ADrinks_SATea_ITwinings Assam Bold Tea Bags 80 pack | 200g,Twinings Assam Bold Tea Bags 80 pack | 200g,Twinings,Drinks,Tea,Black,,$13.50,,,$0.17 per 1ea,9896060,"Single origin blend of tea from: 
India 
Malty, strong, smooth
Compostable tea bags

Estd. 1706 London
At Twinings, our master blenders have been blending quality teas for over 300 years. 
Each blend is created with the finest ingredients to deliver a superior experience in every cup. ",,,,Black Tea.,https://www.coles.com.au/product/twinings-assam-bold-tea-bags-80-pack-200g-9896060,,,2024-06-16T15:48:47.642412-04:00
Ind54SColes_ADrinks_SATea_IIto En Matcha Traditional Green Tea Bags 20 Pack | 30g,Ito En Matcha Traditional Green Tea Bags 20 Pack | 30g,Ito En,Drinks,Tea,Green,,$6.00,,,$0.30 per 1ea,3247291,"Matcha is Japan's special powdered green tea traditionally used in Japanese tea ceremony. Milled from high quality tea leaves, Matcha provides the full health benefits of the entire tea leaf.
Matcha green tea is considered Japan's most classic and popular beverage. Natural with no added colours or flavours, this premium green tea features a beautiful aroma and mellow, yet bold taste. The unique blend of matcha and whole tea leaves gives a rich and vibrant green infusion like no other.",,,,"Green Tea (95%), Matcha (5%)",https://www.coles.com.au/product/ito-en-matcha-traditional-green-tea-bags-20-pack-30g-3247291,,,2024-06-16T15:48:56.974832-04:00
Ind54SColes_ADrinks_SATea_IChatime Brown Sugar Milk Bubble Tea | 4 pack,Chatime Brown Sugar Milk Bubble Tea | 4 pack,Chatime,Drinks,Tea,Bubble tea,,$10.00,,,$2.50 per 1ea,5579102,,,,,,https://www.coles.com.au/product/chatime-brown-sugar-milk-bubble-tea-4-pack-5579102,,,2024-06-16T15:49:06.987185-04:00
Ind54SColes_ADrinks_SATea_IMadura English Breakfast Leaf Tea | 200g,Madura English Breakfast Leaf Tea | 200g,Madura,Drinks,Tea,Loose leaf,,$5.70,,$7.15,$2.85 per 100g,9723958,"English Breakfast
A classic blend of pure Sri Lankan and Indian teas, crafted to produce a balanced fusion of colour and strength for which Madura English Breakfast tea is renowned. Particularly suited to affording a refreshing start to the day or to enjoy with light meals or snacks.
Highest awarded tea brand for taste in Australia

100% Australian owned and family operated - Brewing since 1978

At Madura Tea we grow, blend and pack to the highest Australian standards

Independently tested in Australia for purity and caffeine levels.",,,"Per 100g/ml
Per Serving
%DI
Energy
<0.06kJ
<0.15kJ
0
Protein
0g
0g
0
Total Fat
0g
0g
0
Saturated Fat
0g
0g
0
Carbohydrate
0g
0g
0
Sugars
0g
0g
0
Sodium
<0.05mg
<0.10mg
0
Monounsaturated
0
0
0
Energy (Cal)
0
0
0
Dietary Fibre (total)
0
0
0
Polyunsaturated
0
0
0
Trans
0
0
0
Caffeine
2.8g by Dry Weight
70mg by Dry Weight
0
* Percentage Daily Intakes are based on an average adult diet of 8700 kJ. Your daily intakes may be higher or lower depending on your energy needs.",,https://www.coles.com.au/product/madura-english-breakfast-leaf-tea-200g-9723958,,,2024-06-16T15:49:18.347535-04:00
Ind54SColes_ADrinks_SABeverages_ITwinings Green Tea & Lemon Tea Bags | 100g,Twinings Green Tea & Lemon Tea Bags | 100g,Twinings,Drinks,Beverages,Coffee & tea,,$7.00,,,"$0.14 per 1ea
Was $8.50 on May 2024",5060746,"No added colours or artificial flavours
Made with natural ingredients
Compostable tea bags

Estd. 1706 London
At Twinings, we have been blending and brewing the best of nature for over 300 years. 
Our master blenders and herbalists expertly select and blend the finest ingredients to enrich your wellbeing every day. ",,,,"Green Tea, Lemon Flavour (12%), Lemon Peel (1%).",https://www.coles.com.au/product/twinings-green-tea-and-lemon-tea-bags-100g-5060746,,,2024-06-16T15:49:28.147650-04:00
Ind54SColes_ADrinks_SATea_IQueen Victoria Lemon & Ginger Tea Bags | 50 pack,Queen Victoria Lemon & Ginger Tea Bags | 50 pack,Queen Victoria,Drinks,Tea,Herbal,,$6.00,,,$0.12 per 1ea,3984733,"Queen Victoria Teas are a noble range of high-quality teas celebrating the time honoured tea traditions dating back to the English aristocrats of the eighteenth century.
A calming, naturally caffeine-free blend that is rich in antioxidants, combining zesty lemon with ginger spiciness.
50 Tea Bags.",,,,,https://www.coles.com.au/product/queen-victoria-lemon-and-ginger-tea-bags-50-pack-3984733,,,2024-06-16T15:49:37.223239-04:00
Ind54SColes_ADrinks_SABeverages_IQueen Victoria Honey & Vanilla Camomile Tea Bags | 10 pack,Queen Victoria Honey & Vanilla Camomile Tea Bags | 10 pack,Queen Victoria,Drinks,Beverages,Coffee & tea,,$1.20,,,"$0.12 per 1ea
Was $2.00 on Apr 2024",3984609,"Queen Victoria Teas are a noble range of high-quality teas celebrating the time honoured tea traditions dating back to the English aristocrats of the eighteenth century.
We've crafted a soothing and mellow herbal tea blended with camomile and the naturally sweet flavours of vanilla and golden honey.
10 Enveloped Tea Bags.",,,,,https://www.coles.com.au/product/queen-victoria-honey-and-vanilla-camomile-tea-bags-10-pack-3984609,,,2024-06-16T15:49:46.743701-04:00
Ind54SColes_ADrinks_SATea_ITwinings English Breakfast Leaf Tea | 125g,Twinings English Breakfast Leaf Tea | 125g,Twinings,Drinks,Tea,Loose leaf,,$7.50,,,$6.00 per 100g,344597,"Multi-origin blend including tea from: 
South Asia
Aromatic, well-rounded
Quality black tea

Estd. 1706 London
At Twinings, our master blenders have been blending quality teas for over 300 years. 
Each blend is created with the finest ingredients to deliver a superior experience in every cup.",,,,,https://www.coles.com.au/product/twinings-english-breakfast-leaf-tea-125g-344597,,,2024-06-16T15:49:56.049830-04:00
Ind54SColes_ADrinks_SATea_IQueen Victoria Honey & Vanilla Camomile Tea Bags | 50 pack,Queen Victoria Honey & Vanilla Camomile Tea Bags | 50 pack,Queen Victoria,Drinks,Tea,Herbal,,$6.00,,,$0.12 per 1ea,3984711,"Queen Victoria Teas are a noble range of high-quality teas celebrating the time honoured tea traditions dating back to the English aristocrats of the eighteenth century.
We've crafted a soothing and mellow herbal tea blended with camomile and the naturally sweet flavours of vanilla and golden honey.
50 Tea Bags.",,,,,https://www.coles.com.au/product/queen-victoria-honey-and-vanilla-camomile-tea-bags-50-pack-3984711,,,2024-06-16T15:50:05.142786-04:00
Ind54SColes_ADrinks_SA_ITwining's Strawberry Raspberry & Loganberry Infusions Tea Bags | 10 Pack,Twining's Strawberry Raspberry & Loganberry Infusions Tea Bags | 10 Pack,Twinings,Drinks,,,,$1.50,,$3.00,$0.15 per 1ea,8729530,"A berry impressive treat...

When your afternoon calls for a sweet treat, our Strawberry, Raspberry & Loganberry has you covered. This triple berry blend is rich and luscious, perfect served chilled over ice or hot. It's easy to be swept away by this berry sensation!

For more delightful fruit flavoured infusions, try our vibrant & rich Cranberry & Pomegranate.",,,,,https://www.coles.com.au/product/twining's-strawberry-raspberry-and-loganberry-infusions-tea-bags-10-pack-8729530,,,2024-06-16T15:50:14.223281-04:00
Ind54SColes_ADrinks_SABeverages_ITwinings Pure Peppermint Herbal Infusions Tea Bags 40 pack | 80g,Twinings Pure Peppermint Herbal Infusions Tea Bags 40 pack | 80g,Twinings,Drinks,Beverages,Coffee & tea,,$7.00,,,"$0.18 per 1ea
Was $8.50 on May 2024",6811254,"No added colours or flavours
Made with natural ingredients
Compostable tea bags

Estd. 1706 London
At Twinings, we have been blending and brewing the best of nature for over 300 years. 
Our master blenders and herbalists expertly select and blend the finest ingredients to enrich your wellbeing every day.",,,,Peppermint.,https://www.coles.com.au/product/twinings-pure-peppermint-herbal-infusions-tea-bags-40-pack-80g-6811254,,,2024-06-16T15:50:24.617506-04:00
Ind54SColes_ADrinks_SATea_IPukka Relax Tea | 20 pack,Pukka Relax Tea | 20 pack,Pukka,Drinks,Tea,Herbal,,$8.50,,,$0.43 per 1ea,3452519,"Relax tea - a tea to help you step back, breathe and bathe in the tranquillity of chamomile flower and the peaceful bliss of oat flowering tops, fennel seed and marshmallow root. A perfect way to unwind in the evening or anytime during the day. Sit back and let stress drift away.

Infuse for up to 15 minutes. Boiling just the water you need helps make every cup of Pukka tea as sustainable as it can be. Every Pukka plastic-free tea bag comes in its own recyclable envelope to retain the essential oils in our organic herbs. Each bag has two chambers, allowing these incredible herbs to flow and release the full potency in your cup. To help the flavours to fully disperse, pour boiling water directly on the bag. Every herb loves the water, so leave them to steep for the perfect brew. And remember to boil just the amount of water you need to make your cuppa as environmentally-friendly as it can be. Deliciousness knows no deeper colour.

At Pukka, our heartfelt desire is to create a healthier, happier world through the incredible power of organic herbs. We hope you feel inspired to discover more about yourself and the beautiful planet on which we all live. Doing good things helps make good things happen. We create things that help you, help nature and everything in-between. It's called conservation through commerce - striving to positively change the world for you, business and the planet. Giving back 1% for the Planet, Fair for Life and FairWild certified.",,,,"Sweet fennel seed (24%), chamomile flower (18%), oat flowering tops, licorice root, cardamom pod, ginger root, marshmallow root (5%).",https://www.coles.com.au/product/pukka-relax-tea-20-pack-3452519,,,2024-06-16T15:50:33.648112-04:00
Ind54SColes_ADrinks_SATea_IMadura Premium Blend Tea Bags 100 pack | 200g,Madura Premium Blend Tea Bags 100 pack | 200g,Madura,Drinks,Tea,Black,,$10.80,,,$0.11 per 1ea,6059243,"Premium Blend
A selection of the finest teas from Sri Lanka, India, Southeast Asia and our own Australian estate, chosen at their peak, ensuring the quality of this, our most popular blend. A unique, full bodied, bright, strong tea, crafted to suit the fussiest of tea drinkers.
Highest awarded tea brand for taste in Australia

100% Australian owned and family operated - Brewing since 1978

At Madura Tea we grow, blend and pack to the highest Australian standards

Independently tested in Australia for purity and caffeine levels.",,,"Per 100g/ml
Per Serving
%DI
Energy
<0.06kJ
<0.15kJ
0
Protein
0g
0g
0
Total Fat
0g
0g
0
Saturated Fat
0g
0g
0
Carbohydrate
0g
0g
0
Sugars
0g
0g
0
Sodium
<0.05mg
<0.10mg
0
Monounsaturated
0
0
0
Energy (Cal)
0
0
0
Dietary Fibre (total)
0
0
0
Polyunsaturated
0
0
0
Trans
0
0
0
Caffeine
2.8g by Dry Weight
56mg by Dry Weight
0
* Percentage Daily Intakes are based on an average adult diet of 8700 kJ. Your daily intakes may be higher or lower depending on your energy needs.",,https://www.coles.com.au/product/madura-premium-blend-tea-bags-100-pack-200g-6059243,,,2024-06-16T15:50:44.947562-04:00
Ind54SColes_ADrinks_SA_IHigher Living Organic Tea Peppermint & Licorice | 15 pack,Higher Living Organic Tea Peppermint & Licorice | 15 pack,Higher Living,Drinks,,,,$5.00,,,$0.33 per 1ea,3247542,"Encounter the refreshing mint burst that cuts through the soothing sweetness with an utterly unique flavour of Higher Living Organic Peppermint & Licorice Tea. This organic tea has an intriguing infusion of cool peppermint with a sweet and subtle flavour of licorice. Make every cup enjoyable with Higher Living organic tea.
USDA Organic
Naturally caffeine-free
Bright and bold flavour combinations
Contains 15 Tea Bags",,,,,https://www.coles.com.au/product/higher-living-organic-tea-peppermint-and-licorice-15-pack-3247542,,,2024-06-16T15:50:54.678835-04:00
Ind54SColes_ADrinks_SATea_IHigher Living Daily Detox Tea | 15 pack,Higher Living Daily Detox Tea | 15 pack,Higher Living,Drinks,Tea,Herbal,,$5.00,,,$0.33 per 1ea,3984890,"A cleansing infusion with dandelion and burdock, peppermint and spearmint. To look after your inner beauty.",,,,,https://www.coles.com.au/product/higher-living-daily-detox-tea-15-pack-3984890,,,2024-06-16T15:51:03.577517-04:00
Ind54SColes_ADrinks_SATea_ITwinings Earl Grey Loose Leaf Tea | 125g,Twinings Earl Grey Loose Leaf Tea | 125g,Twinings,Drinks,Tea,Loose leaf,,$7.50,,,$6.00 per 100g,344575,"Black tea with added citrus notes
Quality black tea

Estd. 1706 London
At Twinings, our master blenders have been blending quality teas for over 300 years. 
Each blend is created with the finest ingredients to deliver a superior experience in every cup.",,,,"Black Tea, Bergamot Flavour (1%).",https://www.coles.com.au/product/twinings-earl-grey-loose-leaf-tea-125g-344575,,,2024-06-16T15:51:15.410686-04:00
Ind54SColes_ADrinks_SATea_INerada Organics Peppermint Tea Bags 40 Pack | 60g,Nerada Organics Peppermint Tea Bags 40 Pack | 60g,Nerada,Drinks,Tea,Herbal,,$6.00,,,$0.15 per 1ea,6384969,"Mint has been used for centuries for a variety of purposes including as a beverage for its cool and refreshing flavour. Our organic Peppermint has been carefully selected and grown using only nature's natural resources.
100% Natural Ingredients
We like to do things the natural way. That's why our deliciously refreshing teas & herbal infusions have been expertly created only using the finest organic ingredients from our trusted growing partners which makes them unique and delicious.",,,,Organic Peppermint,https://www.coles.com.au/product/nerada-organics-peppermint-tea-bags-40-pack-60g-6384969,,,2024-06-16T15:51:24.493351-04:00
Ind54SColes_ADrinks_SATea_IQueen Victoria Green Tea Bags | 100 pack,Queen Victoria Green Tea Bags | 100 pack,Queen Victoria,Drinks,Tea,Green,,$5.50,,$11.00,$0.06 per 1ea,3984802,"Queen Victoria Teas are a noble range of high-quality teas celebrating the time honoured tea traditions dating back to the English aristocrats of the eighteenth century.
This traditional green tea has a light, delicate taste and a fresh and fragrant aroma.
100 Tea Bags.",,,,,https://www.coles.com.au/product/queen-victoria-green-tea-bags-100-pack-3984802,,,2024-06-16T15:51:33.613781-04:00
Ind54SColes_ADrinks_SATea_IQueen Victoria Vanilla Chai Tea Bags | 100 pack,Queen Victoria Vanilla Chai Tea Bags | 100 pack,Queen Victoria,Drinks,Tea,Chai,,$5.50,,$11.00,$0.06 per 1ea,3984824,"Queen Victoria Teas are a noble range of high-quality teas celebrating the time honoured tea traditions dating back to the English aristocrats of the eighteenth century.
An aromatic blend of black teas, sweet chai spices and bourbon vanilla, this is a vibrant tea perfect to warm you on cost winter evenings.
100 Tea Bags.",,,,,https://www.coles.com.au/product/queen-victoria-vanilla-chai-tea-bags-100-pack-3984824,,,2024-06-16T15:51:42.408766-04:00
Ind54SColes_ADrinks_SATea_IT2 Sleep Tight Tea | 10 pack,T2 Sleep Tight Tea | 10 pack,T2,Drinks,Tea,Herbal,,$7.50,,,$0.75 per 1ea,3986728,"Dream on with Lemon Balm & Lavender.

Need a little shut eye? Sail away to the Land of Nod with a dreamy blend of lemon balm, lavender, jasmine and rose. The perfect sleepytime tea with a glorious aroma and delicate sweet flavour.

A lemon balm-based tisane that is the pefect night time brew. With a glorious aroma and delicate sweet flavour.
A smooth lemon balm-based tisane with delicate citrus and subtle sweet notes.

This tea is sealed fresh inside a compostable plastic bag packed into a colourful recyclable cardboard box. Store in a cool, dry place.

Soothe and calm yourself, by sipping this tea in the evening.

Best brewed 3-5 minutes using freshly boiled water. Perfect on its own.",,,,,https://www.coles.com.au/product/t2-sleep-tight-tea-10-pack-3986728,,,2024-06-16T15:51:52.111544-04:00
Ind54SColes_ADrinks_SABeverages_ITwinings Orange Pekoe Tea Bags | 50 pack,Twinings Orange Pekoe Tea Bags | 50 pack,Twinings,Drinks,Beverages,Coffee & tea,,$7.00,,,"$0.14 per 1g
Was $8.50 on May 2024",5060790,"Single origin blend of tea from: 
South Asia
Fragrant, golden, crisp
Quality black tea
Compostable tea bags

Estd. 1706 London
At Twinings, our master blenders have been blending quality teas for over 300 years. 
Each blend is created with the finest ingredients to deliver a superior experience in every cup. ",,,,Black Tea.,https://www.coles.com.au/product/twinings-orange-pekoe-tea-bags-50-pack-5060790,,,2024-06-16T15:52:02.085988-04:00
Ind54SColes_ADrinks_SATea_IT2 Melbourne Breakfast Flavoured Black Tea Bags 25 pack | 50g,T2 Melbourne Breakfast Flavoured Black Tea Bags 25 pack | 50g,T2,Drinks,Tea,Black,,$16.00,,,$0.64 per 1ea,3079186,"A smooth blend of loose leaf black tea and vanilla. Just try and you'll be hooked! Inspired by the home of T2, this cup is a flavoured tea hit; If you need to weather four seasons in one day, this tea will see you through.
Smooth, sweet vanilla and bold black tea.
A feel-good cup that would be perfect as a hot tea for that morning tea moment, or a relaxing tea for an afternoon pick-me-up.
Best brewed 2-4 minutes using freshly boiled water. Perfect on its own or with a dash of milk.
Flavored black tea perfect for morning or afternoon.

Enjoy it on its own or with milk for a relaxing tea moment.

Full-bodied and smooth with a sweet vanilla flavor and depth of character.

Sealed fresh in compostable plastic and packed in a recyclable cardboard box.

Store in a cool, dry place.

T2 Tea sources only the finest seasonal ingredients for their expertly blended premium loose leaf tea..

Their teabags are made from food-grade corn starch and are both recyclable and compostable..

T2 Tea is committed to sustainability and eco-friendliness..",,,,,https://www.coles.com.au/product/t2-melbourne-breakfast-flavoured-black-tea-bags-25-pack-50g-3079186,,,2024-06-16T15:52:10.899880-04:00
Ind54SColes_ADrinks_SABeverages_IQueen Victoria Green Tea Bags | 10 pack,Queen Victoria Green Tea Bags | 10 pack,Queen Victoria,Drinks,Beverages,Coffee & tea,,$1.20,,,"$0.12 per 1ea
Was $2.00 on Apr 2024",3984631,"Queen Victoria Teas are a noble range of high-quality teas celebrating the time honoured tea traditions dating back to the English aristocrats of the eighteenth century.
This traditional green tea has a light, delicate taste and a fresh and fragrant aroma.
10 Enveloped Tea Bags.",,,,,https://www.coles.com.au/product/queen-victoria-green-tea-bags-10-pack-3984631,,,2024-06-16T15:52:20.148768-04:00
Ind54SColes_ADrinks_SATea_ITwinings Irish Breakfast Tea Bags 100 pack | 200g,Twinings Irish Breakfast Tea Bags 100 pack | 200g,Twinings,Drinks,Tea,Black,,$13.50,,,$0.14 per 1ea,83584,"Multi-origin blend including tea from: 
Africa
Strong, invigorating
India
Bold, Malty
Compostable tea bags

Estd. 1706 London
At Twinings, our master blenders have been blending quality teas for over 300 years. 
Each blend is created with the finest ingredients to deliver a superior experience in every cup. ",,,,Black Tea.,https://www.coles.com.au/product/twinings-irish-breakfast-tea-bags-100-pack-200g-83584,,,2024-06-16T15:52:29.429508-04:00
Ind54SColes_ADrinks_SATea_INerada English Breakfast Tea Bags Teacup | 100 Pack,Nerada English Breakfast Tea Bags Teacup | 100 Pack,Nerada,Drinks,Tea,Black,,$5.60,,,$0.06 per 1ea,496507,"Since 1971, Nerada has been blending tradition with excellence. Steeped in heritage, our mission his simple, create Australia's freshest, finest and most sustainable teas crafted with honesty and care.

We embody the adventurous spirit of this great country, curating tea that resonate with the Australian taste, each sip a testament to our commitment.

It is a shared joy of discovery with each cup a narrative, a story of exploration to be savoured alone or in the warm company of friends and family. We are proud to bring a true Ausie way to drink tea.
Rich and Full Bodied Black Tea

Premium Blend",,,,,https://www.coles.com.au/product/nerada-english-breakfast-tea-bags-teacup-100-pack-496507,,,2024-06-16T15:52:38.551675-04:00
Ind54SColes_ADrinks_SATea_ILotus Peak White Tea Bags 25 pack | 50g,Lotus Peak White Tea Bags 25 pack | 50g,Lotus Peak,Drinks,Tea,White,,$4.00,,,$0.16 per 1ea,4760990,A sweet and Subtle Flavour from the Fujian Mountains. The richest in antioxidants of all the teas.Put your feet up and enjoy a cup today...,,,"Per 100g/ml
Per Serving
%DI
Energy
6kJ
13kJ
Protein
<1g
<1g
Total Fat
<1g
<1g
Saturated Fat
<1g
<1g
Carbohydrate
<1g
<1g
Sugars
<1g
<1g
Sodium
<5mg
9mg
* Percentage Daily Intakes are based on an average adult diet of 8700 kJ. Your daily intakes may be higher or lower depending on your energy needs.",,https://www.coles.com.au/product/lotus-peak-white-tea-bags-25-pack-50g-4760990,,,2024-06-16T15:52:49.797482-04:00
Ind54SColes_ADrinks_SATea_IDilmah Pure Ceylon Green Tea Bags 20 pack | 40g,Dilmah Pure Ceylon Green Tea Bags 20 pack | 40g,Dilmah,Drinks,Tea,Green,,$5.20,,,$0.26 per 1ea,2601318,"100% pure single origin Ceylon green tea sourced from the Nuwara Eliya region. This Ceylon green tea is bright, mildly astringent and very refreshing; with fresh herb notes complementing a refined and elegant green tea.",,,,Product of Sri Lanka. 100% Pure Ceylon Green Tea,https://www.coles.com.au/product/dilmah-pure-ceylon-green-tea-bags-20-pack-40g-2601318,,,2024-06-16T15:52:58.810937-04:00
Ind54SColes_ADrinks_SATea_INerada Cup Or Pot Tea Bags 200 pack | 400g,Nerada Cup Or Pot Tea Bags 200 pack | 400g,Nerada,Drinks,Tea,Black,,$6.30,,,$0.03 per 1ea,24304,"Since 1971, Nerada has been blending tradition with excellence. Steeped in heritage, our mission his simple, create Australia's freshest, finest and most sustainable teas crafted with honesty and care.

We embody the adventurous spirit of this great country, curating tea that resonate with the Australian taste, each sip a testament to our commitment.

It is a shared joy of discovery with each cup a narrative, a story of exploration to be savoured alone or in the warm company of friends and family. We are proud to bring a true Ausie way to drink tea.",,,,,https://www.coles.com.au/product/nerada-cup-or-pot-tea-bags-200-pack-400g-24304,,,2024-06-16T15:53:08.042939-04:00
Ind54SColes_ADrinks_SATea Drinks_IMadame Flavour Caffeine Free Lemongrass Lime & Ginger Tisane Tea Bags 18 pack | 36g,Madame Flavour Caffeine Free Lemongrass Lime & Ginger Tisane Tea Bags 18 pack | 36g,Madame Flavour,Drinks,Tea Drinks,Tea Herbal,,$7.50,,,$0.42 per 1ea,1758030,"Madame Flavour was conceived in 2007 in Melbourne, Australia in the home of founder Corinne Noyes who continues to own the business.
The local team are passionate advocates, bringing the highest standards of service and quality to support many thousands of Kindred Spirits who make our success and longevity a reality.
With a network of suppliers around the globe, and a customer base across multiple countries, the Madame Flavour team work with care and dedication, staying true to our roots and values.",,,"Per 100g/ml
Per Serving
%DI
Energy
<5kJ
<5kJ
Protein
0g
0g
Total Fat
0g
0g
Saturated Fat
0g
0g
Carbohydrate
0g
0g
Sugars
0g
0g
Sodium
0mg
0mg
* Percentage Daily Intakes are based on an average adult diet of 8700 kJ. Your daily intakes may be higher or lower depending on your energy needs.",,https://www.coles.com.au/product/madame-flavour-caffeine-free-lemongrass-lime-and-ginger-tisane-tea-bags-18-pack-36g-1758030,,,2024-06-16T19:22:12.222555-04:00
Ind54SColes_ADrinks_SATea_ITwinings Live Well Sleep Well Tea Bags | 22 pack,Twinings Live Well Sleep Well Tea Bags | 22 pack,Twinings,Drinks,Tea,Herbal,,$4.25,,$8.50,$0.19 per 1ea,4985593,"Sleep Well

A calming blend of soothing camomile, floral orange blossom, and a hint of sweet honey flavour. 

It's smooth and warming, making it the perfect part of your bedtime routine. 
Sleep well is a delicious ritual to wind down your day. 

Twinings of London. Sourced with care. 

Living well should taste as good as it makes you feel. 

That's why we carefully select the finest ingredients to create a range of drinks that help make daily wellbeing deliciously enjoyable.

No artificial colours. Naturally caffeine free. ",,,"Per 100g/ml
Per Serving
%DI
Energy
10kJ
20kJ
Protein
<1g
<1g
Total Fat
<1g
<1g
Saturated Fat
<1g
<1g
Carbohydrate
<1g
<1g
Sugars
<1g
<1g
Sodium
<5mg
<5mg
Caffeine
0mg
0mg
* Percentage Daily Intakes are based on an average adult diet of 8700 kJ. Your daily intakes may be higher or lower depending on your energy needs.",,https://www.coles.com.au/product/twinings-live-well-sleep-well-tea-bags-22-pack-4985593,,,2024-06-16T19:22:23.673461-04:00
Ind54SColes_ADrinks_SATea_ITwining's Green Tea And Lemon Tea Bags | 10 Pack,Twining's Green Tea And Lemon Tea Bags | 10 Pack,Twinings,Drinks,Tea,Green,,$1.50,,$3.00,$0.15 per 1ea,4760120,"Add a little zing to your day...
Harmoniously balanced, Green Tea & Lemon are perfect for each other.
The flavour of lemon brings out the fragrant green tea in this delicious pairing. Enjoy this zesty and vibrant tea and let it fill your moment with a little burst of sunshine.",,,,"Green Tea, Lemon Flavour (12%), Lemon Pieces (1%).",https://www.coles.com.au/product/twining's-green-tea-and-lemon-tea-bags-10-pack-4760120,,,2024-06-16T19:22:34.109843-04:00
Ind54SColes_ADrinks_SATea_ITwinings Live Well Sleep+ Herbal Tea Bags | 20 pack,Twinings Live Well Sleep+ Herbal Tea Bags | 20 pack,Twinings,Drinks,Tea,Herbal,,$4.25,,$8.50,$0.21 per 1ea,4984568,"Sleep with Valerian Root
A calming blend of camomile, floral lavender and fig which harnesses the beauty of valerian root.

Sleep is a delicious naturally caffeine free ritual to wind down your day.

Living well should taste as good as it makes you feel.

That's why we carefully select the finest ingredients to create a range of drinks that help make daily wellbeing deliciously enjoyable.

Sourced with care.",,,"Per 100g/ml
Per Serving
%DI
Energy
10kJ
20kJ
Protein
<1g
<1g
Total Fat
<1g
<1g
Saturated Fat
<1g
<1g
Carbohydrate
<1g
<1g
Sugars
<1g
<1g
Sodium
<5mg
<5mg
Caffeine
0mg
0mg
* Percentage Daily Intakes are based on an average adult diet of 8700 kJ. Your daily intakes may be higher or lower depending on your energy needs.",,https://www.coles.com.au/product/twinings-live-well-sleep+-herbal-tea-bags-20-pack-4984568,,,2024-06-16T19:22:45.330258-04:00
Ind54SColes_ADrinks_SATea_ITwinings French Earl Grey Tea Bags | 80 pack,Twinings French Earl Grey Tea Bags | 80 pack,Twinings,Drinks,Tea,Black,,$13.50,,,$0.17 per 1ea,6253712,"Black tea with added floral notes
Quality black tea
Hint of vanilla
Compostable tea bags

Estd. 1706 London
At Twinings, our master blenders have been blending quality teas for over 300 years. 
Each blend is created with the finest ingredients to deliver a superior experience in every cup.",,,,"Black Tea, Vanilla Flavour (6%), Bergamot Flavour (4%), Rose Petals (3%), Lavender (1%), Lemon Flavour.",https://www.coles.com.au/product/twinings-french-earl-grey-tea-bags-80-pack-6253712,,,2024-06-16T19:22:54.813544-04:00
Ind54SColes_ADrinks_SATea_ITwinings Earl Grey Tea Bags 100 pack | 200g,Twinings Earl Grey Tea Bags 100 pack | 200g,Twinings,Drinks,Tea,Black,,$13.50,,,$0.14 per 1ea,304763,"Black Tea with added Citrus notes
Quality black tea
Compostable tea bag

Estd. 1706 London
At Twinings, our master blenders have been blending quality teas for over 300 years. 
Each blend is created with the finest ingredients to deliver a superior experience in every cup. ",,,,"Black tea, Bergamot Flavours (3.5%).",https://www.coles.com.au/product/twinings-earl-grey-tea-bags-100-pack-200g-304763,,,2024-06-16T19:23:05.049080-04:00
Ind54SColes_ADrinks_SATea_IDilmah Earl Grey Tea Bags 50 Pack | 100 g,Dilmah Earl Grey Tea Bags 50 Pack | 100 g,Dilmah,Drinks,Tea,Black,,$7.00,,,$0.14 per 1ea,5190945,"With the piquant citrus note that is characteristic of the classic Earl Grey tea, the bold base of Ceylon Tea from the Ratnapura region creates a truly refined experience. The earthy is balanced by the sweet floral of the bergamot, creating a sublimely elegant brew. Together, they form a distinctive, elegant tea perfect for any time of the day. This Dilmah Gourmet Selection Earl Grey tea contains 50 tea cup bags in an airtight foil pouch, protecting taste and flavour.",,,,Pure Ceylon Black tea with Bergamot flavour,https://www.coles.com.au/product/dilmah-earl-grey-tea-bags-50-pack-100-g-5190945,,,2024-06-16T19:23:14.335068-04:00
Ind54SColes_ADrinks_SATea_ILipton English Breakfast Black Tea Bags | 100 pack,Lipton English Breakfast Black Tea Bags | 100 pack,Lipton,Drinks,Tea,Black,,$3.50,,$7.00,$0.04 per 1ea,3081315,"Lipton English Breakfast awakens your senses with this deliciously satisfying blend of rich and robust tea. Rich and Robust flavour in every rich cup of English Breakfast.

Say hello to the mornings and awaken your senses with this deliciously satisfying blend of rich and robust tea leaves from our own sustainable tea gardens in Kenya, Tanzania and more.

The world's full of wonder, embrace the bright heart of it with Lipton tea. Made with top sun-ripened tea leaves, freshly picked for their brightening, bold and aromatic flavour.

A sunny sip to awaken you to what the world has to offer to awaken you to the things that really matter.

Natural antioxidant

Low-caloric drink

Healthy Authentic taste

200 packs",,,,Black Tea,https://www.coles.com.au/product/lipton-english-breakfast-black-tea-bags-100-pack-3081315,,,2024-06-16T19:23:23.466479-04:00
Ind54SColes_ADrinks_SATea_IT2 Melbourne Breakfast Flavoured Black Tea Bags 25 pack | 50g,T2 Melbourne Breakfast Flavoured Black Tea Bags 25 pack | 50g,T2,Drinks,Tea,Black,,$16.00,,,$0.64 per 1ea,3079186,"A smooth blend of loose leaf black tea and vanilla. Just try and you'll be hooked! Inspired by the home of T2, this cup is a flavoured tea hit; If you need to weather four seasons in one day, this tea will see you through.
Smooth, sweet vanilla and bold black tea.
A feel-good cup that would be perfect as a hot tea for that morning tea moment, or a relaxing tea for an afternoon pick-me-up.
Best brewed 2-4 minutes using freshly boiled water. Perfect on its own or with a dash of milk.
Flavored black tea perfect for morning or afternoon.

Enjoy it on its own or with milk for a relaxing tea moment.

Full-bodied and smooth with a sweet vanilla flavor and depth of character.

Sealed fresh in compostable plastic and packed in a recyclable cardboard box.

Store in a cool, dry place.

T2 Tea sources only the finest seasonal ingredients for their expertly blended premium loose leaf tea..

Their teabags are made from food-grade corn starch and are both recyclable and compostable..

T2 Tea is committed to sustainability and eco-friendliness..",,,,,https://www.coles.com.au/product/t2-melbourne-breakfast-flavoured-black-tea-bags-25-pack-50g-3079186,,,2024-06-16T19:23:33.281196-04:00
Ind54SColes_ADrinks_SATea_IDilmah Premium Tagless Tea Bags | 80 pack,Dilmah Premium Tagless Tea Bags | 80 pack,Dilmah,Drinks,Tea,Black,,$6.30,,$9.00,$0.08 per 1ea,6266995,"Tag Free Sustainable Plant Based Tea Bags. Finely balanced richness, flavour, strength and aroma for the perfect cup of tea. Our Premium tea is sourced from a single origin; the central highlands of Sri Lanka, reputed for its brightness and medium strength. Pure Ceylon Broken Orange Pekoe (BOPF) produces a pleasing brew, ideal for everyday drinking. The Dilmah Premium Ceylon Tea introduces tea lovers to the romance of real Ceylon tea. This Premium Ceylon Black Tea product consists of 80 Plant Based tea bags.",,,,"Product of Sri Lanka. Ceylon black tea, no additives. All natural.",https://www.coles.com.au/product/dilmah-premium-tagless-tea-bags-80-pack-6266995,,,2024-06-16T19:23:42.797646-04:00
Ind54SColes_ADrinks_SATea_IPukka Relax Tea | 20 pack,Pukka Relax Tea | 20 pack,Pukka,Drinks,Tea,Herbal,,$8.50,,,$0.43 per 1ea,3452519,"Relax tea - a tea to help you step back, breathe and bathe in the tranquillity of chamomile flower and the peaceful bliss of oat flowering tops, fennel seed and marshmallow root. A perfect way to unwind in the evening or anytime during the day. Sit back and let stress drift away.

Infuse for up to 15 minutes. Boiling just the water you need helps make every cup of Pukka tea as sustainable as it can be. Every Pukka plastic-free tea bag comes in its own recyclable envelope to retain the essential oils in our organic herbs. Each bag has two chambers, allowing these incredible herbs to flow and release the full potency in your cup. To help the flavours to fully disperse, pour boiling water directly on the bag. Every herb loves the water, so leave them to steep for the perfect brew. And remember to boil just the amount of water you need to make your cuppa as environmentally-friendly as it can be. Deliciousness knows no deeper colour.

At Pukka, our heartfelt desire is to create a healthier, happier world through the incredible power of organic herbs. We hope you feel inspired to discover more about yourself and the beautiful planet on which we all live. Doing good things helps make good things happen. We create things that help you, help nature and everything in-between. It's called conservation through commerce - striving to positively change the world for you, business and the planet. Giving back 1% for the Planet, Fair for Life and FairWild certified.",,,,"Sweet fennel seed (24%), chamomile flower (18%), oat flowering tops, licorice root, cardamom pod, ginger root, marshmallow root (5%).",https://www.coles.com.au/product/pukka-relax-tea-20-pack-3452519,,,2024-06-16T19:23:52.612371-04:00
Ind54SColes_ADrinks_SABeverages_ITwining's Camomile Honey & Vanilla Infusions Tea Bags | 40 pack,Twining's Camomile Honey & Vanilla Infusions Tea Bags | 40 pack,Twinings,Drinks,Beverages,Coffee & tea,,$7.00,,,"$0.18 per 1ea
Was $8.50 on May 2024",3708667,"No added colours
Compostable tea bags. 

Estd. 1706 London
At Twinings, we have been blending and brewring the best of nature for over 300 years. 
Our master blenders and herbalists expertly select and blend the finest ingredients to enrich your wellbeing every day.",,,,"Camomile (89%), Honey Flavour (4%), Vanilla Flavour (4%), Caramel Flavour, Honey-flavour Pieces (0.5%).",https://www.coles.com.au/product/twining's-camomile-honey-and-vanilla-infusions-tea-bags-40-pack-3708667,,,2024-06-16T19:24:02.971625-04:00
Ind54SColes_ADrinks_SATea_ITwining's Strawberry Raspberry & Loganberry Infusions Tea Bags | 10 Pack,Twining's Strawberry Raspberry & Loganberry Infusions Tea Bags | 10 Pack,Twinings,Drinks,Tea,Herbal,,$1.50,,$3.00,$0.15 per 1ea,8729530,"A berry impressive treat...

When your afternoon calls for a sweet treat, our Strawberry, Raspberry & Loganberry has you covered. This triple berry blend is rich and luscious, perfect served chilled over ice or hot. It's easy to be swept away by this berry sensation!

For more delightful fruit flavoured infusions, try our vibrant & rich Cranberry & Pomegranate.",,,,"Hibiscus (48%), Strawberry Flavour (11%), Orange Peel, Blackberry Leaves, Apple Pieces, Rosehip Raspberry Flavour (4%), Liqourice Root (3.5%), Loganberry Flavour (0.5%).",https://www.coles.com.au/product/twining's-strawberry-raspberry-and-loganberry-infusions-tea-bags-10-pack-8729530,,,2024-06-16T19:24:11.929727-04:00
Ind54SColes_ADrinks_SATea_IQueen Victoria English Breakfast Tea Bags | 50 pack,Queen Victoria English Breakfast Tea Bags | 50 pack,Queen Victoria,Drinks,Tea,Black,,$6.00,,,$0.12 per 1ea,3984675,"Queen Victoria Teas are a noble range of high-quality teas celebrating the time honoured tea traditions dating back to the English aristocrats of the eighteenth century.
The British tradition of enjoying a blend of strong black teas at breakfast goes back centuries. Our classic English Breakfast tea is full-bodied, bright and bold, with a malted finish.
50 Tea Bags.",,,,,https://www.coles.com.au/product/queen-victoria-english-breakfast-tea-bags-50-pack-3984675,,,2024-06-16T19:24:21.621782-04:00
Ind54SColes_ADrinks_SATea_IMadura English Breakfast Tea Bags 50 pack | 100g,Madura English Breakfast Tea Bags 50 pack | 100g,Madura,Drinks,Tea,Black,,$4.70,,$5.90,$0.09 per 1ea,5483943,"English Breakfast
A classic blend of pure Sri Lankan and Indian teas, crafted to produce a balanced fusion of colour and strength for which Madura English Breakfast tea is renowned. Particularly suited to affording a refreshing start to the day or to enjoy with light meals or snacks.
Highest awarded tea brand for taste in Australia

100% Australian owned and family operated - Brewing since 1978

At Madura Tea we grow, blend and pack to the highest Australian standards

Independently tested in Australia for purity and caffeine levels.",,,"Per 100g/ml
Per Serving
%DI
Energy
<0.06kJ
<0.15kJ
0
Protein
0g
0g
0
Total Fat
0g
0g
0
Saturated Fat
0g
0g
0
Carbohydrate
0g
0g
0
Sugars
0g
0g
0
Sodium
<0.05mg
<0.10mg
0
Monounsaturated
0
0
0
Energy (Cal)
0
0
0
Dietary Fibre (total)
0
0
0
Polyunsaturated
0
0
0
Trans
0
0
0
Caffeine
2.8g by Dry Weight
56mg by Dry Weight
0
* Percentage Daily Intakes are based on an average adult diet of 8700 kJ. Your daily intakes may be higher or lower depending on your energy needs.",,https://www.coles.com.au/product/madura-english-breakfast-tea-bags-50-pack-100g-5483943,,,2024-06-16T19:24:32.829477-04:00
Ind54SColes_ADrinks_SATea_ILipton Quality Black Tea Bags 200 Pack | 200 each,Lipton Quality Black Tea Bags 200 Pack | 200 each,Lipton Quality Black,Drinks,Tea,Black,,,,,,8102423,,,,,,https://www.coles.com.au/product/lipton-quality-black-tea-bags-200-pack-200-each-8102423,,,2024-06-16T19:24:42.065621-04:00
Ind54SColes_ADrinks_SA_IMadame Flavour Green Lychee Rose Pyramids | 15 pack,Madame Flavour Green Lychee Rose Pyramids | 15 pack,Madame,Drinks,,,,,,,,8078395,,,,,,https://www.coles.com.au/product/madame-flavour-green-lychee-rose-pyramids-15-pack-8078395,,,2024-06-16T19:24:51.861498-04:00
Ind54SColes_ADrinks_SATea_ITaylors Of Harrogate Yorkshire Gold Tea Bags | 100 pack,Taylors Of Harrogate Yorkshire Gold Tea Bags | 100 pack,Taylors Of Harrogate,Drinks,Tea,Black,,$8.00,,,$0.08 per 1ea,3638958,"A proper cup of tea, pure and simple. The second best selling and fastest growing black tea in the UK market.To give our blend its refreshing flavour, strength and colour we use top quality Assam and African teas. And we go to great lengths to make it properly, from tasting 1000s of teas a day to find the best for the blend, to thinking about the water customers will brew it with at home.",,,,,https://www.coles.com.au/product/taylors-of-harrogate-yorkshire-gold-tea-bags-100-pack-3638958,,,2024-06-16T19:25:02.150473-04:00
Ind54SColes_ADrinks_SATea_ITwinings Earl Grey Loose Leaf Tea | 125g,Twinings Earl Grey Loose Leaf Tea | 125g,Twinings,Drinks,Tea,Loose leaf,,$7.50,,,$6.00 per 100g,344575,"Black tea with added citrus notes
Quality black tea

Estd. 1706 London
At Twinings, our master blenders have been blending quality teas for over 300 years. 
Each blend is created with the finest ingredients to deliver a superior experience in every cup.",,,,"Black Tea, Bergamot Flavour (1%).",https://www.coles.com.au/product/twinings-earl-grey-loose-leaf-tea-125g-344575,,,2024-06-16T19:25:10.996772-04:00
Ind54SColes_ADrinks_SATea_ITetley Decaffeinated Black Tea Bags 100 pack | 185g,Tetley Decaffeinated Black Tea Bags 100 pack | 185g,Tetley,Drinks,Tea,Black,,$6.90,,,$0.07 per 1ea,8959948,,,,,,https://www.coles.com.au/product/tetley-decaffeinated-black-tea-bags-100-pack-185g-8959948,,,2024-06-16T19:25:19.836574-04:00
Ind54SColes_ADrinks_SATea_ITetley Classic Chai Latte Tea Sachets 8 pack | 200g,Tetley Classic Chai Latte Tea Sachets 8 pack | 200g,Tetley,Drinks,Tea,Chai,,$6.70,,,$0.84 per 1ea,8797573,,,,,,https://www.coles.com.au/product/tetley-classic-chai-latte-tea-sachets-8-pack-200g-8797573,,,2024-06-16T19:25:29.834638-04:00
