idx,name,brand,aisle,subaisle,subsubaisle,size,price,multi_price,old_price,pricePerUnit,itemNum,description,serving,img_urls,item_label,item_ingredients,url,SKU,UPC,timeStamp
Ind56SColes_ADrinks_SACold drinks_IBobby Prebiotic Soft Drink Creamy Soda | 330mL,Bobby Prebiotic Soft Drink Creamy Soda | 330mL,Bobby,Drinks,Cold drinks,Cold water,,$3.20,,$4.00,$9.70 per 1L,5798296,"Traditionally, when it comes to soft drinks, it either tastes good, or it's good for you. We got tired of having to choose between sickly sweet sodas, or health drinks that lacked flavour and fun.
So, we created bobby.",,,"Per 100g/ml
Per Serving
%DI
Energy
41kJ
136kJ
Protein
0g
0g
Total Fat
0g
0g
Saturated Fat
0g
0g
Carbohydrate
2.2g
7.1g
Sugars
1.5g
5g
Sodium
21mg
69mg
Dietary Fibre (total)
0.6g
2g
* Percentage Daily Intakes are based on an average adult diet of 8700 kJ. Your daily intakes may be higher or lower depending on your energy needs.",,https://www.coles.com.au/product/bobby-prebiotic-soft-drink-creamy-soda-330ml-5798296,,,2024-06-16T10:04:32.145385-04:00
Ind56SColes_ADrinks_SACold drinks_IBundaberg Brewed Drink Ginger Beer Bottle | 375mL,Bundaberg Brewed Drink Ginger Beer Bottle | 375mL,Bundaberg,Drinks,Cold drinks,Cold soft drinks,,$3.50,,,$9.33 per 1L,2782562,"It's always cloudy in a bottle of good, old-fashioned Ginger Beer. Hold this bottle to the light and you'll see it's full of real ginger pieces, traditionally brewed to a genuine old recipe to release the natural flavours of ginger.- Australian Family Owned- Craft Brewed Over 3 Days- No Artificial Colours or Flavours- Made in Australia",,,"Per 100g/ml
Per Serving
%DI
Energy
182kJ
682kJ
8%
Protein
<1g
<1g
0%
Total Fat
<1g
<1g
0%
Saturated Fat
<1g
<1g
0%
Carbohydrate
10.7g
40.1g
13%
Sugars
10.6g
39.8g
44%
Sodium
11mg
41.3mg
2%
* Percentage Daily Intakes are based on an average adult diet of 8700 kJ. Your daily intakes may be higher or lower depending on your energy needs.",,https://www.coles.com.au/product/bundaberg-brewed-drink-ginger-beer-bottle-375ml-2782562,,,2024-06-16T10:04:43.190019-04:00
Ind56SColes_ADrinks_SACold drinks_ICoca-Cola Zero Sugar Soft Drink Can | 250mL,Coca-Cola Zero Sugar Soft Drink Can | 250mL,Coca-Cola,Drinks,Cold drinks,Cold soft drinks,,$2.50,,,$10.00 per 1L,2993761,"Coca-Cola Zero Sugar is a deliciously light choice for those who want the classic taste of Coke with no sugar. Whether sharing with family and friends or accompanying a meal, Coca-Cola Zero Sugar has a pack for almost any occasion. Coca-Cola Zero Sugar soft drink is available in cans, mini cans, single serve and sharing size bottles as well as multipacks.
The Coke Taste You Love with No Sugar and Low Calories

Serve Drink Cold for Maximum Refreshment

A Quality Product of The Coca-Cola Company

Perfect for drinking on the go, having with a meal or relaxing with at home.

Serve Drink Cold for Maximum Refreshment",,,"Per 100g/ml
Per Serving
%DI
Energy
1.2
3
0.1
Protein
0.02
0.06
0.1
Total Fat
0
0
0
Saturated Fat
0
0
0
Carbohydrate
0.03
0.08
0.1
Sugars
0
0
0
Sodium
4.1
10.3
0.4
Energy (Cal)
0.3
0.7
0.1
Dietary Fibre (total)
0
0
0
* Percentage Daily Intakes are based on an average adult diet of 8700 kJ. Your daily intakes may be higher or lower depending on your energy needs.",,https://www.coles.com.au/product/coca-cola-zero-sugar-soft-drink-can-250ml-2993761,,,2024-06-16T10:04:54.059893-04:00
Ind56SColes_ADrinks_SACold drinks_IFanta Orange Soft Drink Can | 250mL,Fanta Orange Soft Drink Can | 250mL,Fanta,Drinks,Cold drinks,Cold soft drinks,,$2.50,,,$10.00 per 1L,2034149,"Bright, bubbly and popular, Fanta is the orange soft drink with a tingly, fruity and bold taste. Fanta is perfect for enjoying with friends, on-the-go or with your meals.
Bold fruity taste with no artificial colours or flavours
Guilt-free soda with 40% less sugar
Proudly made in Australia with imported and local ingredients 
Mini can is ideal for thirst-quenching on-the-go.",,,"Per 100g/ml
Per Serving
%DI
Energy
79kJ
199kJ
2%
Protein
0g
0g
0%
Total Fat
0g
0g
0%
Carbohydrate
4.6g
11.4g
4%
Sugars
4.5g
11.3g
13%
Sodium
6.8mg
17mg
0.70%
Saturated
0g
0g
0%
Energy (Cal)
19Cal
47Cal
2%
Dietary Fibre (total)
0g
0g
0%
* Percentage Daily Intakes are based on an average adult diet of 8700 kJ. Your daily intakes may be higher or lower depending on your energy needs.",,https://www.coles.com.au/product/fanta-orange-soft-drink-can-250ml-2034149,,,2024-06-16T10:05:04.622365-04:00
Ind56SColes_ADrinks_SAEnergy drinks_IMother Original Energy Drink Can | 500mL,Mother Original Energy Drink Can | 500mL,Mother,Drinks,Energy drinks,Single cans,,$3.15,,,$6.30 per 1L,6526906,"Under the stars of the Southern Cross we live life our way. Life is in perpetual motion and to slow down is to be left in the dust.

The infinite bounds of sunburnt land and barrelling blue swells are limited only by your imagination. Kick out the sand, pump up the tunes, and rip into some Mother. Crisp and cool with a kaleidoscope blend of flavours, it'll keep the fast times spinning morning, noon and night.

Mother is calling. Pursue your dreams. Search for adventure. Get out there and let the good times flow!",,,"Per 100g/ml
Per Serving
%DI
Energy
183kJ
915kJ
Protein
0g
0g
Total Fat
0g
0g
Saturated Fat
0g
0g
Carbohydrate
10.1g
51g
Sugars
10.1g
51g
Taurine
400mg
2000mg
Vitamin B3
1.8mg
9.0mg
Vitamin B12
0.1ug
0.5ug
Sodium
48mg
240mg
Energy (Cal)
44Cal
219Cal
Vitamin B5
0.66mg
3.3mg
Vitamin B6
0.2mg
1.0mg
Caffeine
31.9mg
160mg
* Percentage Daily Intakes are based on an average adult diet of 8700 kJ. Your daily intakes may be higher or lower depending on your energy needs.",,https://www.coles.com.au/product/mother-original-energy-drink-can-500ml-6526906,,,2024-06-16T10:05:15.307767-04:00
Ind56SColes_ADrinks_SACold drinks_IKirks Portello Soft Drink Bottle | 600mL,Kirks Portello Soft Drink Bottle | 600mL,Kirks,Drinks,Cold drinks,Cold soft drinks,,$2.95,,$3.70,$4.92 per 1L,2599679,"This ain't just any portello, this is Kirks Portello. You can only get it right here in Victoria, so keep it under your hat - it's our little secret. They'll never know what they've missed out on, so enjoy your Kirks Portello! Kirks Portello is also available in 1.25L Bottle and 10 x 375mL multipack cans.
Portello

No artificial colours or flavours

Fun refreshment for any occasion

Uniquely Australian

600mL Bottle Soft drink",,,,,https://www.coles.com.au/product/kirks-portello-soft-drink-bottle-600ml-2599679,,,2024-06-16T10:05:23.913721-04:00
Ind56SColes_ADrinks_SACold drinks_IPump Spring Water Bottle | 750mL,Pump Spring Water Bottle | 750mL,Pump,Drinks,Cold drinks,Cold water,,$3.00,,,$4.00 per 1L,8966590,"Pump Water will help you stay hydrated throughout the day. This purified water comes with an easy to use sipper cap making it perfect for drinking on the go.
Purified Spring Water

Sipper Cap

Hydrate On the Go

750mL

Bottled Water",,,"Per 100g/ml
Per Serving
%DI
Energy
0
0
0
Protein
0
0
0
Total Fat
0
0
0
Saturated Fat
0
0
0
Carbohydrate
0
0
0
Sugars
0
0
0
Sodium
5.0
38
1
Energy (Cal)
0
0
0
* Percentage Daily Intakes are based on an average adult diet of 8700 kJ. Your daily intakes may be higher or lower depending on your energy needs.",Spring Water,https://www.coles.com.au/product/pump-spring-water-bottle-750ml-8966590,,,2024-06-16T10:05:35.095029-04:00
Ind56SColes_ADrinks_SACold drinks_ICoca Cola Soft Drink Coke With Lime Zero | 600mL,Coca Cola Soft Drink Coke With Lime Zero | 600mL,Coca Cola,Drinks,Cold drinks,Cold soft drinks,,$4.25,,,$7.08 per 1L,7714526,"Coca-Cola Zero Sugar Lime soft drink delivers a delicious twist on the Classic Coke taste with a delicious splash of lime flavour. Coca-Cola Zero Sugar Lime soft drink is available in bottles.
Real Coke Taste with Zero Sugar

Hint of Lime Flavour

600 mL pack size

Serve drink cold for maximum refreshment",,,"Per 100g/ml
Per Serving
%DI
Energy
2.9
17
Protein
0.02
0.1
Total Fat
0
0
Saturated Fat
0
0
Carbohydrate
0.03
0.2
Sugars
0
0
Sodium
4.1
25
Energy (Cal)
0.7
4.1
Dietary Fibre (total)
0
0
* Percentage Daily Intakes are based on an average adult diet of 8700 kJ. Your daily intakes may be higher or lower depending on your energy needs.","Carbonated water, Colour (150d), Flavour, Food Acids (338, 331), Sweeteners (951, 950), Caffeine.",https://www.coles.com.au/product/coca-cola-soft-drink-coke-with-lime-zero-600ml-7714526,,,2024-06-16T10:05:45.754210-04:00
Ind56SColes_ADrinks_SAEnergy drinks_IMother Energy Drink Rainbow Sherbert | 500mL,Mother Energy Drink Rainbow Sherbert | 500mL,Mother,Drinks,Energy drinks,Single cans,,$3.15,,,$6.30 per 1L,6413160,"Under the stars of the Southern Cross we live life our way. Life is in perpetual motion and to slow down is to be left in the dust. 

The infinite bounds of sunburnt land and barrelling blue swells are limited only by your imagination. Kick out the sand, pump up the tunes, and rip into some Mother. Crisp and cool with a kaleidoscope blend of flavours, it'll keep the fast times spinning morning, noon and night. 

Mother is calling. Pursue your dreams. Search for adventure. Get out there and let the good times flow!",,,"Per 100g/ml
Per Serving
%DI
Energy
237kJ
1185kJ
Protein
0g
0g
Total Fat
0g
0g
Saturated Fat
0g
0g
Carbohydrate
14.1g
70.5g
Sugars
13.5g
67.5g
Taurine
400mg
2000mg
Inositol
2.0mg
10mg
Vitamin B3
4.5mg
22.5mg
Vitamin B12
0.7ug
3.5ug
Sodium
50mg
250mg
Energy (Cal)
57Cal
283Cal
Vitamin B5
1.7mg
8.5mg
Vitamin B6
0.4mg
2.0mg
Caffeine
30mg
150mg
* Percentage Daily Intakes are based on an average adult diet of 8700 kJ. Your daily intakes may be higher or lower depending on your energy needs.",,https://www.coles.com.au/product/mother-energy-drink-rainbow-sherbert-500ml-6413160,,,2024-06-16T10:05:56.592834-04:00
Ind56SColes_ADrinks_SACold drinks_IFanta Raspberry Zero Sugar Soft Drink Bottle | 600mL,Fanta Raspberry Zero Sugar Soft Drink Bottle | 600mL,Fanta,Drinks,Cold drinks,Cold soft drinks,,$4.25,,,$7.08 per 1L,5320246,"Bright, bubbly and popular, Fanta Raspberry Zero Sugar is a sparkling soft drink with delicious raspberry flavour with no sugar. Fanta Raspberry Zero Sugar is perfect for relaxing at home, on the go or having with meals. Fanta Raspberry Zero Sugar is available in cans, mini cans, single serve and sharing size bottles.
Zero Sugar

Raspberry flavour

600mL Soft Drink

Bring home flavour

Serve Drink Cold for Maximum Refreshment",,,"Per 100g/ml
Per Serving
%DI
Energy
2.8
17
0.2
Protein
0
0
0
Total Fat
0
0
0
Saturated Fat
0
0
0
Carbohydrate
0
0
0
Sugars
0
0
0
Sodium
1
6
0.3
Energy (Cal)
0.7
4.1
0.2
Dietary Fibre (total)
0
0
0
* Percentage Daily Intakes are based on an average adult diet of 8700 kJ. Your daily intakes may be higher or lower depending on your energy needs.","Carbonated Water, Flavour, Food Acid (330), Sweeteners (955, 950), Preservative (202), Colour (122).",https://www.coles.com.au/product/fanta-raspberry-zero-sugar-soft-drink-bottle-600ml-5320246,,,2024-06-16T10:06:07.890321-04:00
Ind56SColes_ADrinks_SAEnergy drinks_IMonster Ultra Fiesta Mango Flavour Energy Drink Can | 500mL,Monster Ultra Fiesta Mango Flavour Energy Drink Can | 500mL,Monster,Drinks,Energy drinks,Single cans,,$2.80,,$4.05,$5.60 per 1L,4402516,"Sleep later, cause tonight we're going to fiesta like there's no manana!

Ultra Fiesta celebrates the nights that turn into morning and the friends we now call familia.

Zero sugar Ultra Fiesta blends juicy mango flavour into the Ultra we love finished-off with a full load of our Monster Energy blend.

iDe nada!

Unleash the Ultra Beast!",,,"Per 100g/ml
Per Serving
%DI
Energy
12kJ
60kJ
Protein
0g
0g
Total Fat
0g
0g
Saturated Fat
0g
0g
Carbohydrate
1.3g
6.5g
Sugars
0g
0g
Taurine
400mg
2000mg
Inositol
2mg
10mg
Vitamin B3
8.0mg
40mg
Glucuronolactone
2mg
10mg
Vitamin B12
2.0ug
10ug
Sodium
79mg
395mg
Energy (Cal)
3Cal
14Cal
Dietary Fibre (total)
0g
0g
Vitamin B5
2.0mg
10mg
Vitamin B6
0.85mg
4.3mg
Caffeine
31mg
155mg
* Percentage Daily Intakes are based on an average adult diet of 8700 kJ. Your daily intakes may be higher or lower depending on your energy needs.",,https://www.coles.com.au/product/monster-ultra-fiesta-mango-flavour-energy-drink-can-500ml-4402516,,,2024-06-16T10:06:18.660704-04:00
Ind56SColes_ADrinks_SACold drinks_ISunkist Soft Drink Orange | 600mL,Sunkist Soft Drink Orange | 600mL,Sunkist,Drinks,Cold drinks,Cold soft drinks,,$3.95,,,$6.58 per 1L,7144767,"Quench your thirst with the refreshing taste of Sunkist, a zesty orange flavoured drink that is perfect for any occasion. This beverage is made with natural orange flavours, giving you a natural and authentic flavour experience that is sure to leave you feeling satisfied.

Sunkist comes in a convenient 600mL bottle, making it easy to take with you on the go. Whether you are at the gym, on a hike, or just running errands, this drink will keep you hydrated and refreshed throughout the day.

In addition to being delicious and refreshing, Sunkist is also a healthier alternative to other sugary drinks on the market. It is low in calories and contains no added sugars, making it a sugar-free indulgence that you can enjoy anytime.

If you are looking for a high-quality orange flavoured drink that is both tasty and great, look no further than Sunkist. With its natural ingredients and great taste, it is the perfect choice for anyone who wants to stay hydrated and refreshed while enjoying a delicious beverage. Order your 600mL bottle today and start enjoying this fantastic drink!
Natural orange flavour with real fruit juice.

Low in calories and contains no added sugars for sugar-free indulgence.

Convenient 600mL bottle for hydrating on the go.

Perfect for any occasion, from the gym to running errands.

High-quality orange flavoured drink for great and tasty refreshment.",,,"Per 100g/ml
Per Serving
%DI
Energy
202kJ
1210kJ
14%
Protein
0g
0g
0%
Total Fat
0g
0g
0%
Saturated Fat
0g
0g
0%
Carbohydrate
11.8g
70.8g
23%
Sugars
11.8g
70.8g
79%
Sodium
12mg
72mg
3%
* Percentage Daily Intakes are based on an average adult diet of 8700 kJ. Your daily intakes may be higher or lower depending on your energy needs.",,https://www.coles.com.au/product/sunkist-soft-drink-orange-600ml-7144767,,,2024-06-16T10:06:29.561613-04:00
Ind56SColes_ADrinks_SAEnergy drinks_IRed Bull Energy Drink Pear Cinnamon Winter Edition | 250mL,Red Bull Energy Drink Pear Cinnamon Winter Edition | 250mL,Red Bull,Drinks,Energy drinks,Single cans,,$3.10,Pick any 2 for $5.30,,$12.40 per 1L,7867888,"Red Bull Winter Edition Pear & Cinnamon 250mL Can
RED BULL GIVES YOU WINGS
Inspired by functional drinks from the Far East, Dietrich Mateschitz founded Red Bull in the mid-1980s. He developed a new product and a unique marketing concept and launched Red Bull Energy Drink on April 1, 1987 in Austria. A brand new product category - Energy Drinks - was born.
WHEN TO DRINK
Appreciated worldwide by top athletes, students, busy professionals and travellers on long journeys.
WHAT'S INSIDE THE CAN
Caffeine: Caffeine was already known by ancient civilizations. They consumed it from natural sources like tea, coffee, cacao beans and cola nuts and appreciated its stimulating effects on the human body.
B-group vitamins: Vitamins are essential micronutrients that are required for maintaining normal body functions. Taurine: Taurine is an amino acid, naturally occurring in the human body and present in the daily diet. It is involved in a wide range of biological processes.
Taurine: Taurine is an amino acid, naturally occurring in the human body and present in the daily diet. It is involved in a wide range of biological processes.
Red Bull Winter Edition special formula contains ingredients of high quality: Caffeine, Taurine, B-Group Vitamins, Sugars, Alpine water

One 250ml can of Red Bull Energy Drink contains 80 mg of caffeine, about the same amount as in a cup of home-brewed coffee.

The amount of sugars in a can of Red Bull is comparable to the level of sugars in an equivalent amount of apple or orang

Red Bull cans are made of 100% recyclable aluminum",,,"Per 100g/ml
Per Serving
%DI
Energy
190kJ
476kJ
5%
Protein
0g
0g
0%
Total Fat
0g
0g
0%
Saturated Fat
0g
0g
0%
Carbohydrate
11g
27g
9%
Sugars
11g
27g
30%
Taurine
400mg
1000mg
Sodium
35mg
89mg
4%
Vitamin B12
2
5
Phytic Acid
2 mg
5 mg
Vitamin B6
2mg
5 mg
Caffeine
32 mg
80 mg
* Percentage Daily Intakes are based on an average adult diet of 8700 kJ. Your daily intakes may be higher or lower depending on your energy needs.",,https://www.coles.com.au/product/red-bull-energy-drink-pear-cinnamon-winter-edition-250ml-7867888,,,2024-06-16T10:06:40.422225-04:00
Ind56SColes_ADrinks_SAEnergy drinks_IMonster Pipeline Punch Can | 500mL,Monster Pipeline Punch Can | 500mL,Monster,Drinks,Energy drinks,Single cans,,$2.80,,$4.05,$5.60 per 1L,3511469,"Banzai Pipeline, the world's most famous wave, on Oahu's fabled North Shore comes alive for just a few brief months every winter. In honor of this epic force of nature, we created Juice Monster Pipeline Punch.

The perfect blend of the best flavours Hawaii has to offer + passion fruit, orange & guava, then Monsterized with a full load of our famous energy blend.

And, just like the wave is named for, it is destined to become a legend!",,,"Per 100g/ml
Per Serving
%DI
Energy
161kJ
805kJ
Protein
0g
0g
Total Fat
0g
0g
Saturated Fat
0g
0g
Carbohydrate
9.5g
47g
Sugars
9.0g
45g
Taurine
400mg
2000mg
Inositol
2mg
10mg
Vitamin B2
0.72mg
3.6mg
Vitamin B3
8.0mg
40mg
Vitamin B12
2ug
10ug
Sodium
16mg
80mg
Energy (Cal)
39Cal
193Cal
Vitamin B6
0.85mg
4.25mg
Caffeine
31mg
155mg
* Percentage Daily Intakes are based on an average adult diet of 8700 kJ. Your daily intakes may be higher or lower depending on your energy needs.","Carbonated Water, Sucrose, Orange Juice From Concentrate (5%), Dextrose, Apple Juice From Concentrate, Taurine, Acidity Regulators (Citric Acid, Sodium Citrate), Flavours, Panax Ginseng Extract, Guava Juice From Concentrate (0.05%), Pineapple Juice From Concentrate, Preservatives (Potassium Sorbate, Sodium Benzoate), Passionfruit Juice From Concentrate (0.03%), Caffeine, Sweetener (Sucralose), Vitamins [Niacin (B3), Vitamin B6, Riboflavin (B2), Vitamin B12], Salt, Inositol, Guarana Seed Extract, Colour (Allura Red Ac). Total Fruit Juice from Concentrate: 6%",https://www.coles.com.au/product/monster-pipeline-punch-can-500ml-3511469,,,2024-06-16T10:06:51.190695-04:00
Ind56SColes_ADrinks_SAEnergy drinks_IMonster Energy Mango Loco Can | 500mL,Monster Energy Mango Loco Can | 500mL,Monster,Drinks,Energy drinks,Single cans,,$2.80,,$4.05,$5.60 per 1L,3290778,"On the eve of October 31st each year, friends and family gather to celebrate Dia de Los Muertos. Marigolds, mysticism and memories combined with food and drink entice the souls of the departed to join the party.

Mango Loco is ia heavenly blend of exotic juices certain to attract even the most stubborn spirit.

Crazy good taste with just enough of the Monster Magic to keep the party going for days...",,,"Per 100g/ml
Per Serving
%DI
Energy
215kJ
1075kJ
Protein
0g
0g
Total Fat
0g
0g
Saturated Fat
0g
0g
Carbohydrate
13g
65g
Sugars
12g
60g
Taurine
400mg
2000mg
Inositol
2mg
10mg
Vitamin B2
0.72mg
3.6mg
Vitamin B3
8mg
40mg
Glucuronolactone
2mg
10mg
Vitamin B12
2.0ug
10.0ug
Sodium
23mg
115mg
Energy (Cal)
51Cal
257Cal
Dietary Fibre (total)
0g
0g
Vitamin B6
0.85mg
4.25mg
Caffeine
30mg
150mg
* Percentage Daily Intakes are based on an average adult diet of 8700 kJ. Your daily intakes may be higher or lower depending on your energy needs.",,https://www.coles.com.au/product/monster-energy-mango-loco-can-500ml-3290778,,,2024-06-16T10:07:02.000386-04:00
Ind56SColes_ADrinks_SACold drinks_IFanta Soft Drink Pineapple Zero | 600mL,Fanta Soft Drink Pineapple Zero | 600mL,Fanta,Drinks,Cold drinks,Cold soft drinks,,$4.25,,,$7.08 per 1L,7714537,"Bright, bubbly and popular, Fanta Pineapple is a sparkling soft drink with delicious pineapple flavour. Fanta Pineapple softdrink is perfect for relaxing at home, on the go or having with meals. Fanta Pineapple is available in single serve and sharing size bottles.
Bold fruity taste

A Quality Product of The Coca-Cola Company

Pineapple Flavour

600 mL Soft Drink

Bring home flavour",,,"Per 100g/ml
Per Serving
%DI
Energy
2.4
14.5
Protein
0
0
Total Fat
0
0
Saturated Fat
0
0
Carbohydrate
0.02
0.09
Sugars
0
0
Sodium
6.8
41
Energy (Cal)
0.6
3.5
Dietary Fibre (total)
0
0
* Percentage Daily Intakes are based on an average adult diet of 8700 kJ. Your daily intakes may be higher or lower depending on your energy needs.",,https://www.coles.com.au/product/fanta-soft-drink-pineapple-zero-600ml-7714537,,,2024-06-16T10:07:12.573488-04:00
Ind56SColes_ADrinks_SACold drinks_IFanta Orange Soft Drink Bottle | 600mL,Fanta Orange Soft Drink Bottle | 600mL,Fanta,Drinks,Cold drinks,Cold soft drinks,,$4.25,,,$7.08 per 1L,5603820,"Bright, bubbly and popular, Fanta is the orange soft drink with a tingly, fruity and bold taste. With no artificial colours, Fanta softd rink is perfect for enjoying with friends, on the go or having with meals. Fanta Orange is available in cans, mini cans, single serve and sharing size bottles as well as multipacks.
Bold fruity taste

No artificial colours

Orange flavour

Bring home flavour

Orange flavour",,,"Per 100g/ml
Per Serving
%DI
Energy
127
760
5
Protein
0
0
0
Total Fat
0
0
0
Saturated Fat
0
0
0
Carbohydrate
7.3
44
9
Sugars
7.2
43
30
Sodium
1.1
6.6
2
Energy (Cal)
30
182
5
Dietary Fibre (total)
0
0
0
* Percentage Daily Intakes are based on an average adult diet of 8700 kJ. Your daily intakes may be higher or lower depending on your energy needs.","Carbonated Water, Sugar, Orange Juice from Concentrate (2.1%), Food Acids (330, 329, 333), Flavour, Natural Colour (160a), Preservative (202), Sweeteners (950, 955), Antioxidant (300).",https://www.coles.com.au/product/fanta-orange-soft-drink-bottle-600ml-5603820,,,2024-06-16T10:07:23.863643-04:00
Ind56SColes_ADrinks_SACold drinks_ICoca-Cola Diet Coke Soft Drink Can | 250mL,Coca-Cola Diet Coke Soft Drink Can | 250mL,Coca-Cola,Drinks,Cold drinks,Cold soft drinks,,$2.50,,,$10.00 per 1L,2034127,"Diet Coke is a deliciously light, sugar free and no kilojoule soft drink. It delivers a distinct, unique and light taste. With its bubbly sparkle, 'Diet Coke' has been refreshing and delighting drinkers for decades. The perfect sparkling soft drink for enjoying on the go, having with a meal or relaxing with at home. Coca-Cola Diet soft drink is available in cans, mini cans, single serve and sharing size bottles as well as multipacks.
Distinct Diet Coke Taste

No Sugar and Low Kilojoule

A Quality Product of The Coca-Cola Company

250mL Soft Drink

Perfect for drinking on the go, having with a meal or relaxing with at home.",,,"Per 100g/ml
Per Serving
%DI
Energy
1.9
4.8
0.1
Protein
0.05
0.1
0.3
Total Fat
0
0
0
Saturated Fat
0
0
0
Carbohydrate
0.1
0.3
0.1
Sugars
0
0
0
Sodium
1
2.5
0.1
Energy (Cal)
0.5
1.1
0.1
Dietary Fibre (total)
0
0
0
* Percentage Daily Intakes are based on an average adult diet of 8700 kJ. Your daily intakes may be higher or lower depending on your energy needs.",,https://www.coles.com.au/product/coca-cola-diet-coke-soft-drink-can-250ml-2034127,,,2024-06-16T10:07:34.903076-04:00
Ind56SColes_ADrinks_SAEnergy drinks_IMonster Energy Ultra Can | 500mL,Monster Energy Ultra Can | 500mL,Monster,Drinks,Energy drinks,Single cans,,$2.80,,$4.05,$5.60 per 1L,2787147,"Some people are impossible to please. As soon as they get what they thought they wanted they always want more. Our team riders and Monster Girls are no different... they've been dropping some hints lately. 

They've been asking us for a new Monster drink. A little less sweet, lighter-tasting, low calories, but with a full load of our Monster energy blend.

Sure, white is the new black. We went all out: Monster Energy Zero Ultra.

Unleash the Ultra Beast!",,,"Per 100g/ml
Per Serving
%DI
Energy
12kJ
60kJ
Protein
0g
0g
Total Fat
0g
0g
Saturated Fat
0g
0g
Carbohydrate
1.4g
7.0g
Sugars
0g
0g
Taurine
400mg
2000mg
Inositol
2mg
10mg
Vitamin B3
8.0mg
40mg
Glucuronolactone
2mg
10mg
Vitamin B12
2.0ug
10ug
Sodium
76mg
380mg
Energy (Cal)
3Cal
14Cal
Dietary Fibre (total)
0g
0g
Vitamin B5
2.0mg
10mg
Vitamin B6
0.85mg
4.3mg
Caffeine
32mg
160mg
* Percentage Daily Intakes are based on an average adult diet of 8700 kJ. Your daily intakes may be higher or lower depending on your energy needs.",,https://www.coles.com.au/product/monster-energy-ultra-can-500ml-2787147,,,2024-06-16T10:07:46.407160-04:00
Ind56SColes_ADrinks_SAEnergy drinks_IMother Sugar Free Energy Drink Can | 500mL,Mother Sugar Free Energy Drink Can | 500mL,Mother,Drinks,Energy drinks,Single cans,,$3.15,,,$6.30 per 1L,9878386,"Under the stars of the Southern Cross we live life our way. Life is in perpetual motion and to slow down is to be left in the dust. 

The infinite bounds of sunburnt land and barreling blue swells are limited only by your imagination. Kick out the sand, pump up the tunes, and rip into some Mother. Crisp and cool with kaleidoscope blend of flavours, it'll keep the fast times spinning morning, noon and night.

Mother is calling. Pursue your dreams. Search for adventure. Get out there and let the good times flow!",,,"Per 100g/ml
Per Serving
%DI
Energy
12kJ
60kJ
Protein
0.05g
0.3g
Total Fat
0g
0g
Saturated Fat
0g
0g
Carbohydrate
0.1g
0.5g
Sugars
0g
0g
Taurine
400mg
2000mg
Vitamin B3
1.8mg
9.0mg
Sodium
48mg
240mg
Energy (Cal)
3Cal
14Cal
Dietary Fibre (total)
0g
0g
Vitamin B5
0.66mg
3.3mg
Vitamin B6
0.2mg
1.0mg
Caffeine
30.5mg
153mg
* Percentage Daily Intakes are based on an average adult diet of 8700 kJ. Your daily intakes may be higher or lower depending on your energy needs.",,https://www.coles.com.au/product/mother-sugar-free-energy-drink-can-500ml-9878386,,,2024-06-16T10:07:57.473666-04:00
Ind56SColes_ADrinks_SACold drinks_ISolo Thirst Crusher Original Lemon Soft Drink Bottle | 600mL,Solo Thirst Crusher Original Lemon Soft Drink Bottle | 600mL,Solo,Drinks,Cold drinks,Cold soft drinks,,$3.95,,,$6.58 per 1L,7144778,"Introducing Solo Thirst Crusher Original Lemon, the perfect thirst-quenching drink that is sure to satisfy your taste buds. Made with 5% crushed lemons to ensure that every sip is packed with a deliciously tangy lemon flavour that is simply irresistible.

Ideal for those hot, summer days when you need to cool down, Solo Thirst Crusher Original Lemon is available in a convenient 24 x 375mL pack, making it perfect for sharing with family and friends. Whether you are enjoying a picnic in the park, heading to the beach, or simply relaxing at home, Solo Thirst Crusher Original Lemon is the perfect drink to keep you hydrated and refreshed.

And, if you're looking for a drink that is both delicious and refreshing, Solo Thirst Crusher Original Lemon is the way to go.

So why wait? Order your pack of Solo Thirst Crusher Original Lemon today and experience the deliciously refreshing taste of natural lemons in every sip. With its fantastic taste, Solo Thirst Crusher Original Lemon is the perfect drink for anyone who wants to stay fresh and hydrated throughout the day.
Made with 5% crushed lemons for tangy flavour

Free from artificial colours and flavours for a healthier choice

Premium quality drink bold flavors and natural ingredients",,,"Per 100g/ml
Per Serving
%DI
Energy
200kJ
1200kJ
14%
Protein
0.1g
0.6g
1%
Total Fat
0g
0g
0%
Saturated Fat
0g
0g
0%
Carbohydrate
11.5g
69.0g
22%
Sugars
11.5g
69.0g
77%
Sodium
18mg
108mg
5%
* Percentage Daily Intakes are based on an average adult diet of 8700 kJ. Your daily intakes may be higher or lower depending on your energy needs.",,https://www.coles.com.au/product/solo-thirst-crusher-original-lemon-soft-drink-bottle-600ml-7144778,,,2024-06-16T10:08:08.164733-04:00
Ind56SColes_ADrinks_SACold drinks_ISprite Lemon Plus Zero Sugar Soft Drink | 600mL,Sprite Lemon Plus Zero Sugar Soft Drink | 600mL,Sprite,Drinks,Cold drinks,Cold soft drinks,,$4.25,,,$7.08 per 1L,5625367,"Sprite LEMON+ Zero sugar delivers cut through refreshment. With added caffeine Sprite Lemon + Zero Sugar helps refresh your mind, so you can go back to being yourself and doing what you love. Sprite Lemon+ has great zesty lemon flavour. Try now in various pack sizes. Available in single and multi-pack cans and bottles.
Hit of refreshment

Zero Sugar

Zesty' lemon flavour

Crisp lemon aroma

600mL PET

Crisp lemon aroma.",,,"Per 100g/ml
Per Serving
%DI
Energy
7.9
47
0.5
Protein
0
0
0
Total Fat
0
0
0
Saturated Fat
0
0
0
Carbohydrate
0
0
0
Sugars
0
0
0
Sodium
16
96
4
Energy (Cal)
1.9
11.4
0.5
Dietary Fibre (total)
0
0
0
Caffeine
15
91
* Percentage Daily Intakes are based on an average adult diet of 8700 kJ. Your daily intakes may be higher or lower depending on your energy needs.",,https://www.coles.com.au/product/sprite-lemon-plus-zero-sugar-soft-drink-600ml-5625367,,,2024-06-16T10:08:19.604027-04:00
Ind56SColes_ADrinks_SA_ICoca-Cola Zero Sugar Vanilla Soft Drink Bottle | 600mL,Coca-Cola Zero Sugar Vanilla Soft Drink Bottle | 600mL,Coca-Cola,Drinks,,,,$4.25,,,$7.08 per 1L,3271139,"Coca-Cola Vanilla Zero Sugar has the refreshing Coca-Cola taste with the sweet aroma of vanilla and no sugar, making it a delicious twist on an old favourite. Coca-Cola Vanilla Zero Sugar soft drink is available in multipack cans, single serve bottles and sharing size bottles. There's a pack for almost any occasion.
Classic Coke Taste with a Twist

Hint of Vanilla

No Sugar

600mL bottle soft drink

Perfect for drinking on the go, having with a meal or relaxing with at home.",,,"Per 100g/ml
Per Serving
%DI
Energy
1
5.9
0.1
Protein
0.05
0.3
0.6
Total Fat
0
0
0
Saturated Fat
0
0
0
Carbohydrate
0.1
0.6
0.2
Sugars
0
0
0
Sodium
1
6
0.3
Energy (Cal)
0.2
1.4
0.1
Dietary Fibre (total)
0
0
0
* Percentage Daily Intakes are based on an average adult diet of 8700 kJ. Your daily intakes may be higher or lower depending on your energy needs.",,https://www.coles.com.au/product/coca-cola-zero-sugar-vanilla-soft-drink-bottle-600ml-3271139,,,2024-06-16T10:08:30.764082-04:00
Ind56SColes_ADrinks_SACold drinks_IMount Franklin Sparklin Water Natural Bottle | 450mL,Mount Franklin Sparklin Water Natural Bottle | 450mL,Mount Franklin,Drinks,Cold drinks,Cold water,,$3.10,,,$6.89 per 1L,7429723,"Pure Australian Spring Water infused with delicate bubbles. No sugar, sweeteners, no preservatives and low kilojoule. Icy cold refreshment, perfect to enjoy with family and friends or on the go. They are the perfect choice for those who want to add a little sparkle to their day.
Australian Sparkling Spring Water

Hint of natural flavour

No sugar, no sweeteners, no preservatives

450mL Bottle Soft Drink

Perfect for drinking with friends",,,"Per 100g/ml
Per Serving
%DI
Energy
0
0
0
Protein
0
0
0
Total Fat
0
0
0
Saturated Fat
0
0
0
Carbohydrate
0
0
0
Sugars
0
0
0
Sodium
1.0
4.5
0.2
Energy (Cal)
0
0
0
* Percentage Daily Intakes are based on an average adult diet of 8700 kJ. Your daily intakes may be higher or lower depending on your energy needs.",,https://www.coles.com.au/product/mount-franklin-sparklin-water-natural-bottle-450ml-7429723,,,2024-06-16T10:08:41.770211-04:00
Ind56SColes_ADrinks_SAEnergy drinks_IRed Bull Energy Drink Acai | 250mL,Red Bull Energy Drink Acai | 250mL,Red Bull,Drinks,Energy drinks,Single cans,,$3.10,Pick any 2 for $5.30,,$12.40 per 1L,5506492,"RED BULL GIVES YOU WINGS
Inspired by functional drinks from the Far East, Dietrich Mateschitz founded Red Bull in the mid-1980s. He developed a new product and a unique marketing concept and launched Red Bull Energy Drink on April 1, 1987 in Austria. A brand new product category - Energy Drinks - was born.
WHEN TO DRINK
Appreciated worldwide by top athletes, students, busy professionals and travellers on long journeys.
Exotic taste of Acai berry

Sugar Free flavor

Energy with a twist of flavor and without sugar",,,"Per 100g/ml
Per Serving
%DI
Energy
10 kJ
25 kJ
0.30%
Protein
0
0
0
Total Fat
0
0
0
Saturated Fat
0
0
0
Carbohydrate
0
0
0
Sugars
0
0
0
Taurine
400mg
1000mg
Vitamin B12
2:00 PM
5:00 PM
Sodium
36 mg
89 mg
4%
Monounsaturated
0
0
Energy (Cal)
0
0
Dietary Fibre (total)
0
0
Polyunsaturated
0
0
Trans
0
0
Vitamin B6
2mg
5 mg
Caffeine
32 mg
80 mg
* Percentage Daily Intakes are based on an average adult diet of 8700 kJ. Your daily intakes may be higher or lower depending on your energy needs.",,https://www.coles.com.au/product/red-bull-energy-drink-acai-250ml-5506492,,,2024-06-16T10:08:52.778861-04:00
Ind56SColes_ADrinks_SAEnergy drinks_IRed Bull Sugar Free Energy Drink Single Can | 250mL,Red Bull Sugar Free Energy Drink Single Can | 250mL,Red Bull,Drinks,Energy drinks,Single cans,,$3.10,Pick any 2 for $5.30,,$12.40 per 1L,9505006,"Red Bull Energy Drink, Sugar Free, 250mL

RED BULL GIVES YOU WINGS
Inspired by functional drinks from the Far East, Dietrich Mateschitz founded Red Bull in the mid-1980s. He developed a new product and a unique marketing concept and launched Red Bull Energy Drink on April 1, 1987 in Austria. A brand new product category - Energy Drinks - was born.
WHEN TO DRINK
Appreciated worldwide by top athletes, students, busy professionals and travellers on long journeys.
WHAT'S INSIDE THE CAN
Caffeine: Caffeine was already known by ancient civilizations. They consumed it from natural sources like tea, coffee, cacao beans and cola nuts and appreciated its stimulating effects on the human body.
B-group vitamins: Vitamins are essential micronutrients that are required for maintaining normal body functions. Taurine: Taurine is an amino acid, naturally occurring in the human body and present in the daily diet. It is involved in a wide range of biological processes.
Taurine: Taurine is an amino acid, naturally occurring in the human body and present in the daily diet. It is involved in a wide range of biological processes.
Aspartame & Acesulfame K: Aspartame and Acesulfame K are among the most-tested and most-used sugar substitutes worldwide.
Alpine Water: Naturally, water is a main ingredient of Red Bull.
Red Bull Sugarfree's special formula contains ingredients of high quality: Caffeine, Taurine, B-Group Vitamins, Aspartame & Acesulfame K, Alpine water

One 250ml can of Red Bull Energy Drink contains 80 mg of caffeine, about the same amount as in a cup of home-brewed coffee.

Red Bull cans are made of 100% recyclable aluminium.

Vitalizes Body and Mind.",,,"Per 100g/ml
Per Serving
%DI
Energy
13kJ
33kJ
0.4%
Protein
0g
0g
0%
Total Fat
0g
0g
0%
Saturated Fat
0g
0g
0%
Carbohydrate
0g
0g
0%
Sugars
0g
0g
0%
Taurine
400mg
1000mg
Sodium
42mg
104mg
5%
Dietary Fibre (total)
0g
0g
0%
Vitamin B12
2ug
5ug
Vitamin B6
2mg
5mg
Caffeine
32mg
80mg
* Percentage Daily Intakes are based on an average adult diet of 8700 kJ. Your daily intakes may be higher or lower depending on your energy needs.",,https://www.coles.com.au/product/red-bull-sugar-free-energy-drink-single-can-250ml-9505006,,,2024-06-16T10:09:04.999052-04:00
Ind56SColes_ADrinks_SACold drinks_ISprite Lemonade Soft Drink Can | 250mL,Sprite Lemonade Soft Drink Can | 250mL,Sprite,Drinks,Cold drinks,Cold soft drinks,,$2.50,,,$10.00 per 1L,2034138,"With its clean, crisp, lemon-lime taste, Sprite is a lemonade soft drink with a hit of refreshment. Perfect with meals, as a mixer, on the go or relaxing at home. Sprite soft drink has natural flavours. Sprite is available in cans, mini cans, single serve and sharing size bottles as well as multipacks.
Hit of refreshment

Lemon-lime flavour

Natural flavour

Great with meals

250mL can

Natural flavour.",,,"Per 100g/ml
Per Serving
%DI
Energy
120
301
3
Protein
0.01
0.01
0.1
Total Fat
0
0
0
Saturated Fat
0
0
0
Carbohydrate
6.9
17
5
Sugars
6.9
17
19
Sodium
6.8
17
0.7
Energy (Cal)
29
72
3
Dietary Fibre (total)
0
0
0
* Percentage Daily Intakes are based on an average adult diet of 8700 kJ. Your daily intakes may be higher or lower depending on your energy needs.",,https://www.coles.com.au/product/sprite-lemonade-soft-drink-can-250ml-2034138,,,2024-06-16T10:09:15.780184-04:00
Ind56SColes_ADrinks_SACold drinks_ICoca Cola Raspberry Soft Drink Bottle | 600mL,Coca Cola Raspberry Soft Drink Bottle | 600mL,Coca Cola,Drinks,Cold drinks,Cold soft drinks,,$4.25,,,$7.08 per 1L,6413284,"Coca-Cola Raspberry soft drink delivers a delicious twist on the Classic Coke taste with a delicious splash of raspberry flavour. Made with a sweetener blend, Coca-Cola Raspberry has 30% less sugar, making it a great treat everyone can enjoy. Coca-Cola Raspberry softdrink is available in bottles and multipack cans.
A Classic Coke taste with a splash of raspberry

30% reduced sugar vs Coca-Cola Classic

Serve drink cold for maximum refreshment

A quality product of The Coca-Cola Company

600mL Bottle

Perfect for drinking on the go, having with a meal or relaxing with at home.",,,"Per 100g/ml
Per Serving
%DI
Energy
121
729
8
Protein
0
0
0
Total Fat
0
0
0
Saturated Fat
0
0
0
Carbohydrate
7.1
43
14
Sugars
7.1
43
48
Sodium
1
6
0.3
Energy (Cal)
29
174
8
Dietary Fibre (total)
0
0
0
* Percentage Daily Intakes are based on an average adult diet of 8700 kJ. Your daily intakes may be higher or lower depending on your energy needs.",,https://www.coles.com.au/product/coca-cola-raspberry-soft-drink-bottle-600ml-6413284,,,2024-06-16T10:09:27.795718-04:00
Ind56SColes_ADrinks_SAEnergy drinks_IRed Bull Energy Drink Single Can | 250mL,Red Bull Energy Drink Single Can | 250mL,Red Bull,Drinks,Energy drinks,Single cans,,$3.10,Pick any 2 for $5.30,,$12.40 per 1L,8654973,"Red Bull Energy Drink, 250ml

RED BULL GIVES YOU WINGS
Inspired by functional drinks from the Far East, Dietrich Mateschitz founded Red Bull in the mid-1980s. He developed a new product and a unique marketing concept and launched Red Bull Energy Drink on April 1, 1987 in Austria. A brand new product category - Energy Drinks - was born.
WHEN TO DRINK
Appreciated worldwide by top athletes, students, busy professionals and travellers on long journeys.
WHAT'S INSIDE THE CAN
Caffeine: Caffeine was already known by ancient civilisations. They consumed it from natural sources like tea, coffee, cacao beans and cola nuts and appreciated its stimulating effects on the human body.
Taurine: Taurine is an amino acid, naturally occurring in the human body and present in the daily diet. It is involved in a wide range of biological processes.
B-group vitamins: Vitamins are essential micronutrients that are required for maintaining normal body functions.
Sugars: Red Bull Energy Drink is made with sugar sourced from sugar beets. Alpine Water: Naturally, water is a main ingredient of Red Bull.
Red Bull Energy Drink's special formula contains ingredients of high quality: Caffeine, Taurine, B-Group Vitamins, Sugars, Alpine Water.

One 250ml can of Red Bull Energy Drink contains 80 mg of caffeine, about the same amount as in a cup of home-brewed coffee.

The amount of sugars in a can of Red Bull Energy Drink is comparable to the level of sugars in an equivalent amount of apple or orange juice - 11 g per 100 ml.

Red Bull cans are made of 100% recyclable aluminium.

Vitalizes Body and Mind.",,,,,https://www.coles.com.au/product/red-bull-energy-drink-single-can-250ml-8654973,,,2024-06-16T10:09:37.260221-04:00
Ind56SColes_ADrinks_SAEnergy drinks_IRed Bull Watermelon | 250mL,Red Bull Watermelon | 250mL,Red Bull,Drinks,Energy drinks,Single cans,,$3.10,Pick any 2 for $5.30,,$12.40 per 1L,3741141,"Red Bull Energy Drink, Red Edition, 250ml 

RED BULL GIVES YOU WINGS
Inspired by functional drinks from the Far East, Dietrich Mateschitz founded Red Bull in the mid-1980s. He developed a new product and a unique marketing concept and launched Red Bull Energy Drink on April 1, 1987 in Austria. A brand new product category - Energy Drinks - was born.
WHEN TO DRINK
Appreciated worldwide by top athletes, students, busy professionals and travellers on long journeys.
WHAT'S INSIDE THE CAN
Caffeine: Caffeine was already known by ancient civilisations. They consumed it from natural sources like tea, coffee, cacao beans and cola nuts and appreciated its stimulating effects on the human body.
B-group vitamins: Vitamins are essential micronutrients that are required for maintaining normal body functions.
Sugars: Red Bull Energy Drink is made with sugar sourced from sugar beets.
Taurine: Taurine is an amino acid, naturally occurring in the human body and present in the daily diet. It is involved in a wide range of biological processes.
Alpine Water: Naturally, water is a main ingredient of Red Bull.
Red Bull Red Edition's special formula contains ingredients of high quality: Caffeine, Taurine, B-Group Vitamins, Sugars, Alpine water.

One 250ml can of Red Bull Red Edition contains 80 mg of caffeine, about the same amount as in a cup of home-brewed coffee.

The amount of sugars in a can of Red Bull Red Edition is comparable to the level of sugars in an equivalent amount of apple or orange juice - 11 g per 100 ml.

Red Bull cans are made of 100% recyclable aluminium.

Vitalizes Body and Mind.",,,"Per 100g/ml
Per Serving
%DI
Energy
190kJ
475kJ
5%
Protein
0g
0g
0%
Total Fat
0g
0g
0%
Saturated Fat
0g
0g
0%
Carbohydrate
11g
27g
9%
Sugars
11g
27g
30%
Taurine
400mg
1000mg
Sodium
35mg
88mg
4%
Vitamin B12
2ug
5ug
Vitamin B6
2mg
5mg
Caffeine
32mg
80mg
* Percentage Daily Intakes are based on an average adult diet of 8700 kJ. Your daily intakes may be higher or lower depending on your energy needs.",,https://www.coles.com.au/product/red-bull-watermelon-250ml-3741141,,,2024-06-16T10:09:49.244801-04:00
Ind56SColes_ADrinks_SACold drinks_ICoca-Cola Zero Sugar Soft Drink Bottle | 600mL,Coca-Cola Zero Sugar Soft Drink Bottle | 600mL,Coca-Cola,Drinks,Cold drinks,Cold soft drinks,,$4.25,,,$7.08 per 1L,2993728,"Coca-Cola Zero Sugar is a deliciously light choice for those who want the classic taste of Coke with no sugar. Whether sharing with family and friends or accompanying a meal, Coca-Cola Zero Sugar has a pack for almost any occasion. Coca-Cola Zero Sugar soft drink is available in cans, mini cans, single serve and sharing size bottles as well as multipacks.
The Coke Taste You Love with No Sugar and Low Calories

Serve Drink Cold for Maximum Refreshment

A Quality Product of The Coca-Cola Company

Perfect for drinking on the go, having with a meal or relaxing with at home.

Serve Drink Cold for Maximum Refreshment",,,"Per 100g/ml
Per Serving
%DI
Energy
1.2
7.1
0.1
Protein
0.02
0.1
0.2
Total Fat
0
0
0
Saturated Fat
0
0
0
Carbohydrate
0.03
0.2
0.1
Sugars
0
0
0
Sodium
4.1
25
1
Energy (Cal)
0.3
1.7
0.1
Dietary Fibre (total)
0
0
0
* Percentage Daily Intakes are based on an average adult diet of 8700 kJ. Your daily intakes may be higher or lower depending on your energy needs.",,https://www.coles.com.au/product/coca-cola-zero-sugar-soft-drink-bottle-600ml-2993728,,,2024-06-16T10:10:01.497996-04:00
Ind56SColes_ADrinks_SACold drinks_ICoca-Cola Classic Soft Drink Bottle | 600mL,Coca-Cola Classic Soft Drink Bottle | 600mL,Coca-Cola,Drinks,Cold drinks,Cold soft drinks,,$4.25,,,$7.08 per 1L,5468407,"Nothing beats the taste of Coca-Cola Classic. It's the perfect companion whether you're on the go, relaxing at home, enjoying with friends or as a drink with your meal. Refresh yourself with the authentic Coke taste. Designed to go with everything, the taste of Classic Coca-Cola has remained unchanged for more than 130 years. Coca-Cola soft drink is available in cans, mini cans, single serve and sharing size bottles as well as multipacks.
Classic Coke Taste

Serve Drink Cold for Maximum Refreshment

A Quality Product of The Coca-Cola Company

600mL Soft Drink

Perfect for drinking on the go, having with a meal or relaxing with at home.",,,"Per 100g/ml
Per Serving
%DI
Energy
180
1080
12
Protein
0
0
0
Total Fat
0
0
0
Saturated Fat
0
0
0
Carbohydrate
10.6
64
21
Sugars
10.6
64
71
Sodium
10
60
3
Energy (Cal)
43
258
12
* Percentage Daily Intakes are based on an average adult diet of 8700 kJ. Your daily intakes may be higher or lower depending on your energy needs.",,https://www.coles.com.au/product/coca-cola-classic-soft-drink-bottle-600ml-5468407,,,2024-06-16T10:10:12.244917-04:00
Ind56SColes_ADrinks_SAEnergy drinks_IMother Energy Drink Lava Guava Can | 500mL,Mother Energy Drink Lava Guava Can | 500mL,Mother,Drinks,Energy drinks,Single cans,,$3.15,,,$6.30 per 1L,6823333,"Under the stars of the Southern Cross we live life our way. Life is in perpetual motion and to slow down is to be left in the dust.

The infinite bounds of sunburnt land and barrelling blue swells are limited only by your imagination. Kick out the sand, pump up the tunes, and rip into some Mother. Crisp and cool with a kaleidoscope blend of flavours, it'll keep the fast times spinning morning, noon and night.

Mother is calling. Pursue your dreams. Search for adventure. Get out there and let the good times flow!",,,"Per 100g/ml
Per Serving
%DI
Energy
256kJ
1280kJ
Protein
0g
0g
Total Fat
0g
0g
Saturated Fat
0g
0g
Carbohydrate
15.5g
78g
Sugars
14.8g
74g
Taurine
400mg
2000mg
Inositol
2.0mg
10mg
Vitamin B3
4.5mg
22.5mg
Vitamin B12
0.7ug
3.5ug
Sodium
56mg
280mg
Energy (Cal)
61Cal
305Cal
Vitamin B5
1.7mg
8.5mg
Vitamin B6
0.4mg
2.0mg
Caffeine
30mg
150mg
* Percentage Daily Intakes are based on an average adult diet of 8700 kJ. Your daily intakes may be higher or lower depending on your energy needs.",,https://www.coles.com.au/product/mother-energy-drink-lava-guava-can-500ml-6823333,,,2024-06-16T10:10:23.292615-04:00
Ind56SColes_ADrinks_SAEnergy drinks_IRed Bull Energy Drink Strawberry Apricot | 250mL,Red Bull Energy Drink Strawberry Apricot | 250mL,Red Bull,Drinks,Energy drinks,Single cans,,$3.10,Pick any 2 for $5.30,,$12.40 per 1L,7172343,"RED BULL GIVES YOU WINGS

Inspired by functional drinks from the Far East, Dietrich Mateschitz founded Red Bull in the mid-1980s. He developed a new product and a unique marketing concept and launched Red Bull Energy Drink on April 1, 1987 in Austria. A brand new product category - Energy Drinks - was born.

WHEN TO DRINK

Appreciated worldwide by top athletes, students, busy professionals and travellers on long journeys.

WHAT'S INSIDE THE CAN

Caffeine: Caffeine was already known by ancient civilizations. They consumed it from natural sources like tea, coffee, cacao beans and cola nuts and appreciated its stimulating effects on the human body.

B-group vitamins: Vitamins are essential micronutrients that are required for maintaining normal body functions. Taurine: Taurine is an amino acid, naturally occurring in the human body and present in the daily diet. It is involved in a wide range of biological processes.

Taurine: Taurine is an amino acid, naturally occurring in the human body and present in the daily diet. It is involved in a wide range of biological processes.

Aspartame & Acesulfame K: Aspartame and Acesulfame K are among the most-tested and most-used sugar substitutes worldwide.

Alpine Water: Naturally, water is a main ingredient of Red Bull.
Tase: Apricot Strawberry

Apricot Strawberry edition offers the perfect blend of apricot and strawberry with a touch of peach

250ml Serving Size best served chilled",,,,,https://www.coles.com.au/product/red-bull-energy-drink-strawberry-apricot-250ml-7172343,,,2024-06-16T10:10:32.127540-04:00
Ind56SColes_ADrinks_SACold drinks_IMount Franklin Spring Water Bottle | 600mL,Mount Franklin Spring Water Bottle | 600mL,Mount Franklin,Drinks,Cold drinks,Cold water,,$2.30,,,$3.83 per 1L,7014331,"Mount Franklin Pure Australian Still Spring Bottled Water is of exceptional quality and purity, as nature intended. Mt. Franklin is Australia's favourite and most trusted water brand. A must have drink for stocking the fridge for drinking at home or on the go. Available in single serve and multi serve bottles.
5 Health Star Rating

600mL Bottle

Pure Australian Spring Water

Australia's favourite & most trusted water brand

Bottles made with 100% recycled plastic (excludes cap, label, which are 100% recyclable)",,,"Per 100g/ml
Per Serving
%DI
Energy
0
Protein
0
Total Fat
0
Saturated Fat
0
Carbohydrate
0
Sugars
0
Sodium
5mg
* Percentage Daily Intakes are based on an average adult diet of 8700 kJ. Your daily intakes may be higher or lower depending on your energy needs.",,https://www.coles.com.au/product/mount-franklin-spring-water-bottle-600ml-7014331,,,2024-06-16T10:10:44.489862-04:00
Ind56SColes_ADrinks_SACold drinks_IPepsi Max No Sugar Cola Soft Drink Bottle | 600mL,Pepsi Max No Sugar Cola Soft Drink Bottle | 600mL,Pepsi,Drinks,Cold drinks,Cold soft drinks,,$3.95,,,$6.58 per 1L,9107681,"Pepsi Max No Sugar Soft drink offers a bold cola taste with no sugar. The smooth taste of Pepsi Max offers a deliciously refreshing and thirst-quenching cola refreshment that can be enjoyed anytime.

Pepsi Max No Sugar, has....no sugar. It's as simple as that with no taste compromise.

It is low in calories vs full sugar cola and in case you are wondering, it also has a bold cola taste that's comparable with full sugar cola products.

The 600mL single serve Pepsi Max bottle is the perfect drink for when you need a refreshing lift when you're out and about, on the go.

Pepsi Max soft drink is also available in a range of take-home pack sizes such as; mini cans for portion control, larger multi-can packs and multi-serve bottles to suit all your cola drinking occasions.

For maximum enjoyment, drink chilled when you are looking for that fun, tasty, no sugar cola refreshment!

Pepsi Max. Max Taste, No Sugar.
Bold Taste with No Sugar

Low in Calories

On-the-Go Serve

Max Cola Refreshment",,,"Per 100g/ml
Per Serving
%DI
Energy
1.6kJ
10kJ
0.10%
Protein
0.06g
0.4g
0.70%
Total Fat
0g
0g
0%
Saturated Fat
0g
0g
0%
Carbohydrate
0.06g
0.4g
0.10%
Sugars
0g
0g
0%
Sodium
13mg
78mg
3%
Dietary Fibre (total)
0g
0g
0%
* Percentage Daily Intakes are based on an average adult diet of 8700 kJ. Your daily intakes may be higher or lower depending on your energy needs.",,https://www.coles.com.au/product/pepsi-max-no-sugar-cola-soft-drink-bottle-600ml-9107681,,,2024-06-16T10:10:55.338100-04:00
Ind56SColes_ADrinks_SACold drinks_ICoca-Cola Diet Coke Soft Drink Bottle | 600mL,Coca-Cola Diet Coke Soft Drink Bottle | 600mL,Coca-Cola,Drinks,Cold drinks,Cold soft drinks,,$4.25,,,$7.08 per 1L,5468440,"Diet Coke is a deliciously light, sugar free and no kilojoule soft drink. It delivers a distinct, unique and light taste. With its bubbly sparkle, 'Diet Coke' has been refreshing and delighting drinkers for decades. The perfect sparkling soft drink for enjoying on the go, having with a meal or relaxing with at home. Coca-Cola Diet soft drink is available in cans, mini cans, single serve and sharing size bottles as well as multipacks.
Distinct Diet Coke Taste

No Sugar and Low Kilojoule

A Quality Product of The Coca-Cola Company

600mL Soft Drink

Perfect for drinking on the go, having with a meal or relaxing with at home.",,,"Per 100g/ml
Per Serving
%DI
Energy
1.9
11.4
0.1
Protein
0.05
0.3
0.6
Total Fat
0
0
0
Saturated Fat
0
0
0
Carbohydrate
0.1
0.6
0.2
Sugars
0
0
0
Sodium
1
6
0.3
Energy (Cal)
0.5
2.7
0.1
Dietary Fibre (total)
0
0
0
* Percentage Daily Intakes are based on an average adult diet of 8700 kJ. Your daily intakes may be higher or lower depending on your energy needs.",,https://www.coles.com.au/product/coca-cola-diet-coke-soft-drink-bottle-600ml-5468440,,,2024-06-16T10:11:06.128526-04:00
Ind56SColes_ADrinks_SACold drinks_ISprite Lemon Plus Soft Drink | 600mL,Sprite Lemon Plus Soft Drink | 600mL,Sprite,Drinks,Cold drinks,Cold soft drinks,,$4.25,,,$7.08 per 1L,5625356,"Sprite LEMON+ delivers cut through refreshment. With added caffeine Sprite Lemon + helps to refresh your mind, so you can go back to being yourself and doing what you love. Sprite Lemon+ has great zesty lemon flavour. Try now in various pack sizes. Available in single and multi-pack cans and bottles.
Hit of refreshment

Zesty' lemon flavour

Crisp lemon aroma

Great with meals

600mL PET",,,"Per 100g/ml
Per Serving
%DI
Energy
118
710
8
Protein
0
0
0
Total Fat
0
0
0
Saturated Fat
0
0
0
Carbohydrate
6.5
39
13
Sugars
6.5
39
43
Sodium
16
96
4
Energy (Cal)
28
170
8
Dietary Fibre (total)
0
0
0
Caffeine
15
91
* Percentage Daily Intakes are based on an average adult diet of 8700 kJ. Your daily intakes may be higher or lower depending on your energy needs.",,https://www.coles.com.au/product/sprite-lemon-plus-soft-drink-600ml-5625356,,,2024-06-16T10:11:16.933965-04:00
Ind56SColes_ADrinks_SAEnergy drinks_IMother Energy Drink Zero Sugar Razzleberry Can | 500mL,Mother Energy Drink Zero Sugar Razzleberry Can | 500mL,Mother,Drinks,Energy drinks,Single cans,,$3.15,,,$6.30 per 1L,5157214,"Under the stars of the Southern Cross we live life our way. Life is in perpetual motion and to slow down is to be left in the dust.

The infinite bounds of sunburnt land and barreling blue swells are limited only by your imagination. Kick out the sand, pump up the tunes, and rip into some Mother. Crisp and cool with a kaleidoscope blend of flavours, it'll keep the fast times spinning morning, noon and night.

Mother is calling. Pursue your dreams. Search for adventure. get out there and let the good times flow!",,,"Per 100g/ml
Per Serving
%DI
Energy
9kJ
45kJ
Protein
0g
0g
Total Fat
0g
0g
Saturated Fat
0g
0g
Carbohydrate
0.7g
3.5g
Sugars
0g
0g
Taurine
400mg
2000mg
Inositol
2.0mg
10mg
Vitamin B3
4.5mg
22.5mg
Vitamin B12
0.7ug
3.5ug
Sodium
52mg
260mg
Energy (Cal)
2Cal
11Cal
Dietary Fibre (total)
0g
0g
Vitamin B5
1.7mg
8.5mg
Vitamin B6
0.4mg
2.0mg
Caffeine
30mg
150mg
* Percentage Daily Intakes are based on an average adult diet of 8700 kJ. Your daily intakes may be higher or lower depending on your energy needs.",,https://www.coles.com.au/product/mother-energy-drink-zero-sugar-razzleberry-can-500ml-5157214,,,2024-06-16T10:11:27.719638-04:00
Ind56SColes_ADrinks_SAEnergy drinks_IMonster Green Can Energy Drink | 500mL,Monster Green Can Energy Drink | 500mL,Monster,Drinks,Energy drinks,Single cans,,$2.80,,$4.05,$5.60 per 1L,2787136,"Tear into a can of the meanest energy drink on the planet, Monster Energy.

It's the ideal combo of the right ingredients in the right proportion to deliver the big bad Monster buzz.

Monster packs a punch but has a smooth flavour you can really pound down.

Athletes, musicians, anarchists, students, road warriors, metal heads, geeks, hipsters, and bikers dig it - you will too.

Unleash the Beast!",,,"Per 100g/ml
Per Serving
%DI
Energy
209kJ
1045kJ
Protein
0g
0g
Total Fat
0g
0g
Saturated Fat
0g
0g
Carbohydrate
12.4g
62g
Sugars
11.4g
57g
Taurine
400mg
2000mg
Inositol
2mg
10mg
Vitamin B2
0.72mg
3.6mg
Vitamin B3
8.0mg
40mg
Glucuronolactone
2mg
10mg
Vitamin B12
2.0ug
10.0ug
Sodium
78mg
390mg
Energy (Cal)
50Cal
250Cal
Vitamin B6
0.85mg
4.3mg
Caffeine
30mg
150mg
* Percentage Daily Intakes are based on an average adult diet of 8700 kJ. Your daily intakes may be higher or lower depending on your energy needs.",,https://www.coles.com.au/product/monster-green-can-energy-drink-500ml-2787136,,,2024-06-16T10:11:38.669901-04:00
Ind56SColes_ADrinks_SACold drinks_ICoca-Cola Classic Soft Drink Can | 250mL,Coca-Cola Classic Soft Drink Can | 250mL,Coca-Cola,Drinks,Cold drinks,Cold soft drinks,,$2.50,,,$10.00 per 1L,2034105,"Nothing beats the taste of Coca-Cola Classic. It's the perfect companion whether you're on the go, relaxing at home, enjoying with friends or as a drink with your meal. Refresh yourself with the authentic Coke taste. Designed to go with everything, the taste of Classic Coca-Cola has remained unchanged for more than 130 years. Coca-Cola soft drink is available in cans, mini cans, single serve and sharing size bottles as well as multipacks.
Classic Coke Taste

Serve Drink Cold for Maximum Refreshment

A Quality Product of The Coca-Cola Company

250mL Soft Drink

Perfect for drinking on the go, having with a meal or relaxing with at home.",,,"Per 100g/ml
Per Serving
%DI
Energy
180
450
5
Protein
0
0
0
Total Fat
0
0
0
Saturated Fat
0
0
0
Carbohydrate
10.6
27
9
Sugars
10.6
27
29
Sodium
10
25
1
Energy (Cal)
43
108
5
* Percentage Daily Intakes are based on an average adult diet of 8700 kJ. Your daily intakes may be higher or lower depending on your energy needs.",,https://www.coles.com.au/product/coca-cola-classic-soft-drink-can-250ml-2034105,,,2024-06-16T10:11:49.566293-04:00
Ind56SColes_ADrinks_SAEnergy drinks_IMonster Green Can Energy Drink | 500mL,Monster Green Can Energy Drink | 500mL,Monster,Drinks,Energy drinks,Single cans,,$2.80,,$4.05,$5.60 per 1L,2787136,"Tear into a can of the meanest energy drink on the planet, Monster Energy.

It's the ideal combo of the right ingredients in the right proportion to deliver the big bad Monster buzz.

Monster packs a punch but has a smooth flavour you can really pound down.

Athletes, musicians, anarchists, students, road warriors, metal heads, geeks, hipsters, and bikers dig it - you will too.

Unleash the Beast!",,,"Per 100g/ml
Per Serving
%DI
Energy
209kJ
1045kJ
Protein
0g
0g
Total Fat
0g
0g
Saturated Fat
0g
0g
Carbohydrate
12.4g
62g
Sugars
11.4g
57g
Taurine
400mg
2000mg
Inositol
2mg
10mg
Vitamin B2
0.72mg
3.6mg
Vitamin B3
8.0mg
40mg
Glucuronolactone
2mg
10mg
Vitamin B12
2.0ug
10.0ug
Sodium
78mg
390mg
Energy (Cal)
50Cal
250Cal
Vitamin B6
0.85mg
4.3mg
Caffeine
30mg
150mg
* Percentage Daily Intakes are based on an average adult diet of 8700 kJ. Your daily intakes may be higher or lower depending on your energy needs.",,https://www.coles.com.au/product/monster-green-can-energy-drink-500ml-2787136,,,2024-06-16T11:05:06.747816-04:00
