idx,name,brand,aisle,subaisle,subsubaisle,size,price,multi_price,old_price,pricePerUnit,itemNum,description,serving,img_urls,item_label,item_ingredients,url,SKU,UPC,timeStamp
Ind53SColes_ADrinks_SATea Drinks_ITwinings English Breakfast Extra Strong Tea Bags 80 pack | 200g,Twinings English Breakfast Extra Strong Tea Bags 80 pack | 200g,Twinings,Drinks,Tea Drinks,Tea Black,,$13.50,,,$0.17 per 1ea,2236788,"Multi-origin blend including tea from: 
Africa 
Bold
India
Full-bodied
Compostable tea bags

Estd. 1706 London
At Twinings, our master blenders have been blending quality teas for over 300 years. 
Each blend is created with the finest ingredients to deliver a superior experience in every cup. ",,,,Black Tea.,https://www.coles.com.au/product/twinings-english-breakfast-extra-strong-tea-bags-80-pack-200g-2236788,,,2024-06-16T14:02:45.665794-04:00
Ind53SColes_ADrinks_SATea_ITwinings English Breakfast Leaf Tea | 125g,Twinings English Breakfast Leaf Tea | 125g,Twinings,Drinks,Tea,Loose leaf,,$7.50,,,$6.00 per 100g,344597,"Multi-origin blend including tea from: 
South Asia
Aromatic, well-rounded
Quality black tea

Estd. 1706 London
At Twinings, our master blenders have been blending quality teas for over 300 years. 
Each blend is created with the finest ingredients to deliver a superior experience in every cup.",,,,Black Tea.,https://www.coles.com.au/product/twinings-english-breakfast-leaf-tea-125g-344597,,,2024-06-16T14:02:55.183421-04:00
Ind53SColes_ADrinks_SATea_ITwining's Green Tea & Jasmine Tea Bags | 10 pack,Twining's Green Tea & Jasmine Tea Bags | 10 pack,Twinings,Drinks,Tea,Green,,$1.50,,$3.00,$0.15 per 1ea,3708780,"This blend is pure elegance...
Time is of the essence when it comes to creating our Green Tea & Jasmine blend. Pretty, white jasmine flowers are picked early in the day and layered with high quality green tea when the small petals are tightly closed. As night falls the petals open and release their light, perfumed, floral fragrance into the tea giving it a delicate, refreshing taste.",,,,100% Jasmine Scented Green Tea.,https://www.coles.com.au/product/twining's-green-tea-and-jasmine-tea-bags-10-pack-3708780,,,2024-06-16T14:03:04.091649-04:00
Ind53SColes_ADrinks_SATea_ITwinings Pure Peppermint Infusions Tea Bags | 160g,Twinings Pure Peppermint Infusions Tea Bags | 160g,Twinings,Drinks,Tea,Herbal,,$13.50,,,$0.17 per 1ea,7488100,"A moment of pure refreshment...

We have carefully selected the most aromatic leaves for our Pure Peppermint blend, to deliver a fresh and invigorating experience with every sip. Revive your senses and enjoy a moment of pure refreshment in your day.

For more delightful herbal infusions, try our soothing and minty Camomile & Spearmint.

In 1706, Thomas Twining started selling tea. More than 300 years on, the Twinings' tradition continues with our finest blends for you to enjoy every day.",,,"Per 100g/ml
Per Serving
%DI
Energy
10kJ
20kJ
Protein
<1g
<1g
Total Fat
<1g
<1g
Saturated Fat
<1g
<1g
Carbohydrate
<1g
<1g
Sugars
<1g
<1g
Sodium
5mg
10mg
Caffeine
0mg
0mg
* Percentage Daily Intakes are based on an average adult diet of 8700 kJ. Your daily intakes may be higher or lower depending on your energy needs.",,https://www.coles.com.au/product/twinings-pure-peppermint-infusions-tea-bags-160g-7488100,,,2024-06-16T14:03:15.779399-04:00
Ind53SColes_ADrinks_SATea_ITetley Extra Strong Black Tea Bags 100 pack | 200g,Tetley Extra Strong Black Tea Bags 100 pack | 200g,Tetley,Drinks,Tea,Black,,$4.60,,,$0.05 per 1ea,7752194,,,,,,https://www.coles.com.au/product/tetley-extra-strong-black-tea-bags-100-pack-200g-7752194,,,2024-06-16T14:03:24.874215-04:00
Ind53SColes_ADrinks_SATea_IQueen Victoria Tea Calming Blend Tea Bags | 18 pack,Queen Victoria Tea Calming Blend Tea Bags | 18 pack,Queen Victoria Tea,Drinks,Tea,Herbal,,$3.50,,$7.00,$0.19 per 1ea,4971806,"Wash your worries away and unwind with this calming blend of camomile, lemon balm and rosehip.
Naturally caffeine free. Herbal Infusion.
Brew in near boiling water for 3 to 5 minutes. Best served without milk.",,,"Per 100g/ml
Per Serving
%DI
Energy
0kJ
0kJ
Protein
<1g
<1g
Total Fat
<1g
<1g
Saturated Fat
<1g
<1g
Carbohydrate
<1g
<1g
Sugars
<1g
<1g
Sodium
0mg
0mg
* Percentage Daily Intakes are based on an average adult diet of 8700 kJ. Your daily intakes may be higher or lower depending on your energy needs.",,https://www.coles.com.au/product/queen-victoria-tea-calming-blend-tea-bags-18-pack-4971806,,,2024-06-16T14:03:36.121215-04:00
Ind53SColes_ADrinks_SATea_ITwinings French Earl Grey | 10 pack,Twinings French Earl Grey | 10 pack,Twinings,Drinks,Tea,Black,,$1.50,,$3.00,$0.15 per 1ea,6312888,"Estd. 1706
London

At Twinings, our master blenders have been blending quality teas for over 300 years.

Each blend is created with the finest ingredients to deliver a superior experience in every cup.

Sophisticated with notes of vanilla and the beauty of rose petals and lavender, our French Earl Grey is both a sweet and charming blend that will enchant you. Inspired by the culinary delights of Paris, this blend has a beautiful and creamy taste that is balanced with a floral bergamot flavour.

Black tea with added floral notes
- Quality black tea
- Hint of vanilla
- Compostable tea bags",,,,"Black Tea, Vanilla Flavour (6%), Bergamot Flavour (4%), Rose Petals (3%), Lavender (1%), Lemon Flavour.",https://www.coles.com.au/product/twinings-french-earl-grey-10-pack-6312888,,,2024-06-16T14:03:45.121155-04:00
Ind53SColes_ADrinks_SATea_IT2 Sleep Tight Tea | 10 pack,T2 Sleep Tight Tea | 10 pack,T2,Drinks,Tea,Herbal,,$7.50,,,$0.75 per 1ea,3986728,"Dream on with Lemon Balm & Lavender.

Need a little shut eye? Sail away to the Land of Nod with a dreamy blend of lemon balm, lavender, jasmine and rose. The perfect sleepytime tea with a glorious aroma and delicate sweet flavour.

A lemon balm-based tisane that is the pefect night time brew. With a glorious aroma and delicate sweet flavour.
A smooth lemon balm-based tisane with delicate citrus and subtle sweet notes.

This tea is sealed fresh inside a compostable plastic bag packed into a colourful recyclable cardboard box. Store in a cool, dry place.

Soothe and calm yourself, by sipping this tea in the evening.

Best brewed 3-5 minutes using freshly boiled water. Perfect on its own.",,,,"Lemon balm, lavender, jasmine blossoms, rose petals",https://www.coles.com.au/product/t2-sleep-tight-tea-10-pack-3986728,,,2024-06-16T14:03:54.260601-04:00
Ind53SColes_ADrinks_SABeverages_IQueen Victoria Honey & Vanilla Camomile Tea Bags | 10 pack,Queen Victoria Honey & Vanilla Camomile Tea Bags | 10 pack,Queen Victoria,Drinks,Beverages,Coffee & tea,,$1.20,,,"$0.12 per 1ea
Was $2.00 on Apr 2024",3984609,"Queen Victoria Teas are a noble range of high-quality teas celebrating the time honoured tea traditions dating back to the English aristocrats of the eighteenth century.
We've crafted a soothing and mellow herbal tea blended with camomile and the naturally sweet flavours of vanilla and golden honey.
10 Enveloped Tea Bags.",,,,,https://www.coles.com.au/product/queen-victoria-honey-and-vanilla-camomile-tea-bags-10-pack-3984609,,,2024-06-16T14:04:04.324585-04:00
Ind53SColes_ADrinks_SATea_IDilmah Premium Paper Envelope Tea Bags | 10 each,Dilmah Premium Paper Envelope Tea Bags | 10 each,Dilmah,Drinks,Tea,Black,,,,,,8082472,"Finely balanced richness, flavour, strength and aroma for the perfect cup of tea. Our Premium tea is sourced from a single origin; the central highlands of Sri Lanka, reputed for its brightness and medium strength. Pure Ceylon Broken Orange Pekoe (BOPF) produces a pleasing brew, ideal for everyday drinking. The Dilmah Premium Ceylon Tea range introduces tea lovers to the romance of real Ceylon tea. This Premium Ceylon Black Tea product consists of 10 Individually Wrapped tea bags.",,,,"Pure Ceylon Black tea, no additives",https://www.coles.com.au/product/dilmah-premium-paper-envelope-tea-bags-10-each-8082472,,,2024-06-16T14:04:15.494326-04:00
Ind53SColes_ADrinks_SATea_ITwining's Strawberry Raspberry & Loganberry Infusions Tea Bags | 10 Pack,Twining's Strawberry Raspberry & Loganberry Infusions Tea Bags | 10 Pack,Twinings,Drinks,Tea,Herbal,,$1.50,,$3.00,$0.15 per 1ea,8729530,"A berry impressive treat...

When your afternoon calls for a sweet treat, our Strawberry, Raspberry & Loganberry has you covered. This triple berry blend is rich and luscious, perfect served chilled over ice or hot. It's easy to be swept away by this berry sensation!

For more delightful fruit flavoured infusions, try our vibrant & rich Cranberry & Pomegranate.",,,,"Hibiscus (48%), Strawberry Flavour (11%), Orange Peel, Blackberry Leaves, Apple Pieces, Rosehip Raspberry Flavour (4%), Liqourice Root (3.5%), Loganberry Flavour (0.5%).",https://www.coles.com.au/product/twining's-strawberry-raspberry-and-loganberry-infusions-tea-bags-10-pack-8729530,,,2024-06-16T14:04:24.961055-04:00
Ind53SColes_ADrinks_SA_ICapilano Pure Honey Squeeze | 500g,Capilano Pure Honey Squeeze | 500g,Capilano,Drinks,,,,$6.80,,$8.60,$1.36 per 100g,9247578,"A unique blend... our premium Classic Honey is a symphony of 100% pure, high quality Australian eucalyptus and ground flora honeys. Mild in flavour, this honey makes a perfect all-rounder for the family. Enjoy our Classic honey... as a natural sweetener, drizzled on toast, porridge and crumpets or swirled into a warm glass of water or a smoothie. Taste mild, golden flavour with a smooth, sweet finish.All Capilano product are packed in PET that is BPA-free.",,,"Per 100g/ml
Per Serving
%DI
Energy
1416
212
Protein
0.3
0.05
Carbohydrate
83.1
12.5
Sugars
82.5
12.4
Sodium
15
2.3
* Percentage Daily Intakes are based on an average adult diet of 8700 kJ. Your daily intakes may be higher or lower depending on your energy needs.",,https://www.coles.com.au/product/capilano-pure-honey-squeeze-500g-9247578,,,2024-06-16T14:04:36.265766-04:00
Ind53SColes_ADrinks_SATea_IHigher Living Organic Tea Peppermint & Licorice | 15 pack,Higher Living Organic Tea Peppermint & Licorice | 15 pack,Higher Living,Drinks,Tea,Herbal,,$5.00,,,$0.33 per 1ea,3247542,"Encounter the refreshing mint burst that cuts through the soothing sweetness with an utterly unique flavour of Higher Living Organic Peppermint & Licorice Tea. This organic tea has an intriguing infusion of cool peppermint with a sweet and subtle flavour of licorice. Make every cup enjoyable with Higher Living organic tea.
USDA Organic
Naturally caffeine-free
Bright and bold flavour combinations
Contains 15 Tea Bags",,,,"Peppermint (60%), Licorice (400%), Organic.",https://www.coles.com.au/product/higher-living-organic-tea-peppermint-and-licorice-15-pack-3247542,,,2024-06-16T14:04:45.735725-04:00
Ind53SColes_ADrinks_SATea_IDilmah Pure Ceylon Extra Strength Tea Bags 100 pack | 240g,Dilmah Pure Ceylon Extra Strength Tea Bags 100 pack | 240g,Dilmah,Drinks,Tea,Black,,$6.15,,$8.80,$0.06 per 1ea,9505163,"Finely balanced richness, flavour, strength and aroma for the perfect cup of tea, with more tea per teabag for a stronger brew. Our Premium tea is sourced from a single origin; the central highlands of Sri Lanka, reputed for its brightness and medium strength. Pure Ceylon Broken Orange Pekoe (BOPF) produces a pleasing brew, ideal for everyday drinking. The Dilmah Premium Ceylon Tea range introduces tea lovers to the romance of real Ceylon tea. This Premium Ceylon Extra Strength Black Tea product consists of 100 tea bags.",,,,"Pure Ceylon Black tea, no additives. All natural.",https://www.coles.com.au/product/dilmah-pure-ceylon-extra-strength-tea-bags-100-pack-240g-9505163,,,2024-06-16T14:04:54.789609-04:00
Ind53SColes_ADrinks_SATea_ITaylors of Harrogate Yorkshire Black Tea Bags 100 pack | 220g,Taylors of Harrogate Yorkshire Black Tea Bags 100 pack | 220g,Taylors of Harrogate,Drinks,Tea,Black,,$6.30,,,$0.06 per 1ea,1417368,,,,,,https://www.coles.com.au/product/taylors-of-harrogate-yorkshire-black-tea-bags-100-pack-220g-1417368,,,2024-06-16T14:05:05.840203-04:00
Ind53SColes_ADrinks_SATea_IQueen Victoria Honey & Vanilla Camomile Tea Bags | 50 pack,Queen Victoria Honey & Vanilla Camomile Tea Bags | 50 pack,Queen Victoria,Drinks,Tea,Herbal,,$6.00,,,$0.12 per 1ea,3984711,"Queen Victoria Teas are a noble range of high-quality teas celebrating the time honoured tea traditions dating back to the English aristocrats of the eighteenth century.
We've crafted a soothing and mellow herbal tea blended with camomile and the naturally sweet flavours of vanilla and golden honey.
50 Tea Bags.",,,,,https://www.coles.com.au/product/queen-victoria-honey-and-vanilla-camomile-tea-bags-50-pack-3984711,,,2024-06-16T14:05:14.789758-04:00
Ind53SColes_ADrinks_SATea_ICurated Group Chamomile Tea | 20 pack,Curated Group Chamomile Tea | 20 pack,Curated Group,Drinks,Tea,Black,,,,,,8145700,"Calming Chamomile

Bright and daisy-like, this fragrant Mediterranean native, is like summer itself. It blooms in light, drained soil in great sweeps by the sea, often on rocky hillsides during southern and eastern Europe's long summer days and cool nights.

Traditionally seen as a symbol of purity, protection and tranquillity, it was also cultivated for a spectrum of perceived benefits. It is caffeine-free, soothing and comfort in a cup.

This Chamomile tea is serenely floral, with a relaxing honeyed note and sweet-apple finish.
Chamomile has been valued through the ages for its perceived properties. More information on our Chamomile tea can be found on our website.

Our plant-based pyramid-shaped tea bags are generously sized to allow the flowers to unfurl and fully infuse. Each tea bag comes in a recyclable envelope so the flowers stay as fresh as the first day they were picked and your cup of Chamomile delivers joy every time.

96 is only possible because of the communities that nurture the verdant lands where our teas grow.

We're committed to ethically sourcing our teas, sustainable packaging and reducing our environmental footprint.",,,,,https://www.coles.com.au/product/curated-group-chamomile-tea-20-pack-8145700,,,2024-06-16T14:05:27.605160-04:00
Ind53SColes_ADrinks_SABeverages_ITwinings Green Tea & Lemon Tea Bags | 100g,Twinings Green Tea & Lemon Tea Bags | 100g,Twinings,Drinks,Beverages,Coffee & tea,,$7.00,,,"$0.14 per 1ea
Was $8.50 on May 2024",5060746,"No added colours or artificial flavours
Made with natural ingredients
Compostable tea bags

Estd. 1706 London
At Twinings, we have been blending and brewing the best of nature for over 300 years. 
Our master blenders and herbalists expertly select and blend the finest ingredients to enrich your wellbeing every day. ",,,,"Green Tea, Lemon Flavour (12%), Lemon Peel (1%).",https://www.coles.com.au/product/twinings-green-tea-and-lemon-tea-bags-100g-5060746,,,2024-06-16T14:05:36.664668-04:00
Ind53SColes_ADrinks_SATea_IColes Chai Latte | 250g,Coles Chai Latte | 250g,Coles,Drinks,Tea,Chai,,$3.25,,,$1.30 per 100g,3640687,"Chai Latte Deliciously rich and frothy tea drink. For a creamier treat, try adding hot milk instead of water. Instant tea drink",,,"Per 100g/ml
Per Serving
%DI
Energy
175.265
420.636
Protein
0.91666667
2.20000001
Carbohydrate
7.54166667
18.10000001
Sugars
7.54166667
18.10000001
Sodium
70.83
169.992
Saturated
0.75
1.8
Energy (Cal)
41.92942583
100.630622
Fat
0.83333333
1.99999999
Dietary Fibre (total)
0.08
0.192
* Percentage Daily Intakes are based on an average adult diet of 8700 kJ. Your daily intakes may be higher or lower depending on your energy needs.","INGREDIENTS: Sugar, Whey Powder (Milk), Skimmed Milk Powder (11%), Coconut Fat, Tea Extract^ (3.5%), Natural Flavours, Spices (0.5%) (Cinnamon, Cardamom, Ginger, Cloves), Thickener (Xanthan Gum), Stabiliser (339).",https://www.coles.com.au/product/coles-chai-latte-250g-3640687,,,2024-06-16T14:05:47.726592-04:00
Ind53SColes_ADrinks_SATea_INerada English Breakfast Tea Bags Teacup | 100 Pack,Nerada English Breakfast Tea Bags Teacup | 100 Pack,Nerada,Drinks,Tea,Black,,$5.60,,,$0.06 per 1ea,496507,"Since 1971, Nerada has been blending tradition with excellence. Steeped in heritage, our mission his simple, create Australia's freshest, finest and most sustainable teas crafted with honesty and care.

We embody the adventurous spirit of this great country, curating tea that resonate with the Australian taste, each sip a testament to our commitment.

It is a shared joy of discovery with each cup a narrative, a story of exploration to be savoured alone or in the warm company of friends and family. We are proud to bring a true Ausie way to drink tea.
Rich and Full Bodied Black Tea

Premium Blend",,,,,https://www.coles.com.au/product/nerada-english-breakfast-tea-bags-teacup-100-pack-496507,,,2024-06-16T14:05:57.700654-04:00
Ind53SColes_ADrinks_SATea_IDilmah Extra Strength Pure Ceylon Bags 200 Pack | 480g,Dilmah Extra Strength Pure Ceylon Bags 200 Pack | 480g,Dilmah,Drinks,Tea,Black,,$15.00,,,$0.08 per 1ea,5059237,"Finely balanced richness, flavour, strength and aroma for the perfect cup of tea, with more tea per teabag for a stronger brew. Our Premium tea is sourced from a single origin; the central highlands of Sri Lanka, reputed for its brightness and medium strength. Pure Ceylon Broken Orange Pekoe (BOPF) produces a pleasing brew, ideal for everyday drinking.The Dilmah Premium Ceylon Tea range introduces tea lovers to the romance of real Ceylon tea. This Premium Ceylon Extra Strength Black Tea product consists of 200 tea bags.",,,,"Ceylon black tea, no additives. All natural.",https://www.coles.com.au/product/dilmah-extra-strength-pure-ceylon-bags-200-pack-480g-5059237,,,2024-06-16T14:06:07.007227-04:00
Ind53SColes_ADrinks_SABeverages_IQueen Victoria Green Tea Bags | 10 pack,Queen Victoria Green Tea Bags | 10 pack,Queen Victoria,Drinks,Beverages,Coffee & tea,,$1.20,,,"$0.12 per 1ea
Was $2.00 on Apr 2024",3984631,"Queen Victoria Teas are a noble range of high-quality teas celebrating the time honoured tea traditions dating back to the English aristocrats of the eighteenth century.
This traditional green tea has a light, delicate taste and a fresh and fragrant aroma.
10 Enveloped Tea Bags.",,,,,https://www.coles.com.au/product/queen-victoria-green-tea-bags-10-pack-3984631,,,2024-06-16T14:06:15.992394-04:00
Ind53SColes_ADrinks_SATea_ITwinings Ginger & Apple Infusions Tea Bags | 20g,Twinings Ginger & Apple Infusions Tea Bags | 20g,Twinings,Drinks,Tea,Herbal,,$1.50,,$3.00,$0.15 per 1ea,2384526,"Delightfully unexpected flavour sensation...
Blending the sweet flavour of ripe apples, with the warmth of ginger root, this Ginger & Apple herbal infusion is sure to excite and surprise. The subtle aroma and balanced flavour will tempt you at any time of day.

For more delightful herbal infusions, try our refreshing and invigorating Pure Peppermint.",,,,"White Hibiscus, Rosehip, Ginger (10%), Apple Pieces (8%), Apple Flavour (5%), Red Hibiscus, Lemon Peel, Roasted Chicory Root, Pear Flavour.",https://www.coles.com.au/product/twinings-ginger-and-apple-infusions-tea-bags-20g-2384526,,,2024-06-16T14:06:24.990162-04:00
Ind53SColes_ADrinks_SATea_ITwining's Pure Camomile Infusions Tea Bags | 10 pack,Twining's Pure Camomile Infusions Tea Bags | 10 pack,Twinings,Drinks,Tea,Herbal,,$1.50,,$3.00,$0.15 per 1ea,2469480,"A moment's peace and quiet...

We think that a cup of our soothing, Pure Camomile is just what you need to bring about a little calm into your hectic day. So take a break to sip this gentle blend, enjoy the aroma and slow the pace of your day.

For more delightful herbal infusions, try our soothing and minty Camomile & Spearmint.",,,,Camomile,https://www.coles.com.au/product/twining's-pure-camomile-infusions-tea-bags-10-pack-2469480,,,2024-06-16T14:06:33.940612-04:00
Ind53SColes_ADrinks_SATea_ITwinings Earl Grey Loose Leaf Tea | 125g,Twinings Earl Grey Loose Leaf Tea | 125g,Twinings,Drinks,Tea,Loose leaf,,$7.50,,,$6.00 per 100g,344575,"Black tea with added citrus notes
Quality black tea

Estd. 1706 London
At Twinings, our master blenders have been blending quality teas for over 300 years. 
Each blend is created with the finest ingredients to deliver a superior experience in every cup.",,,,"Black Tea, Bergamot Flavour (1%).",https://www.coles.com.au/product/twinings-earl-grey-loose-leaf-tea-125g-344575,,,2024-06-16T14:06:42.750738-04:00
Ind53SColes_ADrinks_SATea_IT2 Tummy Tea | 10 pack,T2 Tummy Tea | 10 pack,T2,Drinks,Tea,Herbal,,$7.50,,,$0.75 per 1ea,3987618,"A wonderful minty after-dinner treat with a sumptuously smooth and sweet aftertaste.

A little something yummy for your tummy! Here's a wonderful minty after-dinner treat with a sumptuously smooth and sweet aftertaste that'll linger well into the evening.
Marigold petals, fennel, peppermint, and liquorice root deliver balanced, sweet salvation.

Bright and smooth peppermint with lingering sweetness.

Great to soothe and aid in digestion.

Best brewed 3-5 minutes using freshly boiled water. Perfect on its own.

From fruits to spices, tea leaves to herb bushes, 100% of our tea is sustainably sourced. Our teabags are made from food-grade corn starch - they are compostable, too.",,,,"Peppermint, liquorice root fennel, marigold petals",https://www.coles.com.au/product/t2-tummy-tea-10-pack-3987618,,,2024-06-16T14:06:51.778680-04:00
Ind53SColes_ADrinks_SATea_IQueen Victoria Lemon & Ginger Tea Bags | 50 pack,Queen Victoria Lemon & Ginger Tea Bags | 50 pack,Queen Victoria,Drinks,Tea,Herbal,,$6.00,,,$0.12 per 1ea,3984733,"Queen Victoria Teas are a noble range of high-quality teas celebrating the time honoured tea traditions dating back to the English aristocrats of the eighteenth century.
A calming, naturally caffeine-free blend that is rich in antioxidants, combining zesty lemon with ginger spiciness.
50 Tea Bags.",,,,,https://www.coles.com.au/product/queen-victoria-lemon-and-ginger-tea-bags-50-pack-3984733,,,2024-06-16T14:07:01.470048-04:00
Ind53SColes_ADrinks_SATea_IMadura Premium Blend Tea Bags 100 pack | 200g,Madura Premium Blend Tea Bags 100 pack | 200g,Madura,Drinks,Tea,Black,,$10.80,,,$0.11 per 1ea,6059243,"Premium Blend
A selection of the finest teas from Sri Lanka, India, Southeast Asia and our own Australian estate, chosen at their peak, ensuring the quality of this, our most popular blend. A unique, full bodied, bright, strong tea, crafted to suit the fussiest of tea drinkers.
Highest awarded tea brand for taste in Australia

100% Australian owned and family operated - Brewing since 1978

At Madura Tea we grow, blend and pack to the highest Australian standards

Independently tested in Australia for purity and caffeine levels.",,,"Per 100g/ml
Per Serving
%DI
Energy
<0.06kJ
<0.15kJ
0
Protein
0g
0g
0
Total Fat
0g
0g
0
Saturated Fat
0g
0g
0
Carbohydrate
0g
0g
0
Sugars
0g
0g
0
Sodium
<0.05mg
<0.10mg
0
Monounsaturated
0
0
0
Energy (Cal)
0
0
0
Dietary Fibre (total)
0
0
0
Polyunsaturated
0
0
0
Trans
0
0
0
Caffeine
2.8g by Dry Weight
56mg by Dry Weight
0
* Percentage Daily Intakes are based on an average adult diet of 8700 kJ. Your daily intakes may be higher or lower depending on your energy needs.",,https://www.coles.com.au/product/madura-premium-blend-tea-bags-100-pack-200g-6059243,,,2024-06-16T14:07:12.703963-04:00
Ind53SColes_ADrinks_SATea_ICurated Group Chinese Green Tea | 20 pack,Curated Group Chinese Green Tea | 20 pack,Curated,Drinks,Tea,Black,,,,,,8145390,"Heavenly Green tea

Often known as Temple of Heaven, this special gunpowder tea (locally referred to as Zhu Cha or pearl tea) is grown in the beautiful mountainous province of Zhejiang.

Here dramatic seasons, with humid summers and bitter frosts melting to a vibrant spring flush, nurture the tea leaves' flavour. The plucked leaves are then tightly rolled to protect their smooth, mellow flavour.

Our Chinese Green tea is grassy with a nutty sweetness and a delicate, lingering flavour.
Chinese culture has revered green tea for millennia for its perceived benefits. More information on our Chinese Green tea can be found on our website.

Our plant-based pyramid-shaped tea bags are generously sized to allow the rolled leaves to unfurl and fully infuse. Each tea bag comes in a recyclable envelope so the leaves stay as fresh as the first day they were picked and your cup of tea delivers joy every time.

96 is only possible because of the communities that nurture the verdant lands where our teas grow.

We're committed to ethically sourcing our teas, sustainable packaging and reducing our environmental footprint.",,,,Chinese green tea,https://www.coles.com.au/product/curated-group-chinese-green-tea-20-pack-8145390,,,2024-06-16T14:07:25.123931-04:00
Ind53SColes_ADrinks_SATea_IQueen Victoria Decaf Tea Bags | 40 pack,Queen Victoria Decaf Tea Bags | 40 pack,Queen Victoria,Drinks,Tea,Black,,$6.00,,,$0.15 per 1ea,6397723,Queen Victoria Teas are a noble range of high-quality teas celebrating the time-honoured tea traditions dating back to the English aristocrats of the eighteenth century. Our English Breakfast Decaf has a traditional full-bodied and bright flavour without the caffeine. A blend to enjoy at any time of the day.,,,,,https://www.coles.com.au/product/queen-victoria-decaf-tea-bags-40-pack-6397723,,,2024-06-16T14:07:34.469806-04:00
Ind53SColes_ADrinks_SATea_IOrigin Tea Original Sticky Chai | 120g,Origin Tea Original Sticky Chai | 120g,Origin Tea,Drinks,Tea,Chai,,$7.00,,$9.00,$5.83 per 100g,4958910,"Take your taste buds to a winter wonderland & bless your soul with our cozy & comforting Sticky Chai, a delightful fusion of aromatic whole spices, coconut nectar & black tea. You'll be captivated by its rich yet heartfelt flavours & soul-soothing aroma, leaving you craving for more.",,,"Per 100g/ml
Per Serving
%DI
Energy
94kJ
235kJ
Protein
0.01g
0.01g
Total Fat
0.01g
0.01g
Saturated Fat
0.01g
0.01g
Carbohydrate
5g
12.5g
Sugars
2.6g
6.6g
Sodium
1.3mg
3.3mg
* Percentage Daily Intakes are based on an average adult diet of 8700 kJ. Your daily intakes may be higher or lower depending on your energy needs.",,https://www.coles.com.au/product/origin-tea-original-sticky-chai-120g-4958910,,,2024-06-16T14:07:45.738346-04:00
Ind53SColes_ADrinks_SATea_ITwinings Livewell Metabolism + Zinc Tea Bag | 20 pack,Twinings Livewell Metabolism + Zinc Tea Bag | 20 pack,Twinings,Drinks,Tea,Herbal,,$4.25,,$8.50,$0.21 per 1ea,6264515,"Living well should taste as good as it makes you feel. 

That's why we carefully select the finest ingredients to create a range of drinks that help make daily wellbeing deliciously enjoyable. 

Metabolism

We all strive to feel confident and energised every day which is the inspiration behind this carefully crafted blend.

A combination of herbal ingredients including peppermint, green tea, ginger and cinnamon create a refreshing and invigorating blend with added Zinc contributing to your normal macronutrient metabolism.

Sourced With Care
Twinings of London

At Twinings, we recognise our responsibility to source ethically and our ability to act as a force for good by improving conditions in our supply chain. 

Our Sourced with Care programme aims to do just that. Everyone has the right to a decent quality of life and we work to make this a reality in the communities from which we source our materials. Our programmes empower women, enable better access to water and sanitation, and improve livelihoods in the communities in our supply chain. 

Find out more at www.sourcedwithcare.com

Here's four tips you can incorporate into your day to maintain overall health and support metabolic wellness: 

1. Select foods for their good nutrition and taste
2. Don't starve your body of food when you get those hunger cues
3. Fuel your body with enough sleep and water every day
4. Support your health and wellness rituals with a Twinings Live Well Metabolism tea",,,"Per 100g/ml
Per Serving
%DI
Energy
3kJ
7kJ
0
Protein
<1g
<1g
0
Total Fat
<1g
<1g
0
Saturated Fat
<1g
<1g
0
Carbohydrate
<1g
<1g
0
Sugars
<1g
<1g
0
Sodium
<5mg
<5mg
0
Monounsaturated
0
0
0
Energy (Cal)
0
0
0
Dietary Fibre (total)
0
0
0
Polyunsaturated
0
0
0
Trans
0
0
0
* Percentage Daily Intakes are based on an average adult diet of 8700 kJ. Your daily intakes may be higher or lower depending on your energy needs.",,https://www.coles.com.au/product/twinings-livewell-metabolism-+-zinc-tea-bag-20-pack-6264515,,,2024-06-16T14:07:56.573143-04:00
Ind53SColes_ADrinks_SATea_INerada Organic Tea Bags Vanilla Rooibos | 50 Pack,Nerada Organic Tea Bags Vanilla Rooibos | 50 Pack,Nerada,Drinks,Tea,Organic,,$5.10,,,$0.10 per 1ea,6378616,"Rooibos is a shrub native to South Africa, where it has been used as a refreshing beverage for centuries. To excite and delight the palate we have added a hint of natural vanilla flavour to our organic Rooibos which makes it beautifully aromatic and smooth. As Rooibos is naturally sweet and caffeine free it is perfect at any time of day.
100% Natural Ingredients
We like to do things the natural way. That's why our deliciously refreshing teas & herbal infusions have been expertly created only using the finest organic ingredients from our trusted growing partners which makes them unique and delicious.",,,,"Organic Rooibos 95%, Natural Vanilla Flavour 5%",https://www.coles.com.au/product/nerada-organic-tea-bags-vanilla-rooibos-50-pack-6378616,,,2024-06-16T14:08:05.774790-04:00
Ind53SColes_ADrinks_SATea_IT2 Melbourne Breakfast Flavoured Black Tea Bags 25 pack | 50g,T2 Melbourne Breakfast Flavoured Black Tea Bags 25 pack | 50g,T2,Drinks,Tea,Black,,$16.00,,,$0.64 per 1ea,3079186,"A smooth blend of loose leaf black tea and vanilla. Just try and you'll be hooked! Inspired by the home of T2, this cup is a flavoured tea hit; If you need to weather four seasons in one day, this tea will see you through.
Smooth, sweet vanilla and bold black tea.
A feel-good cup that would be perfect as a hot tea for that morning tea moment, or a relaxing tea for an afternoon pick-me-up.
Best brewed 2-4 minutes using freshly boiled water. Perfect on its own or with a dash of milk.
Flavored black tea perfect for morning or afternoon.

Enjoy it on its own or with milk for a relaxing tea moment.

Full-bodied and smooth with a sweet vanilla flavor and depth of character.

Sealed fresh in compostable plastic and packed in a recyclable cardboard box.

Store in a cool, dry place.

T2 Tea sources only the finest seasonal ingredients for their expertly blended premium loose leaf tea..

Their teabags are made from food-grade corn starch and are both recyclable and compostable..

T2 Tea is committed to sustainability and eco-friendliness..",,,,,https://www.coles.com.au/product/t2-melbourne-breakfast-flavoured-black-tea-bags-25-pack-50g-3079186,,,2024-06-16T14:08:14.906380-04:00
Ind53SColes_ADrinks_SATea_ITwinings Lady Grey Tea Bags | 100 pack,Twinings Lady Grey Tea Bags | 100 pack,Twinings,Drinks,Tea,Black,,$13.50,,,$0.14 per 1ea,5051734,"Black tea with added citrus notes
Quality black tea
Compostable tea bags

Estd. 1706 London
At Twinings, our master blenders have been blending quality teas for over 300 years. 
Each blend is created with the finest ingredients to deliver a superior experience in every cup.",,,,"Black Tea, Orange Peel (3%), Lemon Peel (3%), Citrus Flavour.",https://www.coles.com.au/product/twinings-lady-grey-tea-bags-100-pack-5051734,,,2024-06-16T14:08:25.849247-04:00
Ind53SColes_ADrinks_SATea_ITwinings Live Well Probiotic Blend Tea Bags | 18 pack,Twinings Live Well Probiotic Blend Tea Bags | 18 pack,Twinings,Drinks,Tea,Herbal,,$4.25,,$8.50,$0.24 per 1ea,4984590,"Probiotics
Enjoy a blend bursting with big flavours of ginger and zesty lemon combined with a subtle kick of turmeric.

Packed with millions of live cultures to help you feel great, this blend is perfect for a cleansing sip anytime of the day.

Sourced with care. 

Living well should taste as good as it makes you feel.

That's why we carefully select the finest ingredients to create a range of drinks that help make daily wellbeing deliciously enjoyable.

No artificial colours or flavours. 
Naturally caffeine free. ",,,"Per 100g/ml
Per Serving
%DI
Energy
10kJ
20kJ
Protein
<1g
<1g
Total Fat
<1g
<1g
Saturated Fat
<1g
<1g
Carbohydrate
<1g
<1g
Sugars
<1g
<1g
Sodium
<5mg
<5mg
Caffeine
0mg
0mg
* Percentage Daily Intakes are based on an average adult diet of 8700 kJ. Your daily intakes may be higher or lower depending on your energy needs.",,https://www.coles.com.au/product/twinings-live-well-probiotic-blend-tea-bags-18-pack-4984590,,,2024-06-16T14:08:38.198304-04:00
Ind53SColes_ADrinks_SATea_IDilmah 85 Reserve Royal Ceylon Breakfast | 10 pack,Dilmah 85 Reserve Royal Ceylon Breakfast | 10 pack,Dilmah,Drinks,Tea,Black,,,,,,8087807,,,,,,https://www.coles.com.au/product/dilmah-85-reserve-royal-ceylon-breakfast-10-pack-8087807,,,2024-06-16T14:08:49.967212-04:00
Ind53SColes_ADrinks_SATea_IQueen Victoria Earl Grey Tea Bags | 50 pack,Queen Victoria Earl Grey Tea Bags | 50 pack,Queen Victoria,Drinks,Tea,Black,,$6.00,,,$0.12 per 1ea,3984697,"Queen Victoria Teas are a noble range of high-quality teas celebrating the time honoured tea traditions dating back to the English aristocrats of the eighteenth century.
This quintessential British-style tea is infused with oil from the rind of bergamot orange creating a refreshing citrus flavour, with hints of orange, lemon, grapefruit and lime.
10 Enveloped Tea Bags.",,,,,https://www.coles.com.au/product/queen-victoria-earl-grey-tea-bags-50-pack-3984697,,,2024-06-16T14:08:58.856414-04:00
Ind53SColes_ADrinks_SATea_IDilmah Pure Ceylon Jasmine Flavour Green Tea Bags 20 pack | 40g,Dilmah Pure Ceylon Jasmine Flavour Green Tea Bags 20 pack | 40g,Dilmah,Drinks,Tea,Green,,$5.20,,,$0.26 per 1ea,2601329,"100% pure single origin Ceylon green tea sourced from the Nuwara Eliya region. This Ceylon green tea is a bright and aromatic fusion with the flavour of natural jasmine. Jasmine has a sensual and calm fragrance, which is delicious in subtle combination with Ceylon Green tea. Gentle and floral with subtle sweetness from the Jasmine and a fresh, sensual finish.",,,,,https://www.coles.com.au/product/dilmah-pure-ceylon-jasmine-flavour-green-tea-bags-20-pack-40g-2601329,,,2024-06-16T14:09:08.108162-04:00
Ind53SColes_ADrinks_SA_IPukka Three Mint Herbal Tea Sachets 20 pack | 32g,Pukka Three Mint Herbal Tea Sachets 20 pack | 32g,Pukka,Drinks,,,,$8.50,,,$0.43 per 1ea,3248807,"Three Mint tea, the refreshing hero of the palate. Just imagine three types of mint together - finely-chopped spearmint, fieldmint and peppermint - the cool suddenly becomes more vibrant. The sweetness more supreme. And the 'you' it leaves behind, as crisp and clean as the brightest day. Good News for refreshing the palate.

Infuse for up to 15 minutes. Boiling just the water you need helps make every cup of Pukka tea as sustainable as it can be. Every Pukka plastic-free tea bag comes in its own recyclable envelope to retain the essential oils in our organic herbs. Each bag has two chambers, allowing these incredible herbs to flow and release the full potency in your cup. To help the flavours to fully disperse, pour boiling water directly on the bag. Every herb loves the water, so leave them to steep for the perfect brew. And remember to boil just the amount of water you need to make your cuppa as environmentally-friendly as it can be. Deliciousness knows no deeper colour.

At Pukka, our heartfelt desire is to create a healthier, happier world through the incredible power of organic herbs. We hope you feel inspired to discover more about yourself and the beautiful planet on which we all live. Doing good things helps make good things happen. We create things that help you, help nature and everything in-between. It's called conservation through commerce - striving to positively change the world for you, business and the planet.",,,,,https://www.coles.com.au/product/pukka-three-mint-herbal-tea-sachets-20-pack-32g-3248807,,,2024-06-16T14:09:16.882304-04:00
Ind53SColes_ADrinks_SATea_ILipton Quality Black Tea Bags 200 Pack | 200 each,Lipton Quality Black Tea Bags 200 Pack | 200 each,Lipton Quality Black,Drinks,Tea,Black,,,,,,8102423,,,,,,https://www.coles.com.au/product/lipton-quality-black-tea-bags-200-pack-200-each-8102423,,,2024-06-16T14:09:26.285884-04:00
Ind53SColes_ADrinks_SATea Drinks_ITwinings Cranberry & Pomegranate Infusions Tea Bags | 10 Pack,Twinings Cranberry & Pomegranate Infusions Tea Bags | 10 Pack,Twinings,Drinks,Tea Drinks,Tea Herbal,,$1.50,,$3.00,$0.15 per 1ea,8729562,"A match made in flavour heaven...
Our Cranberry & Pomegranate fuses sweet and tangy notes to create a vibrant and delicious fruity infusion. Close your eyes, imaging yourself on a beautiful island and savour this flavoursome pairing - it's mouth-wateringly good!

For more delightful fruit flavoured infusions, try our luscious & fruity Strawberry, Raspberry & Loganberry.",,,,"Hibiscus (48%), Apple Pieces, Cranberry Flavour (11%), Pomegranate Flavour (10%), Rosehip, Liquorice Root (4.5%).",https://www.coles.com.au/product/twinings-cranberry-and-pomegranate-infusions-tea-bags-10-pack-8729562,,,2024-06-16T14:49:39.997143-04:00
Ind53SColes_ADrinks_SABeverages_ITwinings English Breakfast Tea Bags 50 pack | 100g,Twinings English Breakfast Tea Bags 50 pack | 100g,Twinings,Drinks,Beverages,Coffee & tea,,$7.00,,,"$0.14 per 1ea
Was $8.50 on May 2024",6818989,"Multi-origin blend including tea from: 
Africa
Fresh-tasting
India
Full-bodied
Compostable tea bags

Estd. 1706 London
At Twinings, our master blenders have been blending quality teas for over 300 years. 
Each blend is created with the finest ingredients to deliver a superior experience in every cup.",,,,Black Tea.,https://www.coles.com.au/product/twinings-english-breakfast-tea-bags-50-pack-100g-6818989,,,2024-06-16T14:49:48.851253-04:00
Ind53SColes_ADrinks_SATea_IT2 French Earl Grey Flavoured Black Tea Bags 25 pack | 50g,T2 French Earl Grey Flavoured Black Tea Bags 25 pack | 50g,T2,Drinks,Tea,Black,,$16.00,,,$0.64 per 1ea,3079200,"Earl Grey gets a French twist which is oh-so-fruity. A medium-bodied black tea base with pretty petals and notes of fruit that play with classic bergamot in an inspiring, bold and refined infusion.
Sweet fruits, rose, sunflower and hibiscus, with a touch of bergamot to leave you feeling fancy.
Brew for 2-3 minutes using freshly boiled water. Best drunk without milk due to the delicate floral flavours and light black tea base. A little slice of lemon will add a zesty finish and complement the heady, floral aroma.
The flavored tea is perfect for an afternoon pick-me-up or a morning tea ritual.

It can be enjoyed hot or cold over ice for a relaxing tea experience.

The tea leaves and bergamot oil create a dance of flavors that transport you to Paris with just one sip.

The tea comes sealed fresh in a compostable plastic bag packed in a colorful recyclable cardboard box.

For optimal freshness, store the tea in a cool, dry place.

T2 Tea uses only the finest quality premium loose leaf tea sourced from around the world..

Expert tea blenders create the perfect blend of seasonal ingredients for a superior tea drinking experience..

T2 Tea is environmentally friendly, with teabags made from food-grade corn starch that are both recyclable and compostable..",,,,,https://www.coles.com.au/product/t2-french-earl-grey-flavoured-black-tea-bags-25-pack-50g-3079200,,,2024-06-16T14:49:57.896640-04:00
Ind53SColes_ADrinks_SATea_IQueen Victoria English Breakfast Tea Bags | 50 pack,Queen Victoria English Breakfast Tea Bags | 50 pack,Queen Victoria,Drinks,Tea,Black,,$6.00,,,$0.12 per 1ea,3984675,"Queen Victoria Teas are a noble range of high-quality teas celebrating the time honoured tea traditions dating back to the English aristocrats of the eighteenth century.
The British tradition of enjoying a blend of strong black teas at breakfast goes back centuries. Our classic English Breakfast tea is full-bodied, bright and bold, with a malted finish.
50 Tea Bags.",,,,,https://www.coles.com.au/product/queen-victoria-english-breakfast-tea-bags-50-pack-3984675,,,2024-06-16T14:50:07.453467-04:00
Ind53SColes_ADrinks_SABeverages_IArkadia Chai Tea Low Sugar | 240g,Arkadia Chai Tea Low Sugar | 240g,Arkadia,Drinks,Beverages,Coffee & tea,,$6.30,,,"$2.63 per 100g
Was $7.00 on Apr 2024",3703754,"Australia's favourite Chai Tea is now available with No Added Sugar. With all the taste of Arkadia Chai, without the calories, Arkadia No Added Sugar Chai is naturally sweetened with GreenSpoon Stevia, a natural alternative to sugar. And with only 54 calories per serve when made up on water as directed, this truly is an indulgence without the guilt.
This indulgent cafe style beverage is inspired by Australia's bestselling Arkadia Chai Tea Spice, and can be made by simply adding hot water for a chai tea, or with your choice of hot milk for a smooth, creamy low calorie Chai Latte. And in the hotter months, why not add to a blender with ice and milk for a refreshing no added sugar Chai frappe.",,,"Per 100g/ml
Per Serving
%DI
Energy
112kJ
223kJ
Protein
1g
1g
Total Fat
1.4g
2.8g
Saturated Fat
1.4g
2.8g
Carbohydrate
2.8g
5.5g
Sugars
1g
1g
Sodium
43mg
86mg
* Percentage Daily Intakes are based on an average adult diet of 8700 kJ. Your daily intakes may be higher or lower depending on your energy needs.","Sweetener (Erythritol, Steviol Glycosides), Glucose Syrup Solids, Vegetable Oil, Flavours, Instant Tea (4.5%), Sodium Caseinate, Mineral Salts (340, 451, 452), Emulsifiers (471, 481, Soy Lecithin), Salt, Anti-caking Agent (551).",https://www.coles.com.au/product/arkadia-chai-tea-low-sugar-240g-3703754,,,2024-06-16T14:50:20.298104-04:00
Ind53SColes_ADrinks_SA_IPukka Herbal Collection Tea Bags 20 pack | 34.4g,Pukka Herbal Collection Tea Bags 20 pack | 34.4g,Pukka,Drinks,,,,$8.50,,,$0.43 per 1ea,3452508,"Herbal Collection, your own mini herbal adventure in a magical box of Pukka herbal teas. Five delicious, organic award-winning teas with each using three varieties of incredible organic herbs to create exceptional flavours and sensory experiences.

Infuse for up to 15 minutes. Boiling just the water you need helps make every cup of Pukka tea as sustainable as it can be. Every Pukka plastic-free tea bag comes in its own recyclable envelope to retain the essential oils in our organic herbs. Each bag has two chambers, allowing these incredible herbs to flow and release the full potency in your cup. To help the flavours to fully disperse, pour boiling water directly on the bag. Every herb loves the water, so leave them to steep for the perfect brew. And remember to boil just the amount of water you need to make your cuppa as environmentally-friendly as it can be. Deliciousness knows no deeper colour.

At Pukka, our heartfelt desire is to create a healthier, happier world through the incredible power of organic herbs. We hope you feel inspired to discover more about yourself and the beautiful planet on which we all live. Doing good things helps make good things happen. We create things that help you, help nature and everything in-between. It's called conservation through commerce - striving to positively change the world for you, business and the planet. Giving back 1% for the Planet, Fair for Life and FairWild certified. Your box of herbal delight.",,,,"Elderberry & Echinacea - Ginger root, licorice root, echinacea herb (11%), beetroot, aniseed, rosehip, peppermint leaf, orange peel, elderflower (5%), elderberry (4%), hibiscus, orange essential oil flavour, blackcurrant flavour.

Lemon, Ginger and Manuka Honey - Ginger root (32%), licorice root, sweet fennel seed, lemon peel (8%), elderflower, lemon verbena leaf, turmeric root, lemon essential oil flavour (6%), lemon myrtle leaf, manuka honey flavour (2%).

Feel New - Aniseed (32.5%), sweet fennel seed (32.5%), cardamom pod (15%), licorice root, coriander seed, turmeric root.

Three Mint - Peppermint leaf (54%), spearmint leaf (39%), fieldmint leaf (7%).

Night Time - Cat flowering tops (30%), chamomile flower, licorice root, lavender flower (14%), limeflower (10%), tulsi leaf, valerian root (4.9%).",https://www.coles.com.au/product/pukka-herbal-collection-tea-bags-20-pack-34.4g-3452508,,,2024-06-16T14:50:29.278190-04:00
Ind53SColes_ADrinks_SATea_ITwinings English Breakfast Extra Strong Tea Bags 80 pack | 200g,Twinings English Breakfast Extra Strong Tea Bags 80 pack | 200g,Twinings,Drinks,Tea,Black,,$13.50,,,$0.17 per 1ea,2236788,"Multi-origin blend including tea from: 
Africa 
Bold
India
Full-bodied
Compostable tea bags

Estd. 1706 London
At Twinings, our master blenders have been blending quality teas for over 300 years. 
Each blend is created with the finest ingredients to deliver a superior experience in every cup. ",,,,Black Tea.,https://www.coles.com.au/product/twinings-english-breakfast-extra-strong-tea-bags-80-pack-200g-2236788,,,2024-06-16T14:50:38.159322-04:00
Ind53SColes_ADrinks_SATea_ITwinings Live Well Probiotic Blend Tea Bags | 18 pack,Twinings Live Well Probiotic Blend Tea Bags | 18 pack,Twinings,Drinks,Tea,Herbal,,$4.25,,$8.50,$0.24 per 1ea,4984590,"Probiotics
Enjoy a blend bursting with big flavours of ginger and zesty lemon combined with a subtle kick of turmeric.

Packed with millions of live cultures to help you feel great, this blend is perfect for a cleansing sip anytime of the day.

Sourced with care. 

Living well should taste as good as it makes you feel.

That's why we carefully select the finest ingredients to create a range of drinks that help make daily wellbeing deliciously enjoyable.

No artificial colours or flavours. 
Naturally caffeine free. ",,,"Per 100g/ml
Per Serving
%DI
Energy
10kJ
20kJ
Protein
<1g
<1g
Total Fat
<1g
<1g
Saturated Fat
<1g
<1g
Carbohydrate
<1g
<1g
Sugars
<1g
<1g
Sodium
<5mg
<5mg
Caffeine
0mg
0mg
* Percentage Daily Intakes are based on an average adult diet of 8700 kJ. Your daily intakes may be higher or lower depending on your energy needs.","Ginger (50%), Lemon Flavouring (15%), Turmeric (10%), Cinnamon, Cloves, Liquorice Root (5%), Bacillus coagulans GBI-30 6086 (4%), Ginger Flavouring (2%).",https://www.coles.com.au/product/twinings-live-well-probiotic-blend-tea-bags-18-pack-4984590,,,2024-06-16T14:50:50.081434-04:00
Ind53SColes_ADrinks_SATea_IKoala Turmeric Tea | 36g,Koala Turmeric Tea | 36g,Koala,Drinks,Tea,Herbal,,$5.00,,,$0.25 per 1ea,2728476,,,,,,https://www.coles.com.au/product/koala-turmeric-tea-36g-2728476,,,2024-06-16T14:50:59.011177-04:00
Ind53SColes_ADrinks_SATea_ITwinings Earl Grey Tea Bags 10 pack | 20g,Twinings Earl Grey Tea Bags 10 pack | 20g,Twinings,Drinks,Tea,Black,,$1.50,,$3.00,$0.15 per 1ea,341792,"Black tea with added citrus notes
Quality black tea
Compostable tea bags

Estd. 1706 London
At Twinings, our master blenders have been blending quality teas for over 300 years. 
Each blend is created with the finest ingredients to deliver a superior experience in every cup.",,,,"Black Tea, Bergamot Flavours (3.5%).",https://www.coles.com.au/product/twinings-earl-grey-tea-bags-10-pack-20g-341792,,,2024-06-16T14:51:08.051810-04:00
Ind53SColes_ADrinks_SA_IPukka Three Mint Herbal Tea Sachets 20 pack | 32g,Pukka Three Mint Herbal Tea Sachets 20 pack | 32g,Pukka,Drinks,,,,$8.50,,,$0.43 per 1ea,3248807,"Three Mint tea, the refreshing hero of the palate. Just imagine three types of mint together - finely-chopped spearmint, fieldmint and peppermint - the cool suddenly becomes more vibrant. The sweetness more supreme. And the 'you' it leaves behind, as crisp and clean as the brightest day. Good News for refreshing the palate.

Infuse for up to 15 minutes. Boiling just the water you need helps make every cup of Pukka tea as sustainable as it can be. Every Pukka plastic-free tea bag comes in its own recyclable envelope to retain the essential oils in our organic herbs. Each bag has two chambers, allowing these incredible herbs to flow and release the full potency in your cup. To help the flavours to fully disperse, pour boiling water directly on the bag. Every herb loves the water, so leave them to steep for the perfect brew. And remember to boil just the amount of water you need to make your cuppa as environmentally-friendly as it can be. Deliciousness knows no deeper colour.

At Pukka, our heartfelt desire is to create a healthier, happier world through the incredible power of organic herbs. We hope you feel inspired to discover more about yourself and the beautiful planet on which we all live. Doing good things helps make good things happen. We create things that help you, help nature and everything in-between. It's called conservation through commerce - striving to positively change the world for you, business and the planet.",,,,"Peppermint leaf (45%), spearmint leaf (39%), fieldmint leaf (16%).",https://www.coles.com.au/product/pukka-three-mint-herbal-tea-sachets-20-pack-32g-3248807,,,2024-06-16T14:51:16.975649-04:00
Ind53SColes_ADrinks_SATea_IT2 Sweetest Dream Tea Bags | 25 pack,T2 Sweetest Dream Tea Bags | 25 pack,T2,Drinks,Tea,Herbal,,,,,,8067264,"Sweet dreams are made of this. Chamomile, apple, silver lime flowers and lavender create a beautiful aroma and pretty brew that's bursting with sweet floral notes.
Gentle notes of mellow sweetness, fruits and florals.
Soothe and calm yourself, by sipping this tea in the evening.
Best brewed for 3-5 minutes using freshly boiled water. One teaspoon per cup. Perfect on its own.
This feel-good cup is perfect as a hot tea for a soothing evening.

25 teabags of premium herbal ingredients, including apple, chamomile, and lavender.

This tea is sealed fresh inside a compostable plastic bag packed into a colourful recyclable cardboard box.

Store in a cool, dry place.

T2 Tea is sourced from the finest seasonal ingredients from around the world.

Our expert tea blenders source only the finest quality premium loose leaf tea..

Our teabags are made from food-grade corn starch..

They are recyclable and compostable, too..",,,,,https://www.coles.com.au/product/t2-sweetest-dream-tea-bags-25-pack-8067264,,,2024-06-16T14:51:26.627288-04:00
Ind53SColes_ADrinks_SATea_ISymintons Dandelion Instant Herbal Tea | 250g,Symintons Dandelion Instant Herbal Tea | 250g,Symintons,Drinks,Tea,Herbal,,$13.20,,,$5.28 per 100g,5360626,Symington's instant tea A refreshing granulated Caffeine Free beverage made from naturally grown Roasted Dandelion Root.,,,"Per 100g/ml
Per Serving
%DI
Protein
0.02g
0.04g
Carbohydrate
1.41g
3.08g
Sugars
1.33g
2.92g
Energy KJ
24.3kJ
53.0kJ
Sodium
9.0mg
20.0mg
Saturated
0.0g
0.0g
Fat
0.0g
0.0g
* Percentage Daily Intakes are based on an average adult diet of 8700 kJ. Your daily intakes may be higher or lower depending on your energy needs.",,https://www.coles.com.au/product/symintons-dandelion-instant-herbal-tea-250g-5360626,,,2024-06-16T14:51:37.646549-04:00
Ind53SColes_ADrinks_SATea_IHigher Living Organic Golden Turmeric Tea | 15 pack,Higher Living Organic Golden Turmeric Tea | 15 pack,Higher Living,Drinks,Tea,Herbal,,,,,,3247510,"Higher Living Organic Golden Turmeric Tea is a spicy infusion of turmeric, ginger, and licorice, enlivened with aromatic rose petals. This spicy infusion is certified organic by the UK organic certification body Soil Association.
Bright & bold flavour combinations
Naturally caffeine-free
Organic tea",,,,"Turmeric (64%), Ginger (18%), Licorice (15%), Rose Petals (3%).",https://www.coles.com.au/product/higher-living-organic-golden-turmeric-tea-15-pack-3247510,,,2024-06-16T14:51:46.600817-04:00
Ind53SColes_ADrinks_SATea_IQueen Victoria Tea Digest Blend Tea Bags | 18 pack,Queen Victoria Tea Digest Blend Tea Bags | 18 pack,Queen Victoria Tea,Drinks,Tea,Herbal,,$3.50,,$7.00,$0.19 per 1ea,4971770,"A soothing blend of lemongrass, fennel seed and ginger that can be enjoyed after any meal.
Naturally caffeine free. Herbal Infusion.
Brew in near boiling water for 3 to 5 minutes. Best served without milk.",,,"Per 100g/ml
Per Serving
%DI
Energy
0kJ
0kJ
Protein
<1g
<1g
Total Fat
<1g
<1g
Saturated Fat
<1g
<1g
Carbohydrate
<1g
<1g
Sugars
<1g
<1g
Sodium
0mg
0mg
* Percentage Daily Intakes are based on an average adult diet of 8700 kJ. Your daily intakes may be higher or lower depending on your energy needs.","Lemongrass (25%), Ginger (25%), Cinnamon (22%), Fennel Seed (20%), Liquorice Root (5%), Natural Orange Flavour (3%)",https://www.coles.com.au/product/queen-victoria-tea-digest-blend-tea-bags-18-pack-4971770,,,2024-06-16T14:51:57.848713-04:00
Ind53SColes_ADrinks_SATea_IBushells Extra Strong Leaf Tea | 250g,Bushells Extra Strong Leaf Tea | 250g,Bushells,Drinks,Tea,Loose leaf,,$4.00,,,$1.60 per 100g,6699143,"We all have friends, family or colleagues who might be struggling to open up. In fact, 1 in 3 Aussies feel stressed, anxious or sad and depressed every day, which means someone you know probably needs a bit of support.

That's why Bushells are proud supporters of Lifeline. Because nothing opens up a good conversation like a great cup of tea! There's no better time to talk than now!

Our classic Blue Label is a well-rounded tea for a good Australian cuppa any time of day. This distinctively smooth and full-flavoured tea blended to taste the same as the original Bushells launched in Queensland in 1883.

Australia's first tea company, Bushells have brewed full flavoured conversations and friendships for over 130 years. Bushells has a long tradition of bringing Australians together for a good chat over a great cuppa, blended especially for Aussie tastes.

We've been part of Australian life for over a century, and proud to be a familiar icon that Aussies have grown up with  a delicious taste of home. Bringing people together for a good chat and a great cuppa is our passion  which is why we support and reinvest in organisations that help ordinary Australians.

For those who enjoy a strong taste

Tasty tea created especially for Aussie palates

An even fuller, smoother, stronger cuppa.

Great for an authentic pot of tea with extra strong flavour

Also available in 100 pack

Bushells is committed to creating a high quality cuppa, with the full flavour Australians know and love.",,,,Black Tea,https://www.coles.com.au/product/bushells-extra-strong-leaf-tea-250g-6699143,,,2024-06-16T14:52:07.412328-04:00
Ind53SColes_ADrinks_SA_ITwinings Camomile Honey And Vanilla Infusions Tea Bags | 10 pack,Twinings Camomile Honey And Vanilla Infusions Tea Bags | 10 pack,Twinings,Drinks,,,,$1.50,,$3.00,$0.15 per 1ea,8729551,"A delicious treat just for you...

Our blenders have expertly balanced our Camomile, Honey & Vanilla infusion. Sweet and mellow, it's perfect for times when you need to come back to yourself. Take your time, savour this blend and create d special moment you can call your own.

For more delightful flavoured herbal infusions, try our zesty and warming Lemon & Ginger.",,,"Per 100g/ml
Per Serving
%DI
Energy
10kJ
20kJ
Protein
<1g
<1g
Total Fat
<1g
<1g
Saturated Fat
<1g
<1g
Carbohydrate
<1g
<1g
Sugars
<1g
<1g
Sodium
5mg
10mg
* Percentage Daily Intakes are based on an average adult diet of 8700 kJ. Your daily intakes may be higher or lower depending on your energy needs.",,https://www.coles.com.au/product/twinings-camomile-honey-and-vanilla-infusions-tea-bags-10-pack-8729551,,,2024-06-16T14:52:18.746317-04:00
Ind53SColes_ADrinks_SATea_IYorkshire Tea Biscuit Brew Tea Bags | 40 pack,Yorkshire Tea Biscuit Brew Tea Bags | 40 pack,Yorkshire,Drinks,Tea,Black,,$6.50,,$9.50,$0.16 per 1ea,6320616,"Here's a miraculous tea that tastes like biscuits - because when those two flavours combine, the resulting deliciousness creates a wave of happiness big enough to power an entire human being! It's a magical mug of biscuity FLAVOUR goodness that doesn't get crumbs on your jumper. *100% of the tea in this product comes from Rainforest Alliance Certified farms. We are a member of Ethical Tea Partnership.",,,,,https://www.coles.com.au/product/yorkshire-tea-biscuit-brew-tea-bags-40-pack-6320616,,,2024-06-16T14:52:27.475026-04:00
Ind53SColes_ADrinks_SATea_INerada Organics Peppermint Tea Bags 40 Pack | 60g,Nerada Organics Peppermint Tea Bags 40 Pack | 60g,Nerada,Drinks,Tea,Herbal,,$6.00,,,$0.15 per 1ea,6384969,"Mint has been used for centuries for a variety of purposes including as a beverage for its cool and refreshing flavour. Our organic Peppermint has been carefully selected and grown using only nature's natural resources.
100% Natural Ingredients
We like to do things the natural way. That's why our deliciously refreshing teas & herbal infusions have been expertly created only using the finest organic ingredients from our trusted growing partners which makes them unique and delicious.",,,,Organic Peppermint,https://www.coles.com.au/product/nerada-organics-peppermint-tea-bags-40-pack-60g-6384969,,,2024-06-16T14:52:36.454545-04:00
Ind53SColes_ADrinks_SATea_ITwinings Pure Green Tea Bags 100 pack | 150g,Twinings Pure Green Tea Bags 100 pack | 150g,Twinings,Drinks,Tea,Green,,$13.50,,,$0.14 per 1ea,6816666,"To positive living, one tea cup at a time...
Let's drink to the fact that our Pure Green Tea has been crafted by our master blenders to deliver a fragrant and invigorating blend. Delicious with every sip, this tea will have you seeing the world in a beautiful glow.

In 1706, Thomas Twining started selling tea. More than 300 years on, the Twinings' tradition continues with our finest blends for you to enjoy every day.",,,,Green Tea.,https://www.coles.com.au/product/twinings-pure-green-tea-bags-100-pack-150g-6816666,,,2024-06-16T14:52:46.168793-04:00
Ind53SColes_ADrinks_SATea_IChatime Original Milk Bubble Tea | 4 pack,Chatime Original Milk Bubble Tea | 4 pack,Chatime,Drinks,Tea,Bubble tea,,$10.00,,,$2.50 per 1ea,5579055,,,,,,https://www.coles.com.au/product/chatime-original-milk-bubble-tea-4-pack-5579055,,,2024-06-16T14:52:55.824454-04:00
Ind53SColes_ADrinks_SATea_IRed Seal Raspberry & Strawberry Hot Or Cold Brew Tea Bags | 20 pack,Red Seal Raspberry & Strawberry Hot Or Cold Brew Tea Bags | 20 pack,Red Seal,Drinks,Tea,Herbal,,$4.50,,,$0.23 per 1ea,3450331,"Red Seal fruit teas brews in hot and cold water. Contains no calories, gluten, articial sweeteners or caffeine",,,,"Hibiscus, Apple, Rosehip, orange peel, natural flavourings, natural sweetener (Steviol Glycosides) Raspberry pieces, Strawberry pieces",https://www.coles.com.au/product/red-seal-raspberry-and-strawberry-hot-or-cold-brew-tea-bags-20-pack-3450331,,,2024-06-16T14:53:04.952534-04:00
Ind53SColes_ADrinks_SATea_ITetley Extra Strong Black Tea Bags 100 pack | 200g,Tetley Extra Strong Black Tea Bags 100 pack | 200g,Tetley,Drinks,Tea,Black,,$4.60,,,$0.05 per 1ea,7752194,,,,,,https://www.coles.com.au/product/tetley-extra-strong-black-tea-bags-100-pack-200g-7752194,,,2024-06-16T14:53:13.621142-04:00
Ind53SColes_ADrinks_SATea_ITwinings English Breakfast Leaf Tea | 125g,Twinings English Breakfast Leaf Tea | 125g,Twinings,Drinks,Tea,Loose leaf,,$7.50,,,$6.00 per 100g,344597,"Multi-origin blend including tea from: 
South Asia
Aromatic, well-rounded
Quality black tea

Estd. 1706 London
At Twinings, our master blenders have been blending quality teas for over 300 years. 
Each blend is created with the finest ingredients to deliver a superior experience in every cup.",,,,Black Tea.,https://www.coles.com.au/product/twinings-english-breakfast-leaf-tea-125g-344597,,,2024-06-16T14:53:22.794879-04:00
Ind53SColes_ADrinks_SATea_ITaylors of Harrogate Yorkshire Black Tea Bags 100 pack | 220g,Taylors of Harrogate Yorkshire Black Tea Bags 100 pack | 220g,Taylors of Harrogate,Drinks,Tea,Black,,$6.30,,,$0.06 per 1ea,1417368,,,,,,https://www.coles.com.au/product/taylors-of-harrogate-yorkshire-black-tea-bags-100-pack-220g-1417368,,,2024-06-16T14:53:31.527328-04:00
Ind53SColes_ADrinks_SATea_IQueen Victoria Peppermint Tea Bags | 100 pack,Queen Victoria Peppermint Tea Bags | 100 pack,Queen Victoria,Drinks,Tea,Herbal,,$5.50,,$11.00,$0.06 per 1ea,3984799,"Queen Victoria Teas are a noble range of high-quality teas celebrating the time honoured tea traditions dating back to the English aristocrats of the eighteenth century.
Naturally caffeine-free, our peppermint blend is a refreshing tea with a well-rounded flavour and a sweet, delicate taste.
100 Tea Bags.",,,,,https://www.coles.com.au/product/queen-victoria-peppermint-tea-bags-100-pack-3984799,,,2024-06-16T14:53:40.406987-04:00
Ind53SColes_ADrinks_SATea_IDilmah Extra Strength Pure Ceylon Bags 200 Pack | 480g,Dilmah Extra Strength Pure Ceylon Bags 200 Pack | 480g,Dilmah,Drinks,Tea,Black,,$15.00,,,$0.08 per 1ea,5059237,"Finely balanced richness, flavour, strength and aroma for the perfect cup of tea, with more tea per teabag for a stronger brew. Our Premium tea is sourced from a single origin; the central highlands of Sri Lanka, reputed for its brightness and medium strength. Pure Ceylon Broken Orange Pekoe (BOPF) produces a pleasing brew, ideal for everyday drinking.The Dilmah Premium Ceylon Tea range introduces tea lovers to the romance of real Ceylon tea. This Premium Ceylon Extra Strength Black Tea product consists of 200 tea bags.",,,,"Ceylon black tea, no additives. All natural.",https://www.coles.com.au/product/dilmah-extra-strength-pure-ceylon-bags-200-pack-480g-5059237,,,2024-06-16T14:53:49.863246-04:00
Ind53SColes_ADrinks_SATea_ITwinings Live Well Sleep+ Herbal Tea Bags | 20 pack,Twinings Live Well Sleep+ Herbal Tea Bags | 20 pack,Twinings,Drinks,Tea,Herbal,,$4.25,,$8.50,$0.21 per 1ea,4984568,"Sleep with Valerian Root
A calming blend of camomile, floral lavender and fig which harnesses the beauty of valerian root.

Sleep is a delicious naturally caffeine free ritual to wind down your day.

Living well should taste as good as it makes you feel.

That's why we carefully select the finest ingredients to create a range of drinks that help make daily wellbeing deliciously enjoyable.

Sourced with care.",,,"Per 100g/ml
Per Serving
%DI
Energy
10kJ
20kJ
Protein
<1g
<1g
Total Fat
<1g
<1g
Saturated Fat
<1g
<1g
Carbohydrate
<1g
<1g
Sugars
<1g
<1g
Sodium
<5mg
<5mg
Caffeine
0mg
0mg
* Percentage Daily Intakes are based on an average adult diet of 8700 kJ. Your daily intakes may be higher or lower depending on your energy needs.","Camomile (41%), Passionflower (30%), Lavender (13%), Valerian Root (4%), Fig Flavouring (8%), Pear Flavouring, Natural Flavouring.",https://www.coles.com.au/product/twinings-live-well-sleep+-herbal-tea-bags-20-pack-4984568,,,2024-06-16T14:54:02.437542-04:00
Ind53SColes_ADrinks_SATea_INerada Leaf Tea | 250g,Nerada Leaf Tea | 250g,Nerada,Drinks,Tea,Black,,$3.60,,,$1.44 per 100g,145127,"Our pesticide-free black tea travels from leaf to cup in as little as four weeks, depending on the season. In this short amount of time, the tea is harvested, fermented, dried, packed into reusable woven bags and sent from the Atherton Tablelands to our factory in Brisbane, where the tea is checked once again for quality, and then blended and packaged.

Our high level of quality control means our tea always maintains the flavor and quality that our tea drinkers have fallen in love with over the years. During the production process, our professional team of tea-tasters sample the finished make to ensure it meets Nerada's strict quality standards.",,,,,https://www.coles.com.au/product/nerada-leaf-tea-250g-145127,,,2024-06-16T14:54:11.451792-04:00
Ind53SColes_ADrinks_SATea_ITwinings Live Well Sleep Well Tea Bags | 22 pack,Twinings Live Well Sleep Well Tea Bags | 22 pack,Twinings,Drinks,Tea,Herbal,,$4.25,,$8.50,$0.19 per 1ea,4985593,"Sleep Well

A calming blend of soothing camomile, floral orange blossom, and a hint of sweet honey flavour. 

It's smooth and warming, making it the perfect part of your bedtime routine. 
Sleep well is a delicious ritual to wind down your day. 

Twinings of London. Sourced with care. 

Living well should taste as good as it makes you feel. 

That's why we carefully select the finest ingredients to create a range of drinks that help make daily wellbeing deliciously enjoyable.

No artificial colours. Naturally caffeine free. ",,,"Per 100g/ml
Per Serving
%DI
Energy
10kJ
20kJ
Protein
<1g
<1g
Total Fat
<1g
<1g
Saturated Fat
<1g
<1g
Carbohydrate
<1g
<1g
Sugars
<1g
<1g
Sodium
<5mg
<5mg
Caffeine
0mg
0mg
* Percentage Daily Intakes are based on an average adult diet of 8700 kJ. Your daily intakes may be higher or lower depending on your energy needs.",,https://www.coles.com.au/product/twinings-live-well-sleep-well-tea-bags-22-pack-4985593,,,2024-06-16T14:54:22.384789-04:00
Ind53SColes_ADrinks_SATea_IT2 French Earl Grey Tea Bags | 10 pack,T2 French Earl Grey Tea Bags | 10 pack,T2,Drinks,Tea,Black,,$7.50,,,$0.75 per 1ea,3708226,"A medium-bodied black tea base with pretty petals and notes of fruit that play with classic bergamot in an inspiring, bold and refined infusion. Sweet fruits, rose, sunflower and hibiscus, with a touch of bergamot to leave you feeling fancy.

Brew for 2-3 minutes using freshly boiled water. Best drunk without milk due to the delicate floral flavours and light black tea base. A little slice of lemon will add a zesty finish and complement the heady, floral aroma.
The flavoured tea is perfect for an afternoon pick-me-up or a morning tea ritual.

It can be enjoyed hot or cold over ice for a relaxing tea experience.

The tea leaves and bergamot oil create a dance of flavours that transport you to Paris with just one sip.

The tea comes sealed fresh in a compostable plastic bag packed in a colorful recyclable cardboard box.

For optimal freshness, store the tea in a cool, dry place.

T2 Tea uses only the finest quality premium loose leaf tea sourced from around the world..

Expert tea blenders create the perfect blend of seasonal ingredients for a superior tea drinking experience..

T2 Tea is environmentally friendly, with teabags made from food-grade corn starch that are both recyclable and compostable..",,,,"Black tea, natural and artificial flavouring, hibiscus, sunflower petals, rose petals, mallow flowers",https://www.coles.com.au/product/t2-french-earl-grey-tea-bags-10-pack-3708226,,,2024-06-16T14:54:31.770825-04:00
Ind53SColes_ADrinks_SATea_ITaylors Of Harrogate Yorkshire Gold Tea Bags | 100 pack,Taylors Of Harrogate Yorkshire Gold Tea Bags | 100 pack,Taylors Of Harrogate,Drinks,Tea,Black,,$8.00,,,$0.08 per 1ea,3638958,"A proper cup of tea, pure and simple. The second best selling and fastest growing black tea in the UK market.To give our blend its refreshing flavour, strength and colour we use top quality Assam and African teas. And we go to great lengths to make it properly, from tasting 1000s of teas a day to find the best for the blend, to thinking about the water customers will brew it with at home.",,,,,https://www.coles.com.au/product/taylors-of-harrogate-yorkshire-gold-tea-bags-100-pack-3638958,,,2024-06-16T14:54:40.610871-04:00
Ind53SColes_ADrinks_SATea_ITwinings Pure Peppermint Infusions Tea Bags | 160g,Twinings Pure Peppermint Infusions Tea Bags | 160g,Twinings,Drinks,Tea,Herbal,,$13.50,,,$0.17 per 1ea,7488100,"A moment of pure refreshment...

We have carefully selected the most aromatic leaves for our Pure Peppermint blend, to deliver a fresh and invigorating experience with every sip. Revive your senses and enjoy a moment of pure refreshment in your day.

For more delightful herbal infusions, try our soothing and minty Camomile & Spearmint.

In 1706, Thomas Twining started selling tea. More than 300 years on, the Twinings' tradition continues with our finest blends for you to enjoy every day.",,,"Per 100g/ml
Per Serving
%DI
Energy
10kJ
20kJ
Protein
<1g
<1g
Total Fat
<1g
<1g
Saturated Fat
<1g
<1g
Carbohydrate
<1g
<1g
Sugars
<1g
<1g
Sodium
5mg
10mg
Caffeine
0mg
0mg
* Percentage Daily Intakes are based on an average adult diet of 8700 kJ. Your daily intakes may be higher or lower depending on your energy needs.",,https://www.coles.com.au/product/twinings-pure-peppermint-infusions-tea-bags-160g-7488100,,,2024-06-16T14:54:51.807975-04:00
Ind53SColes_ADrinks_SATea_ILipton Green Ceylon Tea | 100 pack,Lipton Green Ceylon Tea | 100 pack,Lipton,Drinks,Tea,Green,,$9.20,,,$0.09 per 1ea,3986717,,,,,,https://www.coles.com.au/product/lipton-green-ceylon-tea-100-pack-3986717,,,2024-06-16T14:55:01.735728-04:00
Ind53SColes_ADrinks_SATea_IDilmah 85 Reserve Ceylon Green Tea With Mint | 10 pack,Dilmah 85 Reserve Ceylon Green Tea With Mint | 10 pack,Dilmah,Drinks,Tea,Green,,,,,,8087771,,,,,,https://www.coles.com.au/product/dilmah-85-reserve-ceylon-green-tea-with-mint-10-pack-8087771,,,2024-06-16T14:55:11.760427-04:00
Ind53SColes_ADrinks_SATea_IQueen Victoria Earl Grey Tea Bags | 50 pack,Queen Victoria Earl Grey Tea Bags | 50 pack,Queen Victoria,Drinks,Tea,Black,,$6.00,,,$0.12 per 1ea,3984697,"Queen Victoria Teas are a noble range of high-quality teas celebrating the time honoured tea traditions dating back to the English aristocrats of the eighteenth century.
This quintessential British-style tea is infused with oil from the rind of bergamot orange creating a refreshing citrus flavour, with hints of orange, lemon, grapefruit and lime.
10 Enveloped Tea Bags.",,,,,https://www.coles.com.au/product/queen-victoria-earl-grey-tea-bags-50-pack-3984697,,,2024-06-16T14:55:20.565971-04:00
Ind53SColes_ADrinks_SATea_ILotus Peak White Tea Bags 25 pack | 50g,Lotus Peak White Tea Bags 25 pack | 50g,Lotus Peak,Drinks,Tea,White,,$4.00,,,$0.16 per 1ea,4760990,A sweet and Subtle Flavour from the Fujian Mountains. The richest in antioxidants of all the teas.Put your feet up and enjoy a cup today...,,,"Per 100g/ml
Per Serving
%DI
Energy
6kJ
13kJ
Protein
<1g
<1g
Total Fat
<1g
<1g
Saturated Fat
<1g
<1g
Carbohydrate
<1g
<1g
Sugars
<1g
<1g
Sodium
<5mg
9mg
* Percentage Daily Intakes are based on an average adult diet of 8700 kJ. Your daily intakes may be higher or lower depending on your energy needs.",White Tea (Camellia Sinensis).,https://www.coles.com.au/product/lotus-peak-white-tea-bags-25-pack-50g-4760990,,,2024-06-16T14:55:31.630216-04:00
Ind53SColes_ADrinks_SATea_IArkadia Vanilla Chai Tea Latte Sachets | 8 pack,Arkadia Vanilla Chai Tea Latte Sachets | 8 pack,Arkadia,Drinks,Tea,Chai,,,,,,8409583,,,,,,https://www.coles.com.au/product/arkadia-vanilla-chai-tea-latte-sachets-8-pack-8409583,,,2024-06-16T14:55:42.640471-04:00
Ind53SColes_ADrinks_SATea_IOrigin Tea Original Sticky Chai | 120g,Origin Tea Original Sticky Chai | 120g,Origin Tea,Drinks,Tea,Chai,,$7.00,,$9.00,$5.83 per 100g,4958910,"Take your taste buds to a winter wonderland & bless your soul with our cozy & comforting Sticky Chai, a delightful fusion of aromatic whole spices, coconut nectar & black tea. You'll be captivated by its rich yet heartfelt flavours & soul-soothing aroma, leaving you craving for more.",,,"Per 100g/ml
Per Serving
%DI
Energy
94kJ
235kJ
Protein
0.01g
0.01g
Total Fat
0.01g
0.01g
Saturated Fat
0.01g
0.01g
Carbohydrate
5g
12.5g
Sugars
2.6g
6.6g
Sodium
1.3mg
3.3mg
* Percentage Daily Intakes are based on an average adult diet of 8700 kJ. Your daily intakes may be higher or lower depending on your energy needs.",,https://www.coles.com.au/product/origin-tea-original-sticky-chai-120g-4958910,,,2024-06-16T14:55:53.405723-04:00
Ind53SColes_ADrinks_SATea_IMadura Organics Black Tea Leaf | 150g,Madura Organics Black Tea Leaf | 150g,Madura,Drinks,Tea,Herbal,,,,,,2236041,,,,,,https://www.coles.com.au/product/madura-organics-black-tea-leaf-150g-2236041,,,2024-06-16T14:56:03.090500-04:00
Ind53SColes_ADrinks_SATea_IQueen Victoria Earl Grey Tea Bags | 100 pack,Queen Victoria Earl Grey Tea Bags | 100 pack,Queen Victoria,Drinks,Tea,Black,,$5.50,,$11.00,$0.06 per 1ea,3984777,"Queen Victoria Teas are a noble range of high-quality teas celebrating the time honoured tea traditions dating back to the English aristocrats of the eighteenth century.
This quintessential British-style tea is infused with oil from the rind of bergamot orange creating a refreshing citrus flavour, with hints of orange, lemon, grapefruit and lime.
100 Tea Bags.",,,,,https://www.coles.com.au/product/queen-victoria-earl-grey-tea-bags-100-pack-3984777,,,2024-06-16T14:56:12.403168-04:00
Ind53SColes_ADrinks_SATea_IDilmah Pure Ceylon Premium Loose Leaf Tea | 250g,Dilmah Pure Ceylon Premium Loose Leaf Tea | 250g,Dilmah,Drinks,Tea,Loose leaf,,$5.25,,$7.50,$2.10 per 100g,5046009,"Finely balanced richness, flavour, strength and aroma for the perfect cup of tea. Our Premium tea is sourced from a single origin; the central highlands of Sri Lanka, reputed for its brightness and medium strength. Pure Ceylon Broken Orange Pekoe (BOPF) produces a pleasing brew, ideal for everyday drinking. The Dilmah Premium Ceylon Tea range introduces tea lovers to the romance of real Ceylon tea. This Premium Ceylon Black Tea product consists of 250g of loose leaf tea.",,,,"Ceylon black tea, no additives. All natural.",https://www.coles.com.au/product/dilmah-pure-ceylon-premium-loose-leaf-tea-250g-5046009,,,2024-06-16T14:56:21.417823-04:00
Ind53SColes_ADrinks_SABeverages_ITwinings Orange Pekoe Tea Bags | 50 pack,Twinings Orange Pekoe Tea Bags | 50 pack,Twinings,Drinks,Beverages,Coffee & tea,,$7.00,,,"$0.14 per 1g
Was $8.50 on May 2024",5060790,"Single origin blend of tea from: 
South Asia
Fragrant, golden, crisp
Quality black tea
Compostable tea bags

Estd. 1706 London
At Twinings, our master blenders have been blending quality teas for over 300 years. 
Each blend is created with the finest ingredients to deliver a superior experience in every cup. ",,,,Black Tea.,https://www.coles.com.au/product/twinings-orange-pekoe-tea-bags-50-pack-5060790,,,2024-06-16T14:56:30.409656-04:00
Ind53SColes_ADrinks_SA_INerada Organic Tea Bags Vanilla Rooibos | 50 Pack,Nerada Organic Tea Bags Vanilla Rooibos | 50 Pack,Nerada,Drinks,,,,$5.10,,,$0.10 per 1ea,6378616,"Rooibos is a shrub native to South Africa, where it has been used as a refreshing beverage for centuries. To excite and delight the palate we have added a hint of natural vanilla flavour to our organic Rooibos which makes it beautifully aromatic and smooth. As Rooibos is naturally sweet and caffeine free it is perfect at any time of day.
100% Natural Ingredients
We like to do things the natural way. That's why our deliciously refreshing teas & herbal infusions have been expertly created only using the finest organic ingredients from our trusted growing partners which makes them unique and delicious.",,,,,https://www.coles.com.au/product/nerada-organic-tea-bags-vanilla-rooibos-50-pack-6378616,,,2024-06-16T14:56:39.198256-04:00
Ind53SColes_ADrinks_SATea_ITwining's Peppermint & Spearmint Infusions Tea Bags | 10 Pack,Twining's Peppermint & Spearmint Infusions Tea Bags | 10 Pack,Twinings,Drinks,Tea,Herbal,,$1.50,,$3.00,$0.15 per 1ea,2380219,"Double mint, double refreshment...

Blending the wonders of Peppermint & Spearmint leaves, we have created a truly minty herbal  infusion, sure to leave you feeling uplifted and refreshed when you need it most.

For more delightful flavoured herbal infusions, try our refreshing and zesty Peppermint & Lime.",,,"Per 100g/ml
Per Serving
%DI
Energy
10kJ
20kJ
Protein
<1g
<1g
Total Fat
<1g
<1g
Saturated Fat
<1g
<1g
Carbohydrate
<1g
<1g
Sugars
<1g
<1g
Sodium
5mg
10mg
* Percentage Daily Intakes are based on an average adult diet of 8700 kJ. Your daily intakes may be higher or lower depending on your energy needs.",,https://www.coles.com.au/product/twining's-peppermint-and-spearmint-infusions-tea-bags-10-pack-2380219,,,2024-06-16T14:56:51.601606-04:00
Ind53SColes_ADrinks_SATea_ITwining's Green Tea And Lemon Tea Bags | 10 Pack,Twining's Green Tea And Lemon Tea Bags | 10 Pack,Twinings,Drinks,Tea,Green,,$1.50,,$3.00,$0.15 per 1ea,4760120,"Add a little zing to your day...
Harmoniously balanced, Green Tea & Lemon are perfect for each other.
The flavour of lemon brings out the fragrant green tea in this delicious pairing. Enjoy this zesty and vibrant tea and let it fill your moment with a little burst of sunshine.",,,,,https://www.coles.com.au/product/twining's-green-tea-and-lemon-tea-bags-10-pack-4760120,,,2024-06-16T14:57:00.454823-04:00
Ind53SColes_ADrinks_SATea_INerada Organic Lemon & Ginger Tea Bags 40 pack | 60g,Nerada Organic Lemon & Ginger Tea Bags 40 pack | 60g,Nerada,Drinks,Tea,Herbal,,$6.00,,,$0.15 per 1ea,1412954,Ginger has been used since early history for a wide range of medicinal purposes and as flavouring in a variety of foods and beverages. Our Lemon & Ginger infusion is a unique blend of carefully selected organic ingredients grown using only nature's natural resources.,,,,Organic Lemon & Ginger,https://www.coles.com.au/product/nerada-organic-lemon-and-ginger-tea-bags-40-pack-60g-1412954,,,2024-06-16T14:57:09.481848-04:00
Ind53SColes_ADrinks_SATea_IPukka Breathe In Blend Tea Bags | 20 pack,Pukka Breathe In Blend Tea Bags | 20 pack,Pukka,Drinks,Tea,Herbal,,$8.50,,,$0.43 per 1ea,6199560,"Clear your senses with expertly blended Pukka Breathe In tea, which contains a refreshing blend of eucalyptus and mint.

Pukka Breathe In tea with eucalyptus is the perfect way to find a moment of relief and refreshment with an aroma of mint and eucalyptus, the warming sensation of ginger and the soothing support of honey. Inhale the steam to refresh and drink to soothe. Cool mint & eucalyptus work together to help you find your breath again, clearing your senses, whilst stimulating effects of ginger warm you up from within. Perfect for everyday support, the honey gives a delicate sweet and comforting finish.",,,,"Fieldmint leaf (28%), eucalyptus leaf (23%), ginger root (15%), lemon thyme leaf (13.5%), licorice root, aniseed, marshmallow root, honey flavour (3%), peppermint essential oil flavour (1.5%).",https://www.coles.com.au/product/pukka-breathe-in-blend-tea-bags-20-pack-6199560,,,2024-06-16T14:57:21.490478-04:00
Ind53SColes_ADrinks_SATea_ILipton Intense Extra Strong Black Tea Bags | 100 pack,Lipton Intense Extra Strong Black Tea Bags | 100 pack,Lipton,Drinks,Tea,Black,,$3.90,,$7.80,$0.04 per 1ea,4678029,"Lipton Intense is especially blended to ensure a rich, strong cup of tea. It's smooth and full bodied taste and aroma is ideal for those wanting a strong cuppa.

Extra strong flavour in every rich cup of Lipton Intense.

This strong blend of tea leaves is especially crafted to ensure a perfect balance of strength, flavour and aroma. Ideal for those who want a little something extra from their cup of tea.
The world's full of wonder, embrace the bright hear fo it with Lipton tea. Made with top sun-ripened tea leaves frehsly picked for their brightening, bold and aromatic flavour.",,,,Black Tea,https://www.coles.com.au/product/lipton-intense-extra-strong-black-tea-bags-100-pack-4678029,,,2024-06-16T14:57:30.340113-04:00
Ind53SColes_ADrinks_SATea_IT2 Peppermint Tea Bags | 25 pack,T2 Peppermint Tea Bags | 25 pack,T2,Drinks,Tea,Herbal,,$13.00,,,$0.52 per 1ea,3081268,"A well-rounded flavour captures the sweet essence of all things minty with a cool lingering aroma to freshen your day. A fresh and uplifting golden-green infusion with a sensationally minty, sweet, smooth taste.
A herbal tea with light, sweet and refreshing notes.
Soothe and calm yourself, by sipping this tea in the evening.
Best brewed 2-3 minutes using freshly boiled water. Perfect on its own.
Just Peppermint is an all-rounder tea for any time of the day

Can be enjoyed hot or over ice

Sweet mint flavor to perk you up or help unwind

Packed in compostable plastic bag inside a colorful, recyclable cardboard box

Sourced from finest seasonal ingredients around the world

Premium loose leaf tea and food-grade corn starch teabags, recyclable and compostable.",,,,Peppermint,https://www.coles.com.au/product/t2-peppermint-tea-bags-25-pack-3081268,,,2024-06-16T14:57:39.133001-04:00
Ind53SColes_ADrinks_SABeverages_IQueen Victoria Vanilla Chai Tea Bags | 10 pack,Queen Victoria Vanilla Chai Tea Bags | 10 pack,Queen Victoria,Drinks,Beverages,Coffee & tea,,$1.20,,,"$0.12 per 1ea
Was $2.00 on Apr 2024",3984664,"Queen Victoria Teas are a noble range of high-quality teas celebrating the time honoured tea traditions dating back to the English aristocrats of the eighteenth century.
An aromatic blend of black teas, sweet chai spices and bourbon vanilla, this is a vibrant tea perfect to warm you on cost winter evenings.
10 Enveloped Tea Bags.",,,,,https://www.coles.com.au/product/queen-victoria-vanilla-chai-tea-bags-10-pack-3984664,,,2024-06-16T14:57:48.081123-04:00
Ind53SColes_ADrinks_SATea_ITwinings Lemon & Ginger Infusions Tea Bags | 15g,Twinings Lemon & Ginger Infusions Tea Bags | 15g,Twinings,Drinks,Tea,Herbal,,$1.50,,$3.00,$0.15 per 1ea,5984870,"A moment of warmth & comfort...

Our Lemon & Ginger is packed with zesty lemon and warming ginger root, perfect to help revitalise your senses. Delivering a moment of warmth & comfort, this blend is wonderful to sip in all seasons. Take a moment to enjoy the taste and aroma of this wonderful infusion.

For more delightful herbal infusions, try our soothing & gentle Pure Camomile.",,,,"Ginger Root (39%), Lemon Flavour (20%), Lemongrass, Lemon Peel (10%), Blackberry Leaves, Citric Acid, Ginger Flavour (3.5%)",https://www.coles.com.au/product/twinings-lemon-and-ginger-infusions-tea-bags-15g-5984870,,,2024-06-16T14:57:57.022778-04:00
Ind53SColes_ADrinks_SA_ITetley All Rounder Pure Black Tea Bags 200 pack | 400g,Tetley All Rounder Pure Black Tea Bags 200 pack | 400g,Tetley,Drinks,,,,$6.90,,,$0.03 per 1ea,7752060,,,,,,https://www.coles.com.au/product/tetley-all-rounder-pure-black-tea-bags-200-pack-400g-7752060,,,2024-06-16T14:58:05.920450-04:00
Ind53SColes_ADrinks_SATea_IJust Rooibos African Tea Bags | 40 pack,Just Rooibos African Tea Bags | 40 pack,Just Rooibos,Drinks,Tea,Organic,,$7.00,,,$0.18 per 1ea,9161122,"Rooibos tea is a unique tea grown in the Cedarberg Mountains of South Africa. Made from the leaves of the rooibos (red bush) plant, which contain no caffeine, it has a distinctive aroma and slightly sweet flavour.",,,"Per 100g/ml
Per Serving
%DI
Energy
0kJ
0kJ
Protein
0g
0g
Total Fat
0g
0g
Saturated Fat
0g
0g
Carbohydrate
0g
0g
Sugars
0g
0g
Sodium
0mg
0mg
* Percentage Daily Intakes are based on an average adult diet of 8700 kJ. Your daily intakes may be higher or lower depending on your energy needs.",,https://www.coles.com.au/product/just-rooibos-african-tea-bags-40-pack-9161122,,,2024-06-16T14:58:16.877351-04:00
Ind53SColes_ADrinks_SATea_IT2 Lemongrass & Ginger Herbal Tea Bags 25 Pack | 50g,T2 Lemongrass & Ginger Herbal Tea Bags 25 Pack | 50g,T2,Drinks,Tea,Herbal,,$14.00,,,$0.56 per 1ea,3081280,"With a hint of zest and a whole lot of spicy bright lemongrass, this brew smacks you sideways with a refreshing sensation as vibrant as it is engaging. Lemongrass and ginger are traditionally thought to have stacks of cold-busting properties.
Full of zing and loaded with spice, enjoy it as a morning tea hit, or for afternoon tea as a well-deserved pick-me-up

Best brewed 3-5 minutes using freshly boiled water. Perfect on its own or with a drizzle of honey.

It can be enjoyed hot or cold over ice for a relaxing tea experience.

For optimal freshness, store the tea in a cool, dry place.

T2 Tea uses only the finest quality premium loose leaf tea sourced from around the world.

Expert tea blenders create the perfect blend of seasonal ingredients for a superior tea drinking experience..

T2 Tea is environmentally friendly, with teabags made from food-grade corn starch that are both recyclable and compostable..",,,,,https://www.coles.com.au/product/t2-lemongrass-and-ginger-herbal-tea-bags-25-pack-50g-3081280,,,2024-06-16T14:58:25.827674-04:00
Ind53SColes_ADrinks_SATea_ICurated Group English Breakfast Tea | 20 pack,Curated Group English Breakfast Tea | 20 pack,Curated,Drinks,Tea,Black,,,,,,8145379,"Stirring English Breakfast

Accompanying breakfasts since the early 19th century, this blend is said to have been created by a Scottish tea master named Drysdale. It became known as English tea as it was a favourite of Queen Victoria. Blended teas were almost unheard of at the time - making English Breakfast eye-opening in more ways than one. Sticking with this tradition, we balance Assam Orthodox and CTC teas with Ceylon teas to deliver the perfect English Breakfast. We don't stop at breakfast though, this soul-reviving tea is served all the way to the afternoon and sometimes beyond.

Our English Breakfast tea is a wonderful blend of full bodied and malty Assam teas, with a citrusy Ceylon kick.
Black tea is enjoyed by many cultures from around the world for its perceived benefits. More information on our English Breakfast tea can be found on our website.

Our plant-based pyramid-shaped tea bags are generously sized to allow the leaves to unfurl and fully infuse. Each tea bag comes in a recyclable envelope so the leaves stay as fresh as the first day they were picked and your cup of tea delivers joy every time.

96 is only possible because of the communities that nurture the verdant lands where our teas grow.

We're committed to ethically sourcing our teas, sustainable packaging and reducing our environmental footprint.",,,,,https://www.coles.com.au/product/curated-group-english-breakfast-tea-20-pack-8145379,,,2024-06-16T14:58:37.763889-04:00
Ind53SColes_ADrinks_SATea_ITetley Tea Bags 100 pack | 180g,Tetley Tea Bags 100 pack | 180g,Tetley,Drinks,Tea,Black,,$3.80,,,$0.04 per 1ea,199523,,,,,,https://www.coles.com.au/product/tetley-tea-bags-100-pack-180g-199523,,,2024-06-16T14:58:46.880011-04:00
Ind53SColes_ADrinks_SATea_ITwinings Loose Leaf English Breakfast Extra Strong | 125g,Twinings Loose Leaf English Breakfast Extra Strong | 125g,Twinings,Drinks,Tea,Loose leaf,,$7.50,,,$6.00 per 100g,6312899,"Strong by name, strong by nature, this is our iconic English Breakfast, but richer and more intense. 
We've carefully crafted this blend to celebrate the full-bodied and robust brew of Assam tea for you to enjoy every day. 

Single origin blend of tea from: 
India 
Full bodied

Quality black tea. 

Sourced with Care
Twinings

By appointment to Her Majesty Queen Elizabeth II tea & coffee merchants R. Twining and Company Limited, London. 

Estd. 1706
London

At Twinings, our master blenders have been blending quality teas for over 300 years. 

Each blend is created with the finest ingredients to deliver a superior experience in every cup. 

www.sourcedwithcare.com

Providing better access to water and sanitation, empowering women and training farmers to farm in harmony with nature, so tea communities can thrive. 

Scan below to find our more about how we Work and Source with Care. ",,,,Black tea.,https://www.coles.com.au/product/twinings-loose-leaf-english-breakfast-extra-strong-125g-6312899,,,2024-06-16T14:58:56.212149-04:00
Ind53SColes_ADrinks_SATea_ITwining's Strawberry Raspberry & Loganberry Infusions Tea Bags | 10 Pack,Twining's Strawberry Raspberry & Loganberry Infusions Tea Bags | 10 Pack,Twinings,Drinks,Tea,Herbal,,$1.50,,$3.00,$0.15 per 1ea,8729530,"A berry impressive treat...

When your afternoon calls for a sweet treat, our Strawberry, Raspberry & Loganberry has you covered. This triple berry blend is rich and luscious, perfect served chilled over ice or hot. It's easy to be swept away by this berry sensation!

For more delightful fruit flavoured infusions, try our vibrant & rich Cranberry & Pomegranate.",,,,"Hibiscus (48%), Strawberry Flavour (11%), Orange Peel, Blackberry Leaves, Apple Pieces, Rosehip Raspberry Flavour (4%), Liqourice Root (3.5%), Loganberry Flavour (0.5%).",https://www.coles.com.au/product/twining's-strawberry-raspberry-and-loganberry-infusions-tea-bags-10-pack-8729530,,,2024-06-16T14:59:06.432364-04:00
Ind53SColes_ADrinks_SABeverages_IQueen Victoria Green Tea Bags | 10 pack,Queen Victoria Green Tea Bags | 10 pack,Queen Victoria,Drinks,Beverages,Coffee & tea,,$1.20,,,"$0.12 per 1ea
Was $2.00 on Apr 2024",3984631,"Queen Victoria Teas are a noble range of high-quality teas celebrating the time honoured tea traditions dating back to the English aristocrats of the eighteenth century.
This traditional green tea has a light, delicate taste and a fresh and fragrant aroma.
10 Enveloped Tea Bags.",,,,,https://www.coles.com.au/product/queen-victoria-green-tea-bags-10-pack-3984631,,,2024-06-16T14:59:15.236865-04:00
Ind53SColes_ADrinks_SABeverages_IQueen Victoria Honey & Vanilla Camomile Tea Bags | 10 pack,Queen Victoria Honey & Vanilla Camomile Tea Bags | 10 pack,Queen Victoria,Drinks,Beverages,Coffee & tea,,$1.20,,,"$0.12 per 1ea
Was $2.00 on Apr 2024",3984609,"Queen Victoria Teas are a noble range of high-quality teas celebrating the time honoured tea traditions dating back to the English aristocrats of the eighteenth century.
We've crafted a soothing and mellow herbal tea blended with camomile and the naturally sweet flavours of vanilla and golden honey.
10 Enveloped Tea Bags.",,,,,https://www.coles.com.au/product/queen-victoria-honey-and-vanilla-camomile-tea-bags-10-pack-3984609,,,2024-06-16T14:59:24.128301-04:00
Ind53SColes_ADrinks_SATea_IQueen Victoria Green Tea Bags | 50 pack,Queen Victoria Green Tea Bags | 50 pack,Queen Victoria,Drinks,Tea,Green,,$6.00,,,$0.12 per 1ea,3984722,"Queen Victoria Teas are a noble range of high-quality teas celebrating the time honoured tea traditions dating back to the English aristocrats of the eighteenth century.
This traditional green tea has a light, delicate taste and a fresh and fragrant aroma.
50 Tea Bags.",,,,,https://www.coles.com.au/product/queen-victoria-green-tea-bags-50-pack-3984722,,,2024-06-16T14:59:33.065964-04:00
Ind53SColes_ADrinks_SATea_IDilmah Earl Grey Tea Bags 50 Pack | 100 g,Dilmah Earl Grey Tea Bags 50 Pack | 100 g,Dilmah,Drinks,Tea,Black,,$7.00,,,$0.14 per 1ea,5190945,"With the piquant citrus note that is characteristic of the classic Earl Grey tea, the bold base of Ceylon Tea from the Ratnapura region creates a truly refined experience. The earthy is balanced by the sweet floral of the bergamot, creating a sublimely elegant brew. Together, they form a distinctive, elegant tea perfect for any time of the day. This Dilmah Gourmet Selection Earl Grey tea contains 50 tea cup bags in an airtight foil pouch, protecting taste and flavour.",,,,Pure Ceylon Black tea with Bergamot flavour,https://www.coles.com.au/product/dilmah-earl-grey-tea-bags-50-pack-100-g-5190945,,,2024-06-16T14:59:43.411504-04:00
Ind53SColes_ADrinks_SATea_IBushells Blue Label Extra Strong Black Tea Bags | 100 pack,Bushells Blue Label Extra Strong Black Tea Bags | 100 pack,Bushells,Drinks,Tea,Black,,$5.30,,,$0.05 per 1ea,8918394,"We all have friends, family or colleagues who might be struggling to open up. In fact, 1 in 3 Aussies feel stressed, anxious or sad and depressed every day, which means someone you know probably needs a bit of support.

That's why Bushells are proud supporters of Lifeline. Because nothing opens up a good conversation like a great cup of tea! There's no better time to talk than now!

Our classic Blue Label is a well-rounded tea for a good Australian cuppa any time of day. This distinctively smooth and full-flavoured tea blended to taste the same as the original Bushells launched in Queensland in 1883.

Australia's first tea company, Bushells have brewed full flavoured conversations and friendships for over 130 years. Bushells has a long tradition of bringing Australians together for a good chat over a great cuppa, blended especially for Aussie tastes.

We've been part of Australian life for over a century, and proud to be a familiar icon that Aussies have grown up with  a delicious taste of home. Bringing people together for a good chat and a great cuppa is our passion  which is why we support and reinvest in organisations that help ordinary Australians.

For those who enjoy a strong taste.

An even fuller, smoother, stronger cuppa.

Also available in loose leaf tea packs.

Makes a good Australian cuppa any time of day

Great for an authentic pot of tea with extra strong flavour

Bushells is committed to creating a high quality cuppa, with the full flavour Australians know and love.",,,,Black Tea,https://www.coles.com.au/product/bushells-blue-label-extra-strong-black-tea-bags-100-pack-8918394,,,2024-06-16T14:59:52.196201-04:00
Ind53SColes_ADrinks_SATea_IMadura English Breakfast Leaf Tea | 200g,Madura English Breakfast Leaf Tea | 200g,Madura,Drinks,Tea,Loose leaf,,$5.70,,$7.15,$2.85 per 100g,9723958,"English Breakfast
A classic blend of pure Sri Lankan and Indian teas, crafted to produce a balanced fusion of colour and strength for which Madura English Breakfast tea is renowned. Particularly suited to affording a refreshing start to the day or to enjoy with light meals or snacks.
Highest awarded tea brand for taste in Australia

100% Australian owned and family operated - Brewing since 1978

At Madura Tea we grow, blend and pack to the highest Australian standards

Independently tested in Australia for purity and caffeine levels.",,,"Per 100g/ml
Per Serving
%DI
Energy
<0.06kJ
<0.15kJ
0
Protein
0g
0g
0
Total Fat
0g
0g
0
Saturated Fat
0g
0g
0
Carbohydrate
0g
0g
0
Sugars
0g
0g
0
Sodium
<0.05mg
<0.10mg
0
Monounsaturated
0
0
0
Energy (Cal)
0
0
0
Dietary Fibre (total)
0
0
0
Polyunsaturated
0
0
0
Trans
0
0
0
Caffeine
2.8g by Dry Weight
70mg by Dry Weight
0
* Percentage Daily Intakes are based on an average adult diet of 8700 kJ. Your daily intakes may be higher or lower depending on your energy needs.",,https://www.coles.com.au/product/madura-english-breakfast-leaf-tea-200g-9723958,,,2024-06-16T15:00:03.388234-04:00
Ind53SColes_ADrinks_SATea_IDilmah Premium Pure Ceylon Tea Bags 200 pack | 400g,Dilmah Premium Pure Ceylon Tea Bags 200 pack | 400g,Dilmah,Drinks,Tea,Black,,$14.00,,,$0.07 per 1ea,3248884,"Finely balanced richness, flavour, strength and aroma for the perfect cup of tea. Our Premium tea is sourced from a single origin; the central highlands of Sri Lanka, reputed for its brightness and medium strength. Pure Ceylon Broken Orange Pekoe (BOPF) produces a pleasing brew, ideal for everyday drinking. The Dilmah Premium Ceylon Tea range introduces tea lovers to the romance of real Ceylon tea. This Premium Ceylon Black Tea product consists of 200 tea bags.",,,,Product of Sri Lanka. 100% Pure Ceylon Black Tea,https://www.coles.com.au/product/dilmah-premium-pure-ceylon-tea-bags-200-pack-400g-3248884,,,2024-06-16T15:00:12.444798-04:00
Ind53SColes_ADrinks_SA_IColes Chai Latte | 250g,Coles Chai Latte | 250g,Coles,Drinks,,,,$3.25,,,$1.30 per 100g,3640687,"Chai Latte Deliciously rich and frothy tea drink. For a creamier treat, try adding hot milk instead of water. Instant tea drink",,,"Per 100g/ml
Per Serving
%DI
Energy
175.265
420.636
Protein
0.91666667
2.20000001
Carbohydrate
7.54166667
18.10000001
Sugars
7.54166667
18.10000001
Sodium
70.83
169.992
Saturated
0.75
1.8
Energy (Cal)
41.92942583
100.630622
Fat
0.83333333
1.99999999
Dietary Fibre (total)
0.08
0.192
* Percentage Daily Intakes are based on an average adult diet of 8700 kJ. Your daily intakes may be higher or lower depending on your energy needs.",,https://www.coles.com.au/product/coles-chai-latte-250g-3640687,,,2024-06-16T15:01:10.275112-04:00
Ind53SColes_ADrinks_SABeverages_ITwinings Pure Green Tea Bags 50 pack | 100g,Twinings Pure Green Tea Bags 50 pack | 100g,Twinings,Drinks,Beverages,Coffee & tea,,$7.00,,,"$0.14 per 1ea
Was $8.50 on May 2024",5823291,"No added colours or flavours
Made with natural ingredients
Compostable tea bags

Estd. 1706 London
At Twinings, we have been blending and brewring the best of nature for over 300 years. 
Our master blenders and herbalists expertly select and blend the finest ingredients to enrich your wellbeing every day. ",,,,,https://www.coles.com.au/product/twinings-pure-green-tea-bags-50-pack-100g-5823291,,,2024-06-16T15:01:20.327507-04:00
Ind53SColes_ADrinks_SA_INerada Cup Or Pot Tea Bags 200 pack | 400g,Nerada Cup Or Pot Tea Bags 200 pack | 400g,Nerada,Drinks,,,,$6.30,,,$0.03 per 1ea,24304,"Since 1971, Nerada has been blending tradition with excellence. Steeped in heritage, our mission his simple, create Australia's freshest, finest and most sustainable teas crafted with honesty and care.

We embody the adventurous spirit of this great country, curating tea that resonate with the Australian taste, each sip a testament to our commitment.

It is a shared joy of discovery with each cup a narrative, a story of exploration to be savoured alone or in the warm company of friends and family. We are proud to bring a true Ausie way to drink tea.",,,,,https://www.coles.com.au/product/nerada-cup-or-pot-tea-bags-200-pack-400g-24304,,,2024-06-16T15:01:30.291855-04:00
Ind53SColes_ADrinks_SATea_ITwining's Pure Camomile Infusions Tea Bags | 10 pack,Twining's Pure Camomile Infusions Tea Bags | 10 pack,Twinings,Drinks,Tea,Herbal,,$1.50,,$3.00,$0.15 per 1ea,2469480,"A moment's peace and quiet...

We think that a cup of our soothing, Pure Camomile is just what you need to bring about a little calm into your hectic day. So take a break to sip this gentle blend, enjoy the aroma and slow the pace of your day.

For more delightful herbal infusions, try our soothing and minty Camomile & Spearmint.",,,,Camomile,https://www.coles.com.au/product/twining's-pure-camomile-infusions-tea-bags-10-pack-2469480,,,2024-06-16T15:01:39.169575-04:00
Ind53SColes_ADrinks_SATea_IQueen Victoria Green Tea Bags | 100 pack,Queen Victoria Green Tea Bags | 100 pack,Queen Victoria,Drinks,Tea,Green,,$5.50,,$11.00,$0.06 per 1ea,3984802,"Queen Victoria Teas are a noble range of high-quality teas celebrating the time honoured tea traditions dating back to the English aristocrats of the eighteenth century.
This traditional green tea has a light, delicate taste and a fresh and fragrant aroma.
100 Tea Bags.",,,,,https://www.coles.com.au/product/queen-victoria-green-tea-bags-100-pack-3984802,,,2024-06-16T15:01:49.392381-04:00
Ind53SColes_ADrinks_SATea_IOrigin Tea Vanilla Chai Latte | 200g,Origin Tea Vanilla Chai Latte | 200g,Origin,Drinks,Tea,Chai,,,,,,8098177,,,,,,https://www.coles.com.au/product/origin-tea-vanilla-chai-latte-200g-8098177,,,2024-06-16T15:01:59.541065-04:00
Ind53SColes_ADrinks_SATea_IQueen Victoria Decaf Tea Bags | 40 pack,Queen Victoria Decaf Tea Bags | 40 pack,Queen Victoria,Drinks,Tea,Black,,$6.00,,,$0.15 per 1ea,6397723,Queen Victoria Teas are a noble range of high-quality teas celebrating the time-honoured tea traditions dating back to the English aristocrats of the eighteenth century. Our English Breakfast Decaf has a traditional full-bodied and bright flavour without the caffeine. A blend to enjoy at any time of the day.,,,,,https://www.coles.com.au/product/queen-victoria-decaf-tea-bags-40-pack-6397723,,,2024-06-16T15:02:08.414132-04:00
Ind53SColes_ADrinks_SA_ITwinings Australian Afternoon Tea Bags 10 pack | 20g,Twinings Australian Afternoon Tea Bags 10 pack | 20g,Twinings,Drinks,,,,$1.50,,$3.00,$0.15 per 1ea,8930323,"Multi-origin blend including tea from: 
Africa
Strong
India
Full-bodied
Compostable tea bags

Estd. 1706 London
At Twinings, our master blenders have been blending quality teas for over 300 years. 
Each blend is created with the finest ingredients to deliver a superior experience in every cup. ",,,,Black Tea.,https://www.coles.com.au/product/twinings-australian-afternoon-tea-bags-10-pack-20g-8930323,,,2024-06-16T15:02:18.408397-04:00
Ind53SColes_ADrinks_SATea_IQueen Victoria English Breakfast Extra Strong Tea Bags | 50 pack,Queen Victoria English Breakfast Extra Strong Tea Bags | 50 pack,Queen Victoria,Drinks,Tea,Black,,$6.00,,,$0.12 per 1ea,3984686,"Queen Victoria Teas are a noble range of high-quality teas celebrating the time honoured tea traditions dating back to the English aristocrats of the eighteenth century.
A richer variation to our classic English Breakfast tea, this blend has an added intensity to deliver an even bolder cup.
50 Tea Bags.",,,,,https://www.coles.com.au/product/queen-victoria-english-breakfast-extra-strong-tea-bags-50-pack-3984686,,,2024-06-16T15:02:27.377768-04:00
Ind53SColes_ADrinks_SA_ICurated Group Chinese Green Tea | 20 pack,Curated Group Chinese Green Tea | 20 pack,Curated,Drinks,,,,,,,,8145390,"Heavenly Green tea

Often known as Temple of Heaven, this special gunpowder tea (locally referred to as Zhu Cha or pearl tea) is grown in the beautiful mountainous province of Zhejiang.

Here dramatic seasons, with humid summers and bitter frosts melting to a vibrant spring flush, nurture the tea leaves' flavour. The plucked leaves are then tightly rolled to protect their smooth, mellow flavour.

Our Chinese Green tea is grassy with a nutty sweetness and a delicate, lingering flavour.
Chinese culture has revered green tea for millennia for its perceived benefits. More information on our Chinese Green tea can be found on our website.

Our plant-based pyramid-shaped tea bags are generously sized to allow the rolled leaves to unfurl and fully infuse. Each tea bag comes in a recyclable envelope so the leaves stay as fresh as the first day they were picked and your cup of tea delivers joy every time.

96 is only possible because of the communities that nurture the verdant lands where our teas grow.

We're committed to ethically sourcing our teas, sustainable packaging and reducing our environmental footprint.",,,,,https://www.coles.com.au/product/curated-group-chinese-green-tea-20-pack-8145390,,,2024-06-16T15:02:38.723015-04:00
Ind53SColes_ADrinks_SATea_ILipton Peach Iced Tea Sachets | 20 pack,Lipton Peach Iced Tea Sachets | 20 pack,Lipton,Drinks,Tea,Herbal,,$7.00,,,$0.35 per 1ea,4651408,"Single serve sachets of Lipton Peach Iced Tea powder for classic make at home Iced Tea.

A brilliant taste for a brighter day. Lipton's expert mixologist have crafted a delicious blend of Lipton Iced Tea Mix with Peach flavor to make the most refreshingly delicious iced tea for you and your family. Our Iced Tea Mixes are brewed from real leaves so the taste is always pure and satisfying.

Peach Flavouring

Refereshing

Cooling Easy-To-Make

Lipton Iced Tea Mix

Fruit Flavour

Delicious

Summer Classic Taste",,,"Per 100g/ml
Per Serving
%DI
Energy
97kJ
243kJ
Protein
0g
0g
Total Fat
<1g
<1g
Saturated Fat
<1g
<1g
Carbohydrate
5.6g
14g
Sugars
5.6g
14g
Sodium
<5mg
<5mg
* Percentage Daily Intakes are based on an average adult diet of 8700 kJ. Your daily intakes may be higher or lower depending on your energy needs.","Sugar, black tea extract powder (0.78%), acidity regulator (330, 331, 296), anticaking agent (551), flavouring (peach)(0.18%), acidity regulator (300), peach juice powder (0.03%)",https://www.coles.com.au/product/lipton-peach-iced-tea-sachets-20-pack-4651408,,,2024-06-16T15:02:49.586279-04:00
Ind53SColes_ADrinks_SATea_IHigher Living Organic Rooibos Caramel | 40 pack,Higher Living Organic Rooibos Caramel | 40 pack,Higher Living,Drinks,Tea,Organic,,$5.50,,,$0.14 per 1ea,6309409,,,,,,https://www.coles.com.au/product/higher-living-organic-rooibos-caramel-40-pack-6309409,,,2024-06-16T15:02:58.522366-04:00
Ind53SColes_ADrinks_SATea_ITwinings Australian Afternoon Tea Bags | 100 pack,Twinings Australian Afternoon Tea Bags | 100 pack,Twinings,Drinks,Tea,Black,,$13.50,,,$0.14 per 1ea,8930039,"Multi-origin blend including tea from: 
Africa
Strong
India
Full-bodied
Compostable tea bags

Estd. 1706 London
At Twinings, our master blenders have been blending quality teas for over 300 years. 
Each blend is created with the finest ingredients to deliver a superior experience in every cup.",,,,Black Tea.,https://www.coles.com.au/product/twinings-australian-afternoon-tea-bags-100-pack-8930039,,,2024-06-16T15:03:08.821418-04:00
Ind53SColes_ADrinks_SATea_ILipton Black Tea Bags | 100 Pack,Lipton Black Tea Bags | 100 Pack,Lipton,Drinks,Tea,Black,,$3.50,,$7.00,$0.04 per 1ea,116989,"Lipton Quality Black tea with a rich taste, intense colour and invigorating aroma. Our tea is a harmonious blend of quality tea leaves from Kenya and other countries. In our Kenyan tea gardens, we work closely with nature. Our irrigation system is the rain. The gentle Kenyan wind breezes over our tea leaves for perfection. Our tea gardens receive sunshine all year long and our leaves soak up every bit of sunshine goodness.
Lipton combines the best of nature to give you that signature, rich natural taste and aroma in every single cup.

Natural antioxidant

Low-caloric drink

Authentic taste",,,,Black Tea,https://www.coles.com.au/product/lipton-black-tea-bags-100-pack-116989,,,2024-06-16T15:03:18.938931-04:00
Ind53SColes_ADrinks_SATea_ITwinings English Breakfast Tea Bags 10 pack | 20g,Twinings English Breakfast Tea Bags 10 pack | 20g,Twinings,Drinks,Tea,Black,,$1.50,,$3.00,$0.15 per 1ea,341770,"Multi-origin blend including tea from: 
Africa
Fresh-tasting
India
Full-bodied
Compostable tea bag

Estd. 1706 London
At Twinings, our master blenders have been blending quality teas for over 300 years. 
Each blend is created with the finest ingredients to deliver a superior experience in every cup.",,,,Black Tea.,https://www.coles.com.au/product/twinings-english-breakfast-tea-bags-10-pack-20g-341770,,,2024-06-16T15:03:28.047520-04:00
Ind53SColes_ADrinks_SATea_IArkadia Extra Spice Chai Tea Latte Sachets | 8 pack,Arkadia Extra Spice Chai Tea Latte Sachets | 8 pack,Arkadia,Drinks,Tea,Chai,,,,,,8064110,,,,,,https://www.coles.com.au/product/arkadia-extra-spice-chai-tea-latte-sachets-8-pack-8064110,,,2024-06-16T15:03:38.093721-04:00
Ind53SColes_ADrinks_SATea_IQueen Victoria Tea Calming Blend Tea Bags | 18 pack,Queen Victoria Tea Calming Blend Tea Bags | 18 pack,Queen Victoria Tea,Drinks,Tea,Herbal,,$3.50,,$7.00,$0.19 per 1ea,4971806,"Wash your worries away and unwind with this calming blend of camomile, lemon balm and rosehip.
Naturally caffeine free. Herbal Infusion.
Brew in near boiling water for 3 to 5 minutes. Best served without milk.",,,"Per 100g/ml
Per Serving
%DI
Energy
0kJ
0kJ
Protein
<1g
<1g
Total Fat
<1g
<1g
Saturated Fat
<1g
<1g
Carbohydrate
<1g
<1g
Sugars
<1g
<1g
Sodium
0mg
0mg
* Percentage Daily Intakes are based on an average adult diet of 8700 kJ. Your daily intakes may be higher or lower depending on your energy needs.",,https://www.coles.com.au/product/queen-victoria-tea-calming-blend-tea-bags-18-pack-4971806,,,2024-06-16T15:03:49.205821-04:00
Ind53SColes_ADrinks_SATea_IBushells Breakfast Tea Bags | 100 pack,Bushells Breakfast Tea Bags | 100 pack,Bushells,Drinks,Tea,Black,,$4.50,,,$0.05 per 1ea,6369364,"We all have friends, family or colleagues who might be struggling to open up. In fact, 1 in 3 Aussies feel stressed, anxious or sad and depressed every day, which means someone you know probably needs a bit of support.

That's why Bushells are proud supporters of Lifeline. Because nothing opens up a good conversation like a great cup of tea! There's no better time to talk than now!

Our classic Blue Label is a well-rounded tea for a good Australian cuppa any time of day. This distinctively smooth and full-flavoured tea blended to taste the same as the original Bushells launched in Queensland in 1883.

Australia's first tea company, Bushells have brewed full flavoured conversations and friendships for over 130 years. Bushells has a long tradition of bringing Australians together for a good chat over a great cuppa, blended especially for Aussie tastes.

We've been part of Australian life for over a century, and proud to be a familiar icon that Aussies have grown up with  a delicious taste of home. Bringing people together for a good chat and a great cuppa is our passion  which is why we support and reinvest in organisations that help ordinary Australians.

Start your day with Bushells Australian Breakfast  the morning cuppa that is a robust G'Day

A delicious, rich, smooth tea with real character

Premium to the last drop

Bushells Australian Breakfast is our finest blend

Available in 100 teabag packs.",,,,Black Tea,https://www.coles.com.au/product/bushells-breakfast-tea-bags-100-pack-6369364,,,2024-06-16T15:03:58.060467-04:00
Ind53SColes_ADrinks_SATea_INerada Camomile Herbal Infusion Tea Bags 40 pack | 60g,Nerada Camomile Herbal Infusion Tea Bags 40 pack | 60g,Nerada,Drinks,Tea,Herbal,,$6.00,,,$0.15 per 1ea,6384980,Camomile has a wide range of traditional uses that date back to antiquity and is often drunk for its pleasant subtle flavour and reputed calming effect. Our organic Camomile has been carefully selected and grown using only nature's natural resources,,,,Organic Camomile,https://www.coles.com.au/product/nerada-camomile-herbal-infusion-tea-bags-40-pack-60g-6384980,,,2024-06-16T15:04:07.430113-04:00
Ind53SColes_ADrinks_SATea_IPukka Tea Feel New Detox | 20 pack,Pukka Tea Feel New Detox | 20 pack,Pukka,Drinks,Tea,Herbal,,,,,,3248750,"Not just any detox tea. This is the ultimate organic cup to help your body spring clean. With a splash of sweet aniseed and crisp fennel, feel your senses come alive with lush cardamom and licorice root - purity at its best. Shrug off the old and embrace the new. Detox is a tea to usher in new beginnings.
Good news for giving your mind, body and soul a fresh start.
Infuse for up to 15 minutes. Boiling just the water you need helps make every cup of Pukka tea as sustainable as it can be.
At Pukka, our heartfelt desire is to create a healthier, happier world through the incredible power of organic herbs. We hope you feel inspired to discover more about yourself and the beautiful planet on which we all live. Doing good things helps make good things happen. We create things that help you, help nature and everything in-between. It's called conservation through commerce - striving to positively change the world for you, business and the planet. We are a B Corp organisation, Giving back 1% for the Planet, Fair for Life and FairWild certified.

Ingredients Aniseed (40%), fennel seed (20%), cardamom seed (15%), licorice root, coriander seed, celery seed. Ingredients Aniseed (40%), fennel seed (20%), cardamom seed (15%), licorice root, coriander seed, celery seed.
Detoxifying blend of natural herbs
A refreshing blend to be enjoyed throughout the day
Made with Aniseed, Fennel Seed, Cardamom Pod, Licorice Root, Coriander and Celery Seed
Good news for giving your mind, body and soul a fresh start
Organic and Vegan
Naturally Caffeine Free.",,,,,https://www.coles.com.au/product/pukka-tea-feel-new-detox-20-pack-3248750,,,2024-06-16T15:04:17.222117-04:00
Ind53SColes_ADrinks_SATea_ITwinings French Earl Grey | 10 pack,Twinings French Earl Grey | 10 pack,Twinings,Drinks,Tea,Black,,$1.50,,$3.00,$0.15 per 1ea,6312888,"Estd. 1706
London

At Twinings, our master blenders have been blending quality teas for over 300 years.

Each blend is created with the finest ingredients to deliver a superior experience in every cup.

Sophisticated with notes of vanilla and the beauty of rose petals and lavender, our French Earl Grey is both a sweet and charming blend that will enchant you. Inspired by the culinary delights of Paris, this blend has a beautiful and creamy taste that is balanced with a floral bergamot flavour.

Black tea with added floral notes
- Quality black tea
- Hint of vanilla
- Compostable tea bags",,,,"Black Tea, Vanilla Flavour (6%), Bergamot Flavour (4%), Rose Petals (3%), Lavender (1%), Lemon Flavour.",https://www.coles.com.au/product/twinings-french-earl-grey-10-pack-6312888,,,2024-06-16T15:04:26.380203-04:00
Ind53SColes_ADrinks_SATea_IBonvit Tea Bags Dandelion | 32 pack,Bonvit Tea Bags Dandelion | 32 pack,Bonvit,Drinks,Tea,Herbal,,,,,,7032628,"Bonvit Roasted Dandelion Blend Tea bags are made from 100% roasted natural dandelion and chicory roots. This delicious, caffeine free alternative to coffee can be enjoyed by the whole family, day or night.Bonvit Roasted Dandelion Blend has been enjoyed by Australians for well over 35 years, and the original blend of dandelion and chicory roots remains unchanged to deliver the perfectly unique, rich and aromatic flavour.",,,"Per 100g/ml
Per Serving
%DI
Protein
<1g
<1g
Carbohydrate
1.2g
<1g
Sugars
<1g
<1g
Energy KJ
12kJ
24kj
Sodium
18.0mg
9.0mg
Saturated
<1g
<1g
Energy (Cal)
2.9
5.7cal
Fat
<1g
<1g
Dietary Fibre (total)
<1g
<1g
* Percentage Daily Intakes are based on an average adult diet of 8700 kJ. Your daily intakes may be higher or lower depending on your energy needs.",,https://www.coles.com.au/product/bonvit-tea-bags-dandelion-32-pack-7032628,,,2024-06-16T15:04:38.259779-04:00
Ind53SColes_ADrinks_SATea_ITwining's Green Tea & Jasmine Tea Bags | 10 pack,Twining's Green Tea & Jasmine Tea Bags | 10 pack,Twinings,Drinks,Tea,Green,,$1.50,,$3.00,$0.15 per 1ea,3708780,"This blend is pure elegance...
Time is of the essence when it comes to creating our Green Tea & Jasmine blend. Pretty, white jasmine flowers are picked early in the day and layered with high quality green tea when the small petals are tightly closed. As night falls the petals open and release their light, perfumed, floral fragrance into the tea giving it a delicate, refreshing taste.",,,,100% Jasmine Scented Green Tea.,https://www.coles.com.au/product/twining's-green-tea-and-jasmine-tea-bags-10-pack-3708780,,,2024-06-16T15:04:47.229816-04:00
Ind53SColes_ADrinks_SA_ITwinings Live Well Digest Tea Bags | 22 pack,Twinings Live Well Digest Tea Bags | 22 pack,Twinings,Drinks,,,,$4.25,,$8.50,$0.19 per 1ea,4986133,"Digest 

The perfect complement after any meal, this deliciously smooth and warming blend combines earthy turmeric with the flavours of juicy orange and spicy star anise.

Twinings of London. Sourced with care. 

Living well should taste as good as it makes you feel. 

That's why we carefully select the finest ingredients to create a range of drinks that help make daily wellbeing deliciously enjoyable.

No artificial colours or flavours. Naturally caffeine free. ",,,"Per 100g/ml
Per Serving
%DI
Energy
3kJ
7kJ
Protein
<1g
<1g
Total Fat
<1g
<1g
Saturated Fat
<1g
<1g
Carbohydrate
<1g
<1g
Sugars
<1g
<1g
Sodium
<5mg
<5mg
Caffeine
0mg
0mg
* Percentage Daily Intakes are based on an average adult diet of 8700 kJ. Your daily intakes may be higher or lower depending on your energy needs.","Turmeric (45%), Lemongrass, Star Anise (10%), Liqourice Root, Orange Peel (5%), Orange Flavouring (5%).",https://www.coles.com.au/product/twinings-live-well-digest-tea-bags-22-pack-4986133,,,2024-06-16T15:05:07.295086-04:00
Ind53SColes_ADrinks_SATea_ITetley Decaffeinated Black Tea Bags 100 pack | 185g,Tetley Decaffeinated Black Tea Bags 100 pack | 185g,Tetley,Drinks,Tea,Black,,$6.90,,,$0.07 per 1ea,8959948,,,,,,https://www.coles.com.au/product/tetley-decaffeinated-black-tea-bags-100-pack-185g-8959948,,,2024-06-16T15:05:16.733614-04:00
Ind53SColes_ADrinks_SATea_IPukka Relax Tea | 20 pack,Pukka Relax Tea | 20 pack,Pukka,Drinks,Tea,Herbal,,$8.50,,,$0.43 per 1ea,3452519,"Relax tea - a tea to help you step back, breathe and bathe in the tranquillity of chamomile flower and the peaceful bliss of oat flowering tops, fennel seed and marshmallow root. A perfect way to unwind in the evening or anytime during the day. Sit back and let stress drift away.

Infuse for up to 15 minutes. Boiling just the water you need helps make every cup of Pukka tea as sustainable as it can be. Every Pukka plastic-free tea bag comes in its own recyclable envelope to retain the essential oils in our organic herbs. Each bag has two chambers, allowing these incredible herbs to flow and release the full potency in your cup. To help the flavours to fully disperse, pour boiling water directly on the bag. Every herb loves the water, so leave them to steep for the perfect brew. And remember to boil just the amount of water you need to make your cuppa as environmentally-friendly as it can be. Deliciousness knows no deeper colour.

At Pukka, our heartfelt desire is to create a healthier, happier world through the incredible power of organic herbs. We hope you feel inspired to discover more about yourself and the beautiful planet on which we all live. Doing good things helps make good things happen. We create things that help you, help nature and everything in-between. It's called conservation through commerce - striving to positively change the world for you, business and the planet. Giving back 1% for the Planet, Fair for Life and FairWild certified.",,,,"Sweet fennel seed (24%), chamomile flower (18%), oat flowering tops, licorice root, cardamom pod, ginger root, marshmallow root (5%).",https://www.coles.com.au/product/pukka-relax-tea-20-pack-3452519,,,2024-06-16T15:05:25.890773-04:00
Ind53SColes_ADrinks_SATea_IDilmah Inspirations Rooibos Cinnamon Turmeric Ginger & Nutmeg Tea Bags | 20 pack,Dilmah Inspirations Rooibos Cinnamon Turmeric Ginger & Nutmeg Tea Bags | 20 pack,Dilmah,Drinks,Tea,Organic,,$5.20,,,$0.26 per 1ea,3247451,"Dilmah Infusions are a beautiful combination of authentic Sri Lankan spices, herbs and their amazing functional ability. Elegant in terms of its clarity and brightness and rich, both in its taste and fragrance. This product contains a natural herb and spice infusion of Rooibos, Cinnamon, Turmeric, Ginger and Nutmeg. An enticing aroma and a dark amber liquor lead to a complex infusion, with herb and caramel notes yielding to mild pepper, spice and a gingery finish. 20 tea bags of Rooibos, Cinnamon, Turmeric, Ginger and Nutmeg for a healthy and delicious brew.",,,,Packed in Sri Lanka from local and imported ingredients,https://www.coles.com.au/product/dilmah-inspirations-rooibos-cinnamon-turmeric-ginger-and-nutmeg-tea-bags-20-pack-3247451,,,2024-06-16T15:05:34.961953-04:00
Ind53SColes_ADrinks_SATea_IHigher Living Organic Tea Peppermint & Licorice | 15 pack,Higher Living Organic Tea Peppermint & Licorice | 15 pack,Higher Living,Drinks,Tea,Herbal,,$5.00,,,$0.33 per 1ea,3247542,"Encounter the refreshing mint burst that cuts through the soothing sweetness with an utterly unique flavour of Higher Living Organic Peppermint & Licorice Tea. This organic tea has an intriguing infusion of cool peppermint with a sweet and subtle flavour of licorice. Make every cup enjoyable with Higher Living organic tea.
USDA Organic
Naturally caffeine-free
Bright and bold flavour combinations
Contains 15 Tea Bags",,,,"Peppermint (60%), Licorice (400%), Organic.",https://www.coles.com.au/product/higher-living-organic-tea-peppermint-and-licorice-15-pack-3247542,,,2024-06-16T15:05:45.156036-04:00
Ind53SColes_ADrinks_SATea_IHigher Living Organic Licorice Tea Bags | 15 pack,Higher Living Organic Licorice Tea Bags | 15 pack,Higher Living,Drinks,Tea,Herbal,,$5.00,,,$0.33 per 1ea,1768668,"Higher Living Organic Licorice Tea is made from blends of licorice root, fennel, cinnamon, orange peel, lemon peel, ginger, and cloves, giving that vibrant and fruity infusion. Taste the sweet, mellow flavours combined while drinking a cup of this Higher Living tea. Refresh your morning or take a tea time from your busy day with this healthy, organic tea.
Organic tea
Naturally caffeine-free
Contains 15 tea bags",,,,"Licorice Root (44%), Fennel, Cinnamon, orange Peel (12%), Lemon Peel (5%), Ginger, Cloves.",https://www.coles.com.au/product/higher-living-organic-licorice-tea-bags-15-pack-1768668,,,2024-06-16T15:05:54.638548-04:00
Ind53SColes_ADrinks_SATea_ITwinings Assam Bold Tea Bags 80 pack | 200g,Twinings Assam Bold Tea Bags 80 pack | 200g,Twinings,Drinks,Tea,Black,,$13.50,,,$0.17 per 1ea,9896060,"Single origin blend of tea from: 
India 
Malty, strong, smooth
Compostable tea bags

Estd. 1706 London
At Twinings, our master blenders have been blending quality teas for over 300 years. 
Each blend is created with the finest ingredients to deliver a superior experience in every cup. ",,,,,https://www.coles.com.au/product/twinings-assam-bold-tea-bags-80-pack-200g-9896060,,,2024-06-16T15:06:03.710253-04:00
Ind53SColes_ADrinks_SATea_ITwinings Pure Green Tea Bags 10 pack | 15g,Twinings Pure Green Tea Bags 10 pack | 15g,Twinings,Drinks,Tea,Green,,$1.50,,$3.00,$0.15 per 1ea,7127440,"To positive living, one tea cup at a time...
Let's drink to the fact that our Pure Green Tea has been crafted by our master blenders to deliver a fragrant and invigorating blend. Delicious with every sip, this tea will have you seeing the world in a beautiful glow.",,,,Green Tea.,https://www.coles.com.au/product/twinings-pure-green-tea-bags-10-pack-15g-7127440,,,2024-06-16T15:06:12.903443-04:00
Ind53SColes_ADrinks_SATea_IMadura Organic Green Tea Leaf | 150g,Madura Organic Green Tea Leaf | 150g,Madura,Drinks,Tea,Herbal,,,,,,2236030,"For those consumers looking for a certified organic alternative, this single origin, organic green tea from northern India is one we are confident will provide the sensory satisfaction of a refreshing, delicate green tea.",,,"Per 100g/ml
Per Serving
%DI
Energy
<0.06kj
<0.15kj
Protein
0g
0g
Total Fat
0g
0g
Saturated Fat
0g
0g
Carbohydrate
0g
0g
Sugars
9g
0g
Sodium
<0.05mg
<0.10mg
Energy (Cal)
0g
0g
* Percentage Daily Intakes are based on an average adult diet of 8700 kJ. Your daily intakes may be higher or lower depending on your energy needs.",100% Certified Organic Green Tea,https://www.coles.com.au/product/madura-organic-green-tea-leaf-150g-2236030,,,2024-06-16T15:06:24.802065-04:00
Ind53SColes_ADrinks_SATea_IT2 Melbourne Breakfast Tea Bags | 10 pack,T2 Melbourne Breakfast Tea Bags | 10 pack,T2,Drinks,Tea,Black,,$7.50,,,$0.75 per 1ea,3712391,"A smooth blend of loose leaf black tea and vanilla. Just try and you'll be hooked! Inspired by the home of T2, this cup is a flavoured tea hit; If you need to weather four seasons in one day, this tea will see you through.

Smooth, sweet vanilla and bold black tea. A feel-good cup that would be perfect as a hot tea for that morning tea moment, or a relaxing tea for an afternoon pick-me-up.

Best brewed 2-4 minutes using freshly boiled water. Perfect on its own or with a dash of milk.
Sip up this flavoured black tea on its own as your go-to morning tea brew or try it for an afternoon tea pick-me-up.

This tea is sealed fresh inside a compostable plastic bag packed into a colourful recyclable cardboard box. Store in a cool, dry place.

T2 Tea is sourced from the finest seasonal ingredients from around the world; Our expert tea blenders source only the finest quality premium loose leaf tea; Our teabags are made from food-grade corn starch; They are recyclable and compostable, too.

Full-bodied and smooth with a sweet vanilla flavor and depth of character.

Enjoy it on its own or with milk for a relaxing tea moment.",,,,,https://www.coles.com.au/product/t2-melbourne-breakfast-tea-bags-10-pack-3712391,,,2024-06-16T15:06:33.841144-04:00
Ind53SColes_ADrinks_SATea_ITwinings Morning Tea Bags 100 pack | 200g,Twinings Morning Tea Bags 100 pack | 200g,Twinings,Drinks,Tea,Black,,$13.50,,,$0.14 per 1ea,2872938,"Multi-origin blend including tea from: 
South Asia
Fragrant, smooth, full-bodied
Quality black tea
Compostable tea bags

Estd. 1706 London
At Twinings, our master blenders have been blending quality teas for over 300 years. 
Each blend is created with the finest ingredients to deliver a superior experience in every cup. ",,,,Black Tea.,https://www.coles.com.au/product/twinings-morning-tea-bags-100-pack-200g-2872938,,,2024-06-16T15:06:43.118069-04:00
Ind53SColes_ADrinks_SATea_IT2 Relax Tea | 10 pack,T2 Relax Tea | 10 pack,T2,Drinks,Tea,Herbal,,$7.50,,,$0.75 per 1ea,4995418,"Ready to chill? Bring back that sense of peace with tranquil chamomile and lavender.

Clouds of chamomile, soft rose and lavender produce a very pretty tea indeed! Sit back and let this floral tisane whisk you away
Chamomile notes with smooth lemon, juniper berries and florals.

This tea is sealed fresh inside a compostable plastic bag packed into a colourful recyclable cardboard box. Store in a cool, dry place.

Soothe and calm yourself, by sipping this tea at anytime of the day.

Best brewed 3-5 minutes using freshly boiled water.",,,,"Chamomile, juniper berries, lemon verbena, hibiscus, lemongrass, lavender, rose petals",https://www.coles.com.au/product/t2-relax-tea-10-pack-4995418,,,2024-06-16T15:06:52.419950-04:00
Ind53SColes_ADrinks_SATea_ITwinings Russian Caravan Tea Bags | 10 pack,Twinings Russian Caravan Tea Bags | 10 pack,Twinings,Drinks,Tea,Black,,,,,,8116053,"Single origin blend of tea from: 
China
Smokey, smooth
Compostable tea bags

Estd. 1706 London
At Twinings, our master blenders have been blending quality teas for over 300 years. 
Each blend is created with the finest ingredients to deliver a superior experience in every cup.",,,,Black Tea.,https://www.coles.com.au/product/twinings-russian-caravan-tea-bags-10-pack-8116053,,,2024-06-16T15:07:02.161657-04:00
Ind53SColes_ADrinks_SATea_IHigher Living Organic Tea Evening Sweet Dreams | 15 pack,Higher Living Organic Tea Evening Sweet Dreams | 15 pack,Higher Living,Drinks,Tea,Herbal,,$5.00,,,$0.33 per 1ea,1768679,"Having trouble sleeping? Higher Living Organic Sweet Dreams Tea can be helpful. With its relaxing infusion of lemon balm, lavender, and chamomile, drinking this Higher Living tea will help you in getting a soothing sleep. Savour the sweet, fruity blends of different spices to help your body calm during the night.
Organic tea
Naturally caffeine-free
Contains 15 tea bags",,,,"Fennel, Peppermint, Lemon Balm (20%), Chamomile (18%), Lavender (10%).",https://www.coles.com.au/product/higher-living-organic-tea-evening-sweet-dreams-15-pack-1768679,,,2024-06-16T15:07:11.561854-04:00
Ind53SColes_ADrinks_SATea_INerada English Breakfast Tea Bags Teacup | 100 Pack,Nerada English Breakfast Tea Bags Teacup | 100 Pack,Nerada,Drinks,Tea,Black,,$5.60,,,$0.06 per 1ea,496507,"Since 1971, Nerada has been blending tradition with excellence. Steeped in heritage, our mission his simple, create Australia's freshest, finest and most sustainable teas crafted with honesty and care.

We embody the adventurous spirit of this great country, curating tea that resonate with the Australian taste, each sip a testament to our commitment.

It is a shared joy of discovery with each cup a narrative, a story of exploration to be savoured alone or in the warm company of friends and family. We are proud to bring a true Ausie way to drink tea.
Rich and Full Bodied Black Tea

Premium Blend",,,,,https://www.coles.com.au/product/nerada-english-breakfast-tea-bags-teacup-100-pack-496507,,,2024-06-16T15:07:20.636499-04:00
Ind53SColes_ADrinks_SAInternational foods_ICafe Najjar Classic Ground Coffee | 200g,Cafe Najjar Classic Ground Coffee | 200g,Cafe Najjar,Drinks,International foods,Middle Eastern,,$6.30,,,$3.15 per 100g,9886410,,,,"Per 100g/ml
Per Serving
%DI
Energy
500kJ
25kJ
Protein
20g
1g
Total Fat
20g
1g
Saturated Fat
10g
0.5g
Carbohydrate
60g
3g
Sugars
0g
0g
Sodium
100mg
5mg
* Percentage Daily Intakes are based on an average adult diet of 8700 kJ. Your daily intakes may be higher or lower depending on your energy needs.",,https://www.coles.com.au/product/cafe-najjar-classic-ground-coffee-200g-9886410,,,2024-06-16T15:07:31.978855-04:00
Ind53SColes_ADrinks_SATea_IYorkshire Tea Toast & Jam Tea Bags | 40 pack,Yorkshire Tea Toast & Jam Tea Bags | 40 pack,Yorkshire,Drinks,Tea,Black,,$6.50,,$9.50,$0.16 per 1ea,6320627,"We've squished the taste of the world's greatest breakfast combo into an extra strong Yorkshire Tea blend. It's a mighty morning brew with a lip-smacking FLAVOUR of toasty, jammy loveliness, ready to send you into the day with a spring in your step, a smile in your soul and absolutely no jam on your chin. *100% of the tea in this product comes from Rainforest Alliance Certified farms. We are a member of Ethical Tea Partnership.",,,,,https://www.coles.com.au/product/yorkshire-tea-toast-and-jam-tea-bags-40-pack-6320627,,,2024-06-16T15:07:42.029395-04:00
Ind53SColes_ADrinks_SATea_IDilmah Pure Ceylon Premium Tea Bags 50 Pack | 100g,Dilmah Pure Ceylon Premium Tea Bags 50 Pack | 100g,Dilmah,Drinks,Tea,Black,,$4.50,,,$0.09 per 1ea,5051177,"Finely balanced richness, flavour, strength and aroma for the perfect cup of tea. Our Premium tea is sourced from a single origin; the central highlands of Sri Lanka, reputed for its brightness and medium strength. Pure Ceylon Broken Orange Pekoe (BOPF) produces a pleasing brew, ideal for everyday drinking. The Dilmah Premium Ceylon Tea range introduces tea lovers to the romance of real Ceylon tea. This Premium Ceylon Black Tea product consists of 50 tea bags.",,,,Product of Sri Lanka. 100% Pure Ceylon Black Tea,https://www.coles.com.au/product/dilmah-pure-ceylon-premium-tea-bags-50-pack-100g-5051177,,,2024-06-16T15:07:51.021170-04:00
Ind53SColes_ADrinks_SATea_ICelestial Seasonings Tea Bags Herb Sleepytime | 20 pack,Celestial Seasonings Tea Bags Herb Sleepytime | 20 pack,Celestial,Drinks,Tea,Herbal,,$4.50,,$6.50,$0.23 per 1ea,489454,,,,,,https://www.coles.com.au/product/celestial-seasonings-tea-bags-herb-sleepytime-20-pack-489454,,,2024-06-16T15:08:00.216596-04:00
Ind53SColes_ADrinks_SATea_IChatime Peach Iced Bubble Tea | 4 pack,Chatime Peach Iced Bubble Tea | 4 pack,Chatime,Drinks,Tea,Bubble tea,,$10.00,,,$2.50 per 1ea,5578959,,,,,"Peach Black Tea- Sugar, peach juice powder (sugar, maltodextrin, peach juice concentrate, citric acid (E330)), sodium citrate (E331 (iii)), flavour (flavour, invert sugar, caramel colours (E150a)), B-carotene (E160a (i)))(20.0%), flavour, black tea powder (1.25%), citric acid (E330), maltodextrin.Strawberry Popping Pearls- Water, high fructose corn syrup, strawberry juice, calcium lactate (E327), acetylated distarch adipate (E1422), sodium alginate (E401), citric acid (E330), flavour, guar gum (E412), xanthan gun (E415), potassium sorbate (preservative, E202), sucralose (sweetener, E955) allura red AC (food colour, E129)Mango Popping Pearls- Water, high fructose corn syrup, mango juice, calcium lactate (E327), acetylated distarch adipate (E1422), sodium alginate (E401), citric acid (E330), flavour, guar gum (E412), xanthan gum (E415), potassium sorbate (preservative, E202), sucralose (sweetener, E955), tartrazine (food colour, E102), sunset yellow FCF (food colour, E110).",https://www.coles.com.au/product/chatime-peach-iced-bubble-tea-4-pack-5578959,,,2024-06-16T15:08:09.305432-04:00
Ind53SColes_ADrinks_SATea_ITwinings English Breakfast Decaf Tea Bags | 80 pack,Twinings English Breakfast Decaf Tea Bags | 80 pack,Twinings,Drinks,Tea,Black,,$13.50,,,$0.17 per 1ea,6312877,"Single origin blend of tea from:
Africa - Fresh, Bold
Compostable Tea bags

Estd. 1706 London
At Twinings, our master blenders have been blending quality teas for over 300 years.
Each blend is created with the finest ingredients to deliver a superior experience in every cup.",,,,Decaffeinated Black Tea.,https://www.coles.com.au/product/twinings-english-breakfast-decaf-tea-bags-80-pack-6312877,,,2024-06-16T15:08:18.362531-04:00
Ind53SColes_ADrinks_SAInternational foods_IAl ameed Turkish Coffee With Cardamom Medium | 250g,Al ameed Turkish Coffee With Cardamom Medium | 250g,Al ameed,Drinks,International foods,Middle Eastern,,$9.30,,,$3.72 per 100g,3275424,"Turkish medium coffee with CardamomA smooth and balanced Turkish coffee blend made from a medium roast mix, with added cardamom.",,,,,https://www.coles.com.au/product/al-ameed-turkish-coffee-with-cardamom-medium-250g-3275424,,,2024-06-16T15:08:27.185974-04:00
Ind53SColes_ADrinks_SATea_IPukka Womenkind Blend | 20 pack,Pukka Womenkind Blend | 20 pack,Pukka,Drinks,Tea,Herbal,,$8.50,,,$0.43 per 1ea,4995349,"Pukka Womankind, perfect balance with hibiscus, rose and cranberry.

Good news for womankind.

Made with organic chamomile, cranberry, rose & sweet vanilla

The flowers in you are ready to blossom, a loving cup of nourishment is all it takes to stir them to life

Naturally caffeine free and ethically sourced, 100% organically grown ingredients

Balance is a gift for mind and body. She is one of India's most regal roots so let shatavari weave you her hammock of respite. Chamomile to cares and sweet licorice and vanilla to soothe your every sense. Then cranberry, orange, marigold and rose brings all your colour back to life. A cup of perfect balance to restore body and soul.",,,,"Chamomile flower, shatavari root (16%), licorice root, hibiscus flower, marigold flower, beetroot (8%), orange peel, orange essential oil flavour, rose flower (4%), cranberry (4%), vanilla flavour (4%).",https://www.coles.com.au/product/pukka-womenkind-blend-20-pack-4995349,,,2024-06-16T15:08:36.407459-04:00
Ind53SColes_ADrinks_SATea_IOrigin Tea Natural Chai Latte | 200g,Origin Tea Natural Chai Latte | 200g,Origin Tea,Drinks,Tea,Chai,,$5.50,,$7.00,$2.75 per 100g,6269563,"Unleash your chai passion with our enchanting Caffeine Free Natural Chai Latte. Indulge in the perfect cup that satisfies your taste buds with aromatic spices, creamy texture, and delightful sweetness. It's pure bliss in every sip.",,,"Per 100g/ml
Per Serving
%DI
Energy
163kJ
163kJ
Protein
1g
1g
Total Fat
0g
0g
Saturated Fat
0g
0g
Carbohydrate
9.2g
9.2g
Sugars
8.7g
8.7g
Sodium
1mg
1mg
* Percentage Daily Intakes are based on an average adult diet of 8700 kJ. Your daily intakes may be higher or lower depending on your energy needs.",,https://www.coles.com.au/product/origin-tea-natural-chai-latte-200g-6269563,,,2024-06-16T15:08:47.372061-04:00
Ind53SColes_ADrinks_SATea_IDilmah 85 Reserve Black Tea With Rose Lychee & Vanilla | 10 pack,Dilmah 85 Reserve Black Tea With Rose Lychee & Vanilla | 10 pack,Dilmah,Drinks,Tea,Black,,,,,,8087793,,,,,,https://www.coles.com.au/product/dilmah-85-reserve-black-tea-with-rose-lychee-and-vanilla-10-pack-8087793,,,2024-06-16T15:08:57.321687-04:00
Ind53SColes_ADrinks_SATea_IPukka Lemon Ginger & Manuka Honey Tea Sachets 20 pack | 40g,Pukka Lemon Ginger & Manuka Honey Tea Sachets 20 pack | 40g,Pukka,Drinks,Tea,Herbal,,$8.50,,,$0.43 per 1ea,3248793,"Lemon, Ginger & Manuka Honey tea creates a moment of bliss - a veritable hug that will keep your spirits warm.

Take your seat and settle in to savour the spicy-sweet zest of sun-ripe whole Sicilian lemons to the slow-dried ginger root with FairWild elderflowers. Finally the velvet kiss of manuka honey creates a cup of tea that warms your heart as well as your body. Isn't this heaven? Good news for soothing your spirit.

Infuse for up to 15 minutes. Boiling just the water you need helps make every cup of Pukka tea as sustainable as it can be. Every Pukka plastic-free tea bag comes in its own recyclable envelope to retain the essential oils in our organic herbs. Each bag has two chambers, allowing these incredible herbs to flow and release the full potency in your cup. To help the flavours to fully disperse, pour boiling water directly on the bag. Every herb loves the water, so leave them to steep for the perfect brew. And remember to boil just the amount of water you need to make your cuppa as environmentally-friendly as it can be. Deliciousness knows no deeper colour.

At Pukka, our heartfelt desire is to create a healthier, happier world through the incredible power of organic herbs. We hope you feel inspired to discover more about yourself and the beautiful planet on which we all live. Doing good things helps make good things happen. We create things that help you, help nature and everything in-between.",,,,"Ginger root (32%), licorice root, sweet fennel seed, lemon peel (8%), elderflower, lemon verbena leaf, turmeric root, lemon essential oil flavour (6%), lemon myrtle leaf, manuka honey flavour (2%).",https://www.coles.com.au/product/pukka-lemon-ginger-and-manuka-honey-tea-sachets-20-pack-40g-3248793,,,2024-06-16T15:09:06.334440-04:00
Ind53SColes_ADrinks_SATea_ITetley Natural Green Tea Bags 50 pack | 60g,Tetley Natural Green Tea Bags 50 pack | 60g,Tetley,Drinks,Tea,Green,,$4.70,,,$0.09 per 1ea,6058900,"With its calm, gentle and mellow flavour, the Tetley Natural Green Tea is the perfect feel-good brew. It has a light, refreshing taste that is never bitter or twisted.",,,,,https://www.coles.com.au/product/tetley-natural-green-tea-bags-50-pack-60g-6058900,,,2024-06-16T15:09:15.269471-04:00
Ind53SColes_ADrinks_SATea_IMadura Earl Grey Tea Bags 50 pack | 100g,Madura Earl Grey Tea Bags 50 pack | 100g,Madura,Drinks,Tea,Black,,$4.70,,$5.90,$0.09 per 1ea,5483932,"Earl Grey
Madura Earl Grey is a traditional blend of Sri Lankan and Indian teas delicately fragranced with Bergamot, achieving a balance between the flavour of the tea and the fruit. Crafted for the discerning tea drinker who enjoys the subtlety flavours can bring to tea.
Highest awarded tea brand for taste in Australia

100% Australian owned and family operated - Brewing since 1978

At Madura Tea we grow, blend and pack to the highest Australian standards

Independently tested in Australia for purity and caffeine levels.",,,"Per 100g/ml
Per Serving
%DI
Energy
<0.06kJ
<0.15kJ
0
Protein
0g
0g
0
Total Fat
0g
0g
0
Saturated Fat
0g
0g
0
Carbohydrate
0g
0g
0
Sugars
0g
0g
0
Sodium
<0.05mg
<0.10mg
0
Monounsaturated
0
0
0
Energy (Cal)
0
0
0
Dietary Fibre (total)
0
0
0
Polyunsaturated
0
0
0
Trans
0
0
0
Caffeine
2.7g by Dry Weight
54mg by Dry Weight
0
* Percentage Daily Intakes are based on an average adult diet of 8700 kJ. Your daily intakes may be higher or lower depending on your energy needs.",,https://www.coles.com.au/product/madura-earl-grey-tea-bags-50-pack-100g-5483932,,,2024-06-16T15:09:26.395655-04:00
Ind53SColes_ADrinks_SATea_ITaylors Of Harrogate Yorkshire Tea Proper Strong | 100 pack,Taylors Of Harrogate Yorkshire Tea Proper Strong | 100 pack,Taylors Of Harrogate,Drinks,Tea,Black,,$6.00,,$7.50,$0.06 per 1ea,3708441,"We like our tea strong in Yorkshire, and this one doesn't disappoint. It's our strongest blend - a rich, robust and full-bodied tea that's packed with punchy flavor for a truly mighty brew. Our family business started blending tea in Yorkshire over 125 years ago. Our experts taste up to 100 teas every day before selecting the handful good enough for our blend. The high standards we live by go beyond the quality of our teas. We trade with a conscience, visiting suppliers regularly to build long-lasting partnerships and doing business in a way that respects people & planet.",,,,,https://www.coles.com.au/product/taylors-of-harrogate-yorkshire-tea-proper-strong-100-pack-3708441,,,2024-06-16T15:09:36.197138-04:00
Ind53SColes_ADrinks_SATea_IChatime Brown Sugar Milk Bubble Tea | 4 pack,Chatime Brown Sugar Milk Bubble Tea | 4 pack,Chatime,Drinks,Tea,Bubble tea,,$10.00,,,$2.50 per 1ea,5579102,,,,,,https://www.coles.com.au/product/chatime-brown-sugar-milk-bubble-tea-4-pack-5579102,,,2024-06-16T15:09:44.980336-04:00
Ind53SColes_ADrinks_SATea_ICurated Group Chamomile Tea | 20 pack,Curated Group Chamomile Tea | 20 pack,Curated Group,Drinks,Tea,Black,,,,,,8145700,"Calming Chamomile

Bright and daisy-like, this fragrant Mediterranean native, is like summer itself. It blooms in light, drained soil in great sweeps by the sea, often on rocky hillsides during southern and eastern Europe's long summer days and cool nights.

Traditionally seen as a symbol of purity, protection and tranquillity, it was also cultivated for a spectrum of perceived benefits. It is caffeine-free, soothing and comfort in a cup.

This Chamomile tea is serenely floral, with a relaxing honeyed note and sweet-apple finish.
Chamomile has been valued through the ages for its perceived properties. More information on our Chamomile tea can be found on our website.

Our plant-based pyramid-shaped tea bags are generously sized to allow the flowers to unfurl and fully infuse. Each tea bag comes in a recyclable envelope so the flowers stay as fresh as the first day they were picked and your cup of Chamomile delivers joy every time.

96 is only possible because of the communities that nurture the verdant lands where our teas grow.

We're committed to ethically sourcing our teas, sustainable packaging and reducing our environmental footprint.",,,,,https://www.coles.com.au/product/curated-group-chamomile-tea-20-pack-8145700,,,2024-06-16T15:09:55.985371-04:00
Ind53SColes_ADrinks_SATea_ICelestial Seasonings Bengal Spice Tea Bags 20 pack | 47g,Celestial Seasonings Bengal Spice Tea Bags 20 pack | 47g,Celestial Seasonings,Drinks,Tea,Chai,,$5.20,,$6.50,$0.26 per 1ea,2601566,"Brimming with cinnamon, ginger, cardamom and cloves, this adventurous blend is our caffeine-free interpretation of chai, the piquant Indian brew traditionally made with black tea. Try it with milk and sugar for a true chai experience.",,,,"Cinnamon, Roasted Chicory, Roastewd Carob, Natural Spice and Vanilla Flavors with Other Natural Flavors, Ginger, Cardamom, Black Pepper, Cloves and Nutmeg.",https://www.coles.com.au/product/celestial-seasonings-bengal-spice-tea-bags-20-pack-47g-2601566,,,2024-06-16T15:10:05.342439-04:00
Ind53SColes_ADrinks_SATea_IHigher Living Daily Detox Tea | 15 pack,Higher Living Daily Detox Tea | 15 pack,Higher Living,Drinks,Tea,Herbal,,$5.00,,,$0.33 per 1ea,3984890,"A cleansing infusion with dandelion and burdock, peppermint and spearmint. To look after your inner beauty.",,,,,https://www.coles.com.au/product/higher-living-daily-detox-tea-15-pack-3984890,,,2024-06-16T15:10:14.516629-04:00
Ind53SColes_ADrinks_SATea_ITwining's Vanilla Chai Tea Bags | 80 pack,Twining's Vanilla Chai Tea Bags | 80 pack,Twinings,Drinks,Tea,Chai,,$13.50,,,$0.17 per 1ea,3708645,"Black tea with added spices
Quality black tea
Warming
Spicy notes
Compostable tea bags

Estd. 1706 London
At Twinings, our master blenders have been blending quality teas for over 300 years. 
Each blend is created with the finest ingredients to deliver a superior experience in every cup.",,,,"Black Tea, Vanilla Flavour (5%), Chai Flavour (5%), Cinnamon (5%), Ginger (5%).",https://www.coles.com.au/product/twining's-vanilla-chai-tea-bags-80-pack-3708645,,,2024-06-16T15:10:24.663398-04:00
Ind53SColes_ADrinks_SATea_IAvalanche 99% Sugar Free Chai Latte | 200g,Avalanche 99% Sugar Free Chai Latte | 200g,Avalanche,Drinks,Tea,Chai,,$4.40,,$5.50,$2.20 per 100g,4963397,AVALANCHE 99% SUGAR FREE CHAI LATTE,,,,,https://www.coles.com.au/product/avalanche-99percent-sugar-free-chai-latte-200g-4963397,,,2024-06-16T15:10:33.470493-04:00
Ind53SColes_ADrinks_SATea_INerada English Breakfast Tea Bags Teacup | 50 Pack,Nerada English Breakfast Tea Bags Teacup | 50 Pack,Nerada,Drinks,Tea,Black,,$2.35,,$2.95,$0.05 per 1ea,362781,"Since 1971, Nerada has been blending tradition with excellence. Steeped in heritage, our mission his simple, create Australia's freshest, finest and most sustainable teas crafted with honesty and care.
 
We embody the adventurous spirit of this great country, curating tea that resonate with the Australian taste, each sip a testament to our commitment.

It is a shared joy of discovery with each cup a narrative, a story of exploration to be savoured alone or in the warm company of friends and family. We are proud to bring a true Ausie way to drink tea.
Rich and Full Bodied Black Tea

Premium Blend",,,,,https://www.coles.com.au/product/nerada-english-breakfast-tea-bags-teacup-50-pack-362781,,,2024-06-16T15:10:42.664805-04:00
Ind53SColes_ADrinks_SATea_IHigher Living Organic Tea Ginger Kick | 15 pack,Higher Living Organic Tea Ginger Kick | 15 pack,Higher Living,Drinks,Tea,Herbal,,$5.00,,,$0.33 per 1ea,3247520,"Tantalize your tastebuds with caffeine-free tea. Try Higher Living Organic Ginger Kick Tea with a seriously warm infusion combining ginger with lemon peel. This Higher Living tea has bold and bright flavour combinations that even those who do not drink tea will go for.
Caffeine-free
Contains 15 tea bags
Organic tea",,,,,https://www.coles.com.au/product/higher-living-organic-tea-ginger-kick-15-pack-3247520,,,2024-06-16T15:10:51.768251-04:00
Ind53SColes_ADrinks_SATea_ITwinings Irish Breakfast Tea Bags 100 pack | 200g,Twinings Irish Breakfast Tea Bags 100 pack | 200g,Twinings,Drinks,Tea,Black,,$13.50,,,$0.14 per 1ea,83584,"Multi-origin blend including tea from: 
Africa
Strong, invigorating
India
Bold, Malty
Compostable tea bags

Estd. 1706 London
At Twinings, our master blenders have been blending quality teas for over 300 years. 
Each blend is created with the finest ingredients to deliver a superior experience in every cup. ",,,,Black Tea.,https://www.coles.com.au/product/twinings-irish-breakfast-tea-bags-100-pack-200g-83584,,,2024-06-16T15:11:02.144046-04:00
Ind53SColes_ADrinks_SATea_ITwining's Pure Peppermint Infusions Tea Bags | 10 Pack,Twining's Pure Peppermint Infusions Tea Bags | 10 Pack,Twinings,Drinks,Tea,Herbal,,$1.50,,$3.00,$0.15 per 1ea,5359638,"A moment of pure refreshment...

We have carefully selected the most aromatic leaves for our Pure Peppermint blend, to deliver a fresh and invigorating experience with every sip. Revive your senses and enjoy a moment of pure refreshment in your day.

For more delightful herbal infusions, try our soothing and minty Camomile & Spearmint.",,,,Peppermint,https://www.coles.com.au/product/twining's-pure-peppermint-infusions-tea-bags-10-pack-5359638,,,2024-06-16T15:11:11.073735-04:00
Ind53SColes_ADrinks_SABeverages_ITwinings Earl Grey Tea Bags 50 pack | 100g,Twinings Earl Grey Tea Bags 50 pack | 100g,Twinings,Drinks,Beverages,Coffee & tea,,$7.00,,,"$0.14 per 1ea
Was $8.50 on May 2024",6822217,"Black tea with added citrus notes
Quality black tea
Compostable tea bags

Estd. 1706 London
At Twinings, our master blenders have been blending quality teas for over 300 years. 
Each blend is created with the finest ingredients to deliver a superior experience in every cup.",,,,"Black Tea, Bergamot Flavours (3.5%).",https://www.coles.com.au/product/twinings-earl-grey-tea-bags-50-pack-100g-6822217,,,2024-06-16T15:11:20.009508-04:00
Ind53SColes_ADrinks_SATea_IBushells Blue Label Tea Bags Teacup | 100 pack,Bushells Blue Label Tea Bags Teacup | 100 pack,Bushells,Drinks,Tea,Black,,$4.50,,,$0.05 per 1ea,250154,"We all have friends, family or colleagues who might be struggling to open up. In fact, 1 in 3 Aussies feel stressed, anxious or sad and depressed every day, which means someone you know probably needs a bit of support.

That's why Bushells are proud supporters of Lifeline. Because nothing opens up a good conversation like a great cup of tea! There's no better time to talk than now!

Our classic Blue Label is a well-rounded tea for a good Australian cuppa any time of day. This distinctively smooth and full-flavoured tea blended to taste the same as the original Bushells launched in Queensland in 1883.

Australia's first tea company, Bushells have brewed full flavoured conversations and friendships for over 130 years. Bushells has a long tradition of bringing Australians together for a good chat over a great cuppa, blended especially for Aussie tastes.

We've been part of Australian life for over a century, and proud to be a familiar icon that Aussies have grown up with  a delicious taste of home. Bringing people together for a good chat and a great cuppa is our passion  which is why we support and reinvest in organisations that help ordinary Australians.

Bushells is committed to creating a high-quality cuppa, with the full flavour Australians know and love.

A simple How are you? goes a long way. Start a conversation, there's no better time to talk than now!

Makes a good Australian cuppa any time of day

Available in 50 and 100 teabag packs.",,,,,https://www.coles.com.au/product/bushells-blue-label-tea-bags-teacup-100-pack-250154,,,2024-06-16T15:11:28.837978-04:00
Ind53SColes_ADrinks_SATea_IQueen Victoria Tea Sleepy Blend Tea Bags | 18 pack,Queen Victoria Tea Sleepy Blend Tea Bags | 18 pack,Queen Victoria Tea,Drinks,Tea,Herbal,,$3.50,,$7.00,$0.19 per 1ea,4971759,"Unwind with a relaxing herbal infusion. Accompany your bedtime ritual with this tranquil blend.
Naturally caffeine free. Herbal Infusion.
Brew in near boiling water for 3 to 5 minutes. Best served without milk.",,,"Per 100g/ml
Per Serving
%DI
Energy
0kJ
0kJ
Protein
<1g
<1g
Total Fat
<1g
<1g
Saturated Fat
<1g
<1g
Carbohydrate
<1g
<1g
Sugars
<1g
<1g
Sodium
0mg
0mg
* Percentage Daily Intakes are based on an average adult diet of 8700 kJ. Your daily intakes may be higher or lower depending on your energy needs.","Cinnamon (25%), Ginger (23%), Orange Peel (20%), Peppermint (15%), Camomile (15%), Natural Orange Flavour (2%)",https://www.coles.com.au/product/queen-victoria-tea-sleepy-blend-tea-bags-18-pack-4971759,,,2024-06-16T15:11:39.795637-04:00
Ind53SColes_ADrinks_SABeverages_ITwinings Pure Peppermint Herbal Infusions Tea Bags 40 pack | 80g,Twinings Pure Peppermint Herbal Infusions Tea Bags 40 pack | 80g,Twinings,Drinks,Beverages,Coffee & tea,,$7.00,,,"$0.18 per 1ea
Was $8.50 on May 2024",6811254,"No added colours or flavours
Made with natural ingredients
Compostable tea bags

Estd. 1706 London
At Twinings, we have been blending and brewing the best of nature for over 300 years. 
Our master blenders and herbalists expertly select and blend the finest ingredients to enrich your wellbeing every day.",,,,,https://www.coles.com.au/product/twinings-pure-peppermint-herbal-infusions-tea-bags-40-pack-80g-6811254,,,2024-06-16T15:11:48.789061-04:00
Ind53SColes_ADrinks_SATea_ITwinings English Breakfast Extra Strong Tea Bags | 10 pack,Twinings English Breakfast Extra Strong Tea Bags | 10 pack,Twinings,Drinks,Tea,Black,,$1.50,,$3.00,$0.15 per 1ea,2237190,"Multi-origin blend including tea from: 
Africa
Bold
India
Full-bodied
Compostable tea bags

Estd. 1706 London
At Twinings, our master blenders have been blending quality teas for over 300 years. 
Each blend is created with the finest ingredients to deliver a superior experience in every cup. ",,,,Black Tea.,https://www.coles.com.au/product/twinings-english-breakfast-extra-strong-tea-bags-10-pack-2237190,,,2024-06-16T15:11:57.959251-04:00
Ind53SColes_ADrinks_SATea_IChatime Mango Iced Bubble Tea | 4 pack,Chatime Mango Iced Bubble Tea | 4 pack,Chatime,Drinks,Tea,Bubble tea,,$10.00,,,$2.50 per 1ea,5579000,,,,,,https://www.coles.com.au/product/chatime-mango-iced-bubble-tea-4-pack-5579000,,,2024-06-16T15:12:09.111684-04:00
Ind53SColes_ADrinks_SATea_IQueen Victoria Tea Awaken Blend Tea Bags | 18 pack,Queen Victoria Tea Awaken Blend Tea Bags | 18 pack,Queen Victoria Tea,Drinks,Tea,Herbal,,$3.50,,$7.00,$0.19 per 1ea,4971781,"Invigorate your senses and embrace the day. This aromatic infusion combines the energising flavours of ginseng and cinnamon with a hint of citrus.
Naturally caffeine free. Herbal Infusion.
Brew in near boiling water for 3 to 5 minutes. Best served without milk.",,,"Per 100g/ml
Per Serving
%DI
Energy
0kJ
0kJ
Protein
<1g
<1g
Total Fat
<1g
<1g
Saturated Fat
<1g
<1g
Carbohydrate
<1g
<1g
Sugars
<1g
<1g
Sodium
0mg
0mg
* Percentage Daily Intakes are based on an average adult diet of 8700 kJ. Your daily intakes may be higher or lower depending on your energy needs.","Ginseng (35%), Cinnamon (35%), Rose (20%), Safflower (7%), Natural Lemon Flavour (3%)",https://www.coles.com.au/product/queen-victoria-tea-awaken-blend-tea-bags-18-pack-4971781,,,2024-06-16T15:12:20.676742-04:00
Ind53SColes_ADrinks_SATea_IPukka Tea Radiance Blend Tea Bags | 20 pack,Pukka Tea Radiance Blend Tea Bags | 20 pack,Pukka,Drinks,Tea,Herbal,,$8.50,,,$0.43 per 1ea,6199592,"Glow from the inside out with Pukka Radiance Tea, with nettle, fennel and peppermint.

Pukka Radiance tea is made with organic aloe vera, dandelion, fennel, licorice, nettle and peppermint, helping you to reclaim your natural glow.",,,,"Nettle leaf (40%), peppermint leaf (25%), sweet fennel seed (24.5%), dandelion root, licorice root, aloe vera inner leaf.",https://www.coles.com.au/product/pukka-tea-radiance-blend-tea-bags-20-pack-6199592,,,2024-06-16T15:12:29.613311-04:00
Ind53SColes_ADrinks_SATea_ITwinings Live Well Calm Mind Tea Bags | 18 pack,Twinings Live Well Calm Mind Tea Bags | 18 pack,Twinings,Drinks,Tea,Herbal,,$4.25,,$8.50,$0.24 per 1ea,4985571,"Adaptogens with Maca 
A sweet and balancing blend of rooibos with cinnamon spice to balance your senses.

With its smooth and warming feel, it makes for the perfect way to bring some balance to your day.

Living well should taste as good as it makes you feel.

That's why we carefully select the finest ingredients to create a range of drinks that help make daily wellbeing deliciously enjoyable and healthy.

Sourced with care.",,,"Per 100g/ml
Per Serving
%DI
Energy
10kJ
20kJ
Protein
<1g
<1g
Total Fat
<1g
<1g
Saturated Fat
<1g
<1g
Carbohydrate
<1g
<1g
Sugars
<1g
<1g
Sodium
5mg
10mg
* Percentage Daily Intakes are based on an average adult diet of 8700 kJ. Your daily intakes may be higher or lower depending on your energy needs.","Rooibos (83%), Maca Root (7%), Cinnamon (5%), Honey Flavouring (2%), Natural Flavouring, Chai Spice Flavouring (1%). *All our herbs are gently steamed, the process is gentle to protect their delicate taste.",https://www.coles.com.au/product/twinings-live-well-calm-mind-tea-bags-18-pack-4985571,,,2024-06-16T15:12:40.701420-04:00
Ind53SColes_ADrinks_SATea_IDilmah 85 Reserve Black Tea With Earl Grey Vanilla | 10 pack,Dilmah 85 Reserve Black Tea With Earl Grey Vanilla | 10 pack,Dilmah,Drinks,Tea,Black,,,,,,8087782,,,,,,https://www.coles.com.au/product/dilmah-85-reserve-black-tea-with-earl-grey-vanilla-10-pack-8087782,,,2024-06-16T15:12:50.885132-04:00
Ind53SColes_ADrinks_SATea_ITwinings Chamomile & Spearmint Herbal Infusions Tea Bags 10 pack | 15g,Twinings Chamomile & Spearmint Herbal Infusions Tea Bags 10 pack | 15g,Twinings,Drinks,Tea,Herbal,,$1.50,,$3.00,$0.15 per 1ea,8117238,"No added colours or flavours
Made with natural ingredients
Compostable tea bags

Estd. 1706 London
At Twinings, we have been blending and brewring the best of nature for over 300 years. 
Our master blenders and herbalists expertly select and blend the finest ingredients to enrich your wellbeing every day. ",,,,"Camomile (35%), Spearmint (35%), Blackberry Leaves, Lemongrass, Linden.",https://www.coles.com.au/product/twinings-chamomile-and-spearmint-herbal-infusions-tea-bags-10-pack-15g-8117238,,,2024-06-16T15:12:59.807663-04:00
Ind53SColes_ADrinks_SATea_ITetley Classic Chai Latte Tea Sachets 8 pack | 200g,Tetley Classic Chai Latte Tea Sachets 8 pack | 200g,Tetley,Drinks,Tea,Chai,,$6.70,,,$0.84 per 1ea,8797573,,,,,,https://www.coles.com.au/product/tetley-classic-chai-latte-tea-sachets-8-pack-200g-8797573,,,2024-06-16T15:13:08.970690-04:00
Ind53SColes_ADrinks_SATea_ILipton English Breakfast Black Tea Bags | 100 pack,Lipton English Breakfast Black Tea Bags | 100 pack,Lipton,Drinks,Tea,Black,,$3.50,,$7.00,$0.04 per 1ea,3081315,"Lipton English Breakfast awakens your senses with this deliciously satisfying blend of rich and robust tea. Rich and Robust flavour in every rich cup of English Breakfast.

Say hello to the mornings and awaken your senses with this deliciously satisfying blend of rich and robust tea leaves from our own sustainable tea gardens in Kenya, Tanzania and more.

The world's full of wonder, embrace the bright heart of it with Lipton tea. Made with top sun-ripened tea leaves, freshly picked for their brightening, bold and aromatic flavour.

A sunny sip to awaken you to what the world has to offer to awaken you to the things that really matter.

Natural antioxidant

Low-caloric drink

Healthy Authentic taste

200 packs",,,,Black Tea,https://www.coles.com.au/product/lipton-english-breakfast-black-tea-bags-100-pack-3081315,,,2024-06-16T15:13:18.227289-04:00
Ind53SColes_ADrinks_SATea_IQueen Victoria English Breakfast Extra Strong Tea Bags | 100 pack,Queen Victoria English Breakfast Extra Strong Tea Bags | 100 pack,Queen Victoria,Drinks,Tea,Black,,$5.50,,$11.00,$0.06 per 1ea,3984766,"Queen Victoria Teas are a noble range of high-quality teas celebrating the time honoured tea traditions dating back to the English aristocrats of the eighteenth century.
A richer variation to our classic English Breakfast tea, this blend has an added intensity to deliver an even bolder cup.
100 Tea Bags.",,,,,https://www.coles.com.au/product/queen-victoria-english-breakfast-extra-strong-tea-bags-100-pack-3984766,,,2024-06-16T15:13:27.345236-04:00
Ind53SColes_ADrinks_SATea_IQueen Victoria Lemon & Ginger Tea Bags | 50 pack,Queen Victoria Lemon & Ginger Tea Bags | 50 pack,Queen Victoria,Drinks,Tea,Herbal,,$6.00,,,$0.12 per 1ea,3984733,"Queen Victoria Teas are a noble range of high-quality teas celebrating the time honoured tea traditions dating back to the English aristocrats of the eighteenth century.
A calming, naturally caffeine-free blend that is rich in antioxidants, combining zesty lemon with ginger spiciness.
50 Tea Bags.",,,,,https://www.coles.com.au/product/queen-victoria-lemon-and-ginger-tea-bags-50-pack-3984733,,,2024-06-16T15:13:37.624598-04:00
Ind53SColes_ADrinks_SATea_ITwinings Earl Grey Loose Leaf Tea | 125g,Twinings Earl Grey Loose Leaf Tea | 125g,Twinings,Drinks,Tea,Loose leaf,,$7.50,,,$6.00 per 100g,344575,"Black tea with added citrus notes
Quality black tea

Estd. 1706 London
At Twinings, our master blenders have been blending quality teas for over 300 years. 
Each blend is created with the finest ingredients to deliver a superior experience in every cup.",,,,"Black Tea, Bergamot Flavour (1%).",https://www.coles.com.au/product/twinings-earl-grey-loose-leaf-tea-125g-344575,,,2024-06-16T15:13:46.594089-04:00
Ind53SColes_ADrinks_SATea_ITwinings Infused Camomile & Spiced Apple Tea Bags | 10 pack,Twinings Infused Camomile & Spiced Apple Tea Bags | 10 pack,Twinings,Drinks,Tea,Herbal,,$1.50,,$3.00,$0.15 per 1ea,2006121,"Ready and waiting to help you along your way...

Camomile & Spiced Apple is a delicate and soothing blend, pairing a subtle floral taste with the fragrant notes of sweet apple seasoned with cinnamon and cardamom. It's the perfect excuse for you to put your feet up, and goes hand-in-hand with a good book too!",,,,"Camomile, Apple Flavouring (16%), Cinnamon (11%), Cardamom (2%), Clove (2%).",https://www.coles.com.au/product/twinings-infused-camomile-and-spiced-apple-tea-bags-10-pack-2006121,,,2024-06-16T15:13:55.692801-04:00
Ind53SColes_ADrinks_SATea_IDilmah Extra Strength Premium Ceylon Tea Bags 50 Pack | 120g,Dilmah Extra Strength Premium Ceylon Tea Bags 50 Pack | 120g,Dilmah,Drinks,Tea,Black,,$4.80,,,$0.10 per 1ea,9505152,"Finely balanced richness, flavour, strength and aroma for the perfect cup of tea, with more tea per teabag for a stronger brew. Our Premium tea is sourced from a single origin; the central highlands of Sri Lanka, reputed for its brightness and medium strength. Pure Ceylon Broken Orange Pekoe (BOPF) produces a pleasing brew, ideal for everyday drinking. The Dilmah Premium Ceylon Tea range introduces tea lovers to the romance of real Ceylon tea. This Premium Ceylon Extra Strength Black Tea product consists of 50 tea bags.",,,,"Product of Sri Lanka. Pure Ceylon Black tea, no additives. All natural",https://www.coles.com.au/product/dilmah-extra-strength-premium-ceylon-tea-bags-50-pack-120g-9505152,,,2024-06-16T15:14:04.794183-04:00
Ind53SColes_ADrinks_SATea_IArkadia Spice Chai Tea Sachets 20 pack | 400g,Arkadia Spice Chai Tea Sachets 20 pack | 400g,Arkadia,Drinks,Tea,Chai,,$13.00,,,$0.65 per 1ea,3452610,"Our family has been crafting chai over 25 years, so you might say we know a thing or two about the perfect blend.
Warm up with a mug of Arkadia signature chai spice. Boldly fragrant and deliciously creamy, let our secret family recipe take you on a journey.
98% Fat Free when made according to directions using water or skim milk.
Contains no artificial colours, sweeteners or preservatives.",,,"Per 100g/ml
Per Serving
%DI
Energy
194kJ
372kJ
Protein
0.2g
0.4g
Total Fat
1.3g
2.4g
Saturated Fat
1.2g
2.4g
Carbohydrate
8.4g
16.2g
Sugars
6g
11.5g
Sodium
30mg
58mg
* Percentage Daily Intakes are based on an average adult diet of 8700 kJ. Your daily intakes may be higher or lower depending on your energy needs.",,https://www.coles.com.au/product/arkadia-spice-chai-tea-sachets-20-pack-400g-3452610,,,2024-06-16T15:14:16.146566-04:00
Ind53SColes_ADrinks_SABeverages_IQueen Victoria Earl Grey Tea Bags | 10 pack,Queen Victoria Earl Grey Tea Bags | 10 pack,Queen Victoria,Drinks,Beverages,Coffee & tea,,$1.20,,,"$0.12 per 1ea
Was $2.00 on Oct 2023",3984595,"Queen Victoria Teas are a noble range of high-quality teas celebrating the time honoured tea traditions dating back to the English aristocrats of the eighteenth century.
This quintessential British-style tea is infused with oil from the rind of bergamot orange creating a refreshing citrus flavour, with hints of orange, lemon, grapefruit and lime.
10 Enveloped Tea Bags.",,,,,https://www.coles.com.au/product/queen-victoria-earl-grey-tea-bags-10-pack-3984595,,,2024-06-16T15:14:26.087388-04:00
Ind53SColes_ADrinks_SABeverages_ITwinings Lemon & Ginger Infusions Tea Bags 40 pack | 60g,Twinings Lemon & Ginger Infusions Tea Bags 40 pack | 60g,Twinings,Drinks,Beverages,Coffee & tea,,$7.00,,,"$0.18 per 1ea
Was $8.50 on May 2024",6811221,"No added colours or artificial flavours
Made with natural ingredients
Compostable tea bags

At Twinings, we have been blending and brewing the best of nature for over 300 years. 
Our master blenders and herbalists expertly select and blend the finest ingredients to enrich your wellbeing every day. ",,,,"Ginger Root (39%), Lemon Flavour (20%), Lemongrass, Lemon Peel (10%), Blackberry Leaves, Acid (Citric Acid), Ginger Flavour (3.5%).",https://www.coles.com.au/product/twinings-lemon-and-ginger-infusions-tea-bags-40-pack-60g-6811221,,,2024-06-16T15:14:35.455554-04:00
Ind53SColes_ADrinks_SATea_IQueen Victoria Honey & Vanilla Camomile Tea Bags | 50 pack,Queen Victoria Honey & Vanilla Camomile Tea Bags | 50 pack,Queen Victoria,Drinks,Tea,Herbal,,$6.00,,,$0.12 per 1ea,3984711,"Queen Victoria Teas are a noble range of high-quality teas celebrating the time honoured tea traditions dating back to the English aristocrats of the eighteenth century.
We've crafted a soothing and mellow herbal tea blended with camomile and the naturally sweet flavours of vanilla and golden honey.
50 Tea Bags.",,,,,https://www.coles.com.au/product/queen-victoria-honey-and-vanilla-camomile-tea-bags-50-pack-3984711,,,2024-06-16T15:14:44.438990-04:00
Ind53SColes_ADrinks_SATea_IIto En Roasted Green Tea Hojicha | 20 pack,Ito En Roasted Green Tea Hojicha | 20 pack,Ito En,Drinks,Tea,Green,,$6.00,,,$0.30 per 1ea,4956788,"Roasted Green Tea (Hojicha)
The meaning of 'Hoji' is 'Roast' in Japanese. Roasting gives the Hojicha brew its characteristic nutty flavour, a distinctive aroma and its attractive amber colour.
This product only uses young Australian grown tea leaves in its traditional Japanese roasting process to deliver a mellow, delicate and yet exquisite flavour. The process also removes atringency and bitterness resulting in a smoother taste.",,,,Green Tea,https://www.coles.com.au/product/ito-en-roasted-green-tea-hojicha-20-pack-4956788,,,2024-06-16T15:14:54.280538-04:00
Ind53SColes_ADrinks_SABeverages_IQueen Victoria English Breakfast Extra Strong Tea Bags | 10 pack,Queen Victoria English Breakfast Extra Strong Tea Bags | 10 pack,Queen Victoria,Drinks,Beverages,Coffee & tea,,$1.20,,,"$0.12 per 1ea
Was $2.00 on Apr 2024",3984584,"Queen Victoria Teas are a noble range of high-quality teas celebrating the time honoured tea traditions dating back to the English aristocrats of the eighteenth century.
A richer variation to our classic English Breakfast tea, this blend has an added intensity to deliver an even bolder cup.
10 Enveloped Tea Bags.",,,,,https://www.coles.com.au/product/queen-victoria-english-breakfast-extra-strong-tea-bags-10-pack-3984584,,,2024-06-16T15:15:03.989032-04:00
Ind53SColes_ADrinks_SATea_ITwinings Earl Grey Tea Bags 100 pack | 200g,Twinings Earl Grey Tea Bags 100 pack | 200g,Twinings,Drinks,Tea,Black,,$13.50,,,$0.14 per 1ea,304763,"Black Tea with added Citrus notes
Quality black tea
Compostable tea bag

Estd. 1706 London
At Twinings, our master blenders have been blending quality teas for over 300 years. 
Each blend is created with the finest ingredients to deliver a superior experience in every cup. ",,,,"Black tea, Bergamot Flavours (3.5%).",https://www.coles.com.au/product/twinings-earl-grey-tea-bags-100-pack-200g-304763,,,2024-06-16T15:15:13.659729-04:00
Ind53SColes_ADrinks_SATea_IT2 Tummy Tea | 10 pack,T2 Tummy Tea | 10 pack,T2,Drinks,Tea,Herbal,,$7.50,,,$0.75 per 1ea,3987618,"A wonderful minty after-dinner treat with a sumptuously smooth and sweet aftertaste.

A little something yummy for your tummy! Here's a wonderful minty after-dinner treat with a sumptuously smooth and sweet aftertaste that'll linger well into the evening.
Marigold petals, fennel, peppermint, and liquorice root deliver balanced, sweet salvation.

Bright and smooth peppermint with lingering sweetness.

Great to soothe and aid in digestion.

Best brewed 3-5 minutes using freshly boiled water. Perfect on its own.

From fruits to spices, tea leaves to herb bushes, 100% of our tea is sustainably sourced. Our teabags are made from food-grade corn starch - they are compostable, too.",,,,"Peppermint, liquorice root fennel, marigold petals",https://www.coles.com.au/product/t2-tummy-tea-10-pack-3987618,,,2024-06-16T15:15:23.138605-04:00
Ind53SColes_ADrinks_SATea_IQueen Victoria Vanilla Chai Tea Bags | 100 pack,Queen Victoria Vanilla Chai Tea Bags | 100 pack,Queen Victoria,Drinks,Tea,Chai,,$5.50,,$11.00,$0.06 per 1ea,3984824,"Queen Victoria Teas are a noble range of high-quality teas celebrating the time honoured tea traditions dating back to the English aristocrats of the eighteenth century.
An aromatic blend of black teas, sweet chai spices and bourbon vanilla, this is a vibrant tea perfect to warm you on cost winter evenings.
100 Tea Bags.",,,,,https://www.coles.com.au/product/queen-victoria-vanilla-chai-tea-bags-100-pack-3984824,,,2024-06-16T15:15:32.081716-04:00
Ind53SColes_ADrinks_SABeverages_IArkadia Vanilla Chai Tea | 240g,Arkadia Vanilla Chai Tea | 240g,Arkadia,Drinks,Beverages,Coffee & tea,,$6.30,,,"$2.63 per 100g
Was $7.00 on Apr 2024",7490178,"Escape the everyday, the Arkadia way!
Our chai vanilla flavoured latte will take your senses on a journey. We've infused our signature secret recipe with the sweet flavour of vanilla, perfectly crafted to soothe your soul and sprinkle a little adventure into your day.
98% Fat Free when made according to directions using water or skim milk.
Contains no artificial colours, sweeteners or preservatives.
Made in Australia",,,"Per 100g/ml
Per Serving
%DI
Energy
185kJ
369kJ
Protein
0.2g
0.4g
Total Fat
1.2g
2.4g
Saturated Fat
1.2g
2.4g
Carbohydrate
7.9g
15.9g
Sugars
5.4g
10.9g
Sodium
29mg
59mg
* Percentage Daily Intakes are based on an average adult diet of 8700 kJ. Your daily intakes may be higher or lower depending on your energy needs.","Sugar, Glucose Syrup Solids, Vegetable Fat, Maltodextrin, Flavours, Instant Tea (3.5%), Milk Solids, Stabilisers (340,451,452), Emulsifiers (471, Soy Lecithin), Salt, Anticaking Agent (551).",https://www.coles.com.au/product/arkadia-vanilla-chai-tea-240g-7490178,,,2024-06-16T15:15:43.070944-04:00
Ind53SColes_ADrinks_SATea_IMadura English Breakfast Tea Bags 50 pack | 100g,Madura English Breakfast Tea Bags 50 pack | 100g,Madura,Drinks,Tea,Black,,$4.70,,$5.90,$0.09 per 1ea,5483943,"English Breakfast
A classic blend of pure Sri Lankan and Indian teas, crafted to produce a balanced fusion of colour and strength for which Madura English Breakfast tea is renowned. Particularly suited to affording a refreshing start to the day or to enjoy with light meals or snacks.
Highest awarded tea brand for taste in Australia

100% Australian owned and family operated - Brewing since 1978

At Madura Tea we grow, blend and pack to the highest Australian standards

Independently tested in Australia for purity and caffeine levels.",,,"Per 100g/ml
Per Serving
%DI
Energy
<0.06kJ
<0.15kJ
0
Protein
0g
0g
0
Total Fat
0g
0g
0
Saturated Fat
0g
0g
0
Carbohydrate
0g
0g
0
Sugars
0g
0g
0
Sodium
<0.05mg
<0.10mg
0
Monounsaturated
0
0
0
Energy (Cal)
0
0
0
Dietary Fibre (total)
0
0
0
Polyunsaturated
0
0
0
Trans
0
0
0
Caffeine
2.8g by Dry Weight
56mg by Dry Weight
0
* Percentage Daily Intakes are based on an average adult diet of 8700 kJ. Your daily intakes may be higher or lower depending on your energy needs.",,https://www.coles.com.au/product/madura-english-breakfast-tea-bags-50-pack-100g-5483943,,,2024-06-16T15:15:55.578182-04:00
Ind53SColes_ADrinks_SATea_IMadame Flavour Green Lychee Rose Pyramids | 15 pack,Madame Flavour Green Lychee Rose Pyramids | 15 pack,Madame,Drinks,Tea,Herbal,,,,,,8078395,,,,,,https://www.coles.com.au/product/madame-flavour-green-lychee-rose-pyramids-15-pack-8078395,,,2024-06-16T15:16:05.505372-04:00
Ind53SColes_ADrinks_SA_IMcvities Digestives Biscuits Milk Chocolate | 266g,Mcvities Digestives Biscuits Milk Chocolate | 266g,Mcvities,Drinks,,,,$2.20,,$4.40,$0.83 per 100g,5854739,Wheatmeal biscuits covered in milk chocolate,,,"Per 100g/ml
Per Serving
%DI
Energy
2070kJ
345kJ
Protein
6.7g
1.1g
Total Fat
23.6g
3.9g
Saturated Fat
12.4g
2.1g
Carbohydrate
62.5g
10.4g
Sugars
28.5g
4.7g
Sodium
400mg
67mg
* Percentage Daily Intakes are based on an average adult diet of 8700 kJ. Your daily intakes may be higher or lower depending on your energy needs.",,https://www.coles.com.au/product/mcvities-digestives-biscuits-milk-chocolate-266g-5854739,,,2024-06-16T15:16:17.479703-04:00
"Ind53SColes_ADrinks_SAJams, honey & spreads_ICapilano Pure Honey Squeeze | 500g",Capilano Pure Honey Squeeze | 500g,Capilano,Drinks,"Jams, honey & spreads",Honey,,$6.80,,$8.60,$1.36 per 100g,9247578,"A unique blend... our premium Classic Honey is a symphony of 100% pure, high quality Australian eucalyptus and ground flora honeys. Mild in flavour, this honey makes a perfect all-rounder for the family. Enjoy our Classic honey... as a natural sweetener, drizzled on toast, porridge and crumpets or swirled into a warm glass of water or a smoothie. Taste mild, golden flavour with a smooth, sweet finish.All Capilano product are packed in PET that is BPA-free.",,,"Per 100g/ml
Per Serving
%DI
Energy
1416
212
Protein
0.3
0.05
Carbohydrate
83.1
12.5
Sugars
82.5
12.4
Sodium
15
2.3
* Percentage Daily Intakes are based on an average adult diet of 8700 kJ. Your daily intakes may be higher or lower depending on your energy needs.",,https://www.coles.com.au/product/capilano-pure-honey-squeeze-500g-9247578,,,2024-06-16T15:16:29.503362-04:00
Ind53SColes_ADrinks_SATea_IDilmah 85 Reserve Royal Ceylon Breakfast | 10 pack,Dilmah 85 Reserve Royal Ceylon Breakfast | 10 pack,Dilmah,Drinks,Tea,Black,,,,,,8087807,,,,,,https://www.coles.com.au/product/dilmah-85-reserve-royal-ceylon-breakfast-10-pack-8087807,,,2024-06-16T15:16:38.206116-04:00
Ind53SColes_ADrinks_SATea_IPukka Morning Berry Tea Bags | 20 pack,Pukka Morning Berry Tea Bags | 20 pack,Pukka,Drinks,Tea,Herbal,,,,,,8059878,,,,,,https://www.coles.com.au/product/pukka-morning-berry-tea-bags-20-pack-8059878,,,2024-06-16T15:16:48.978474-04:00
Ind53SColes_ADrinks_SATea_IDilmah Pure Ceylon Jasmine Flavour Green Tea Bags 20 pack | 40g,Dilmah Pure Ceylon Jasmine Flavour Green Tea Bags 20 pack | 40g,Dilmah,Drinks,Tea,Green,,$5.20,,,$0.26 per 1ea,2601329,"100% pure single origin Ceylon green tea sourced from the Nuwara Eliya region. This Ceylon green tea is a bright and aromatic fusion with the flavour of natural jasmine. Jasmine has a sensual and calm fragrance, which is delicious in subtle combination with Ceylon Green tea. Gentle and floral with subtle sweetness from the Jasmine and a fresh, sensual finish.",,,,Product of Sri Lanka. 100% Pure Ceylon Green Tea,https://www.coles.com.au/product/dilmah-pure-ceylon-jasmine-flavour-green-tea-bags-20-pack-40g-2601329,,,2024-06-16T15:16:58.261024-04:00
Ind53SColes_ADrinks_SATea_ITwinings Ginger & Apple Infusions Tea Bags | 20g,Twinings Ginger & Apple Infusions Tea Bags | 20g,Twinings,Drinks,Tea,Herbal,,$1.50,,$3.00,$0.15 per 1ea,2384526,"Delightfully unexpected flavour sensation...
Blending the sweet flavour of ripe apples, with the warmth of ginger root, this Ginger & Apple herbal infusion is sure to excite and surprise. The subtle aroma and balanced flavour will tempt you at any time of day.

For more delightful herbal infusions, try our refreshing and invigorating Pure Peppermint.",,,,"White Hibiscus, Rosehip, Ginger (10%), Apple Pieces (8%), Apple Flavour (5%), Red Hibiscus, Lemon Peel, Roasted Chicory Root, Pear Flavour.",https://www.coles.com.au/product/twinings-ginger-and-apple-infusions-tea-bags-20g-2384526,,,2024-06-16T15:17:07.187686-04:00
Ind53SColes_ADrinks_SATea_ITetley Decaffeinated Green Tea Bags 50 pack | 87.5g,Tetley Decaffeinated Green Tea Bags 50 pack | 87.5g,Tetley,Drinks,Tea,Green,,$4.70,,,$0.09 per 1ea,6369740,"Move along folks. If You're looking for caffeine, you won't find it in this box of Tetley Decaf Green Tea.
We're through with it. Splitsville. Sayonara See you never. Nope, all you'll find in here is a refreshing green tea with a light, clean taste. Try some today. And soon enough, you'll be wondering what you were doing with caffeine in the first place.
Honestly Serene
Caffeine-free
Full of antioxidants
Healthy tasting cuppa",,,,100% Decaffeinated Green Tea.,https://www.coles.com.au/product/tetley-decaffeinated-green-tea-bags-50-pack-87.5g-6369740,,,2024-06-16T15:17:16.303089-04:00
Ind53SColes_ADrinks_SATea_IQueen Victoria English Breakfast Loose Leaf Tea | 125g,Queen Victoria English Breakfast Loose Leaf Tea | 125g,Queen Victoria,Drinks,Tea,Black,,$6.00,,,$4.80 per 100g,3984835,"Queen Victoria Teas are a noble range of high-quality teas celebrating the time honoured tea traditions dating back to the English aristocrats of the eighteenth century.
The British tradition of enjoying a blend of strong black teas at breakfast goes back centuries. Our classic English Breakfast tea is full-bodied, bright and bold, with a malted finish.
125g Loose Leaf",,,,,https://www.coles.com.au/product/queen-victoria-english-breakfast-loose-leaf-tea-125g-3984835,,,2024-06-16T15:17:25.178358-04:00
Ind53SColes_ADrinks_SATea_ITwinings Green Tea & Mint Tea Bags | 10 pack,Twinings Green Tea & Mint Tea Bags | 10 pack,Twinings,Drinks,Tea,Green,,$1.50,,$3.00,$0.15 per 1ea,4760130,"Add a fresh minty twist to your day...
We think that our Green Tea & Mint are perfectly matched. The mint softens the taste of green tea so it's deliciously light and refreshing. Perfect any time you want to bring a little moment of zen into your day.

In 1706, Thomas Twining started selling tea. More than 300 years on, the Twinings' tradition continues with our finest blends for you to enjoy every day.",,,,"Green Tea, Mint Flavour (11%), Peppermint (5%).",https://www.coles.com.au/product/twinings-green-tea-and-mint-tea-bags-10-pack-4760130,,,2024-06-16T15:17:34.101814-04:00
Ind53SColes_ADrinks_SATea_INerada Organics Pure Chai Tea Bags 50 pack | 92.5g,Nerada Organics Pure Chai Tea Bags 50 pack | 92.5g,Nerada,Drinks,Tea,Chai,,$5.10,,,$0.10 per 1ea,6378161,"Chai is a traditional blend of tea and various spices loved by many around the world for its rich and complex flavours. Our interpretation of this blend only uses the finest carefully selected organic tea and spices.
100% Natural Ingredients
We like to do things the natural way. That's why our deliciously refreshing teas & herbal infusions have been expertly created only using the finest organic ingredients from our trusted growing partners which makes them unique and delicious.",,,,,https://www.coles.com.au/product/nerada-organics-pure-chai-tea-bags-50-pack-92.5g-6378161,,,2024-06-16T15:17:43.144252-04:00
Ind53SColes_ADrinks_SATea_ITwinings Pure Camomile Infusions Tea Bags 80 pack | 96g,Twinings Pure Camomile Infusions Tea Bags 80 pack | 96g,Twinings,Drinks,Tea,Herbal,,$13.50,,,$0.17 per 1ea,2471325,"A moment's peace and quiet...

We think that a cup of our soothing, Pure Camomile is just what you need to bring about a little calm into your hectic day. So take a break to sip this gentle blend, enjoy the aroma and slow the pace of your day.

For more delightful herbal infusions, try our soothing and delicate Camomile, Honey & Vanilla. 

In 1706, Thomas Twining started selling tea. More than 300 years on, the Twinings' tradition continues with our finest blends for you to enjoy every day.",,,"Per 100g/ml
Per Serving
%DI
Energy
10kJ
20kJ
Protein
<1g
<1g
Total Fat
<1g
<1g
Saturated Fat
<1g
<1g
Carbohydrate
<1g
<1g
Sugars
<1g
<1g
Sodium
5mg
10mg
* Percentage Daily Intakes are based on an average adult diet of 8700 kJ. Your daily intakes may be higher or lower depending on your energy needs.",,https://www.coles.com.au/product/twinings-pure-camomile-infusions-tea-bags-80-pack-96g-2471325,,,2024-06-16T15:17:54.237685-04:00
Ind53SColes_ADrinks_SATea_ITwinings French Earl Grey Tea Bags | 80 pack,Twinings French Earl Grey Tea Bags | 80 pack,Twinings,Drinks,Tea,Black,,$13.50,,,$0.17 per 1ea,6253712,"Black tea with added floral notes
Quality black tea
Hint of vanilla
Compostable tea bags

Estd. 1706 London
At Twinings, our master blenders have been blending quality teas for over 300 years. 
Each blend is created with the finest ingredients to deliver a superior experience in every cup.",,,,"Black Tea, Vanilla Flavour (6%), Bergamot Flavour (4%), Rose Petals (3%), Lavender (1%), Lemon Flavour.",https://www.coles.com.au/product/twinings-french-earl-grey-tea-bags-80-pack-6253712,,,2024-06-16T15:18:04.113397-04:00
Ind53SColes_ADrinks_SATea_ITwinings Livewell Metabolism + Zinc Tea Bag | 20 pack,Twinings Livewell Metabolism + Zinc Tea Bag | 20 pack,Twinings,Drinks,Tea,Herbal,,$4.25,,$8.50,$0.21 per 1ea,6264515,"Living well should taste as good as it makes you feel. 

That's why we carefully select the finest ingredients to create a range of drinks that help make daily wellbeing deliciously enjoyable. 

Metabolism

We all strive to feel confident and energised every day which is the inspiration behind this carefully crafted blend.

A combination of herbal ingredients including peppermint, green tea, ginger and cinnamon create a refreshing and invigorating blend with added Zinc contributing to your normal macronutrient metabolism.

Sourced With Care
Twinings of London

At Twinings, we recognise our responsibility to source ethically and our ability to act as a force for good by improving conditions in our supply chain. 

Our Sourced with Care programme aims to do just that. Everyone has the right to a decent quality of life and we work to make this a reality in the communities from which we source our materials. Our programmes empower women, enable better access to water and sanitation, and improve livelihoods in the communities in our supply chain. 

Find out more at www.sourcedwithcare.com

Here's four tips you can incorporate into your day to maintain overall health and support metabolic wellness: 

1. Select foods for their good nutrition and taste
2. Don't starve your body of food when you get those hunger cues
3. Fuel your body with enough sleep and water every day
4. Support your health and wellness rituals with a Twinings Live Well Metabolism tea",,,"Per 100g/ml
Per Serving
%DI
Energy
3kJ
7kJ
0
Protein
<1g
<1g
0
Total Fat
<1g
<1g
0
Saturated Fat
<1g
<1g
0
Carbohydrate
<1g
<1g
0
Sugars
<1g
<1g
0
Sodium
<5mg
<5mg
0
Monounsaturated
0
0
0
Energy (Cal)
0
0
0
Dietary Fibre (total)
0
0
0
Polyunsaturated
0
0
0
Trans
0
0
0
* Percentage Daily Intakes are based on an average adult diet of 8700 kJ. Your daily intakes may be higher or lower depending on your energy needs.","Peppermint (36%), Green Tea (36%), Nettle (8%), Ginger Root (5%), Natural Peppermint Flavouring (5%), Natural Flavourings, Cinnamon Bark (3%), Mineral (Zinc).",https://www.coles.com.au/product/twinings-livewell-metabolism-+-zinc-tea-bag-20-pack-6264515,,,2024-06-16T15:18:15.309582-04:00
