idx,name,brand,aisle,subaisle,subsubaisle,size,price,multi_price,old_price,pricePerUnit,itemNum,description,serving,img_urls,item_label,item_ingredients,url,SKU,UPC,timeStamp
Ind55SColes_ADrinks_SACoffee Drinks_ICaffe Aurora Italian Blend Ground Coffee | 1kg,Caffe Aurora Italian Blend Ground Coffee | 1kg,Caffe Aurora,Drinks,Coffee Drinks,Coffee Ground,,$19.00,,,$1.90 per 100g,4824404,"Boasting a strong, well-rounded flavour, Caffe Aurora Italian Blend is a dark roast that has been expertly crafted with the espresso drinker in mind. An intense, full-bodied cup producing an authentic Italian-style coffee. Tasting Notes: Dark Chocolate, Smokey",,,,,https://www.coles.com.au/product/caffe-aurora-italian-blend-ground-coffee-1kg-4824404,,,2024-06-16T00:55:53.012221-04:00
Ind55SColes_ADrinks_SACoffee Drinks_ISt Ali Italo Disco Coffee Beans | 500g,St Ali Italo Disco Coffee Beans | 500g,St Ali,Drinks,Coffee Drinks,Beans Coffee,,$35.00,,,$7.00 per 100g,4823445,"The Euro holiday may be over but you can drink your coffee like you're still on it.
Italo Disco brings a taste of Italy to your morning brew. Bridging tradition and innovation, it honours Italian espresso heritage while boasting specialty roasting.
A dark yet smooth blend rich full of flavour.",,,,Roasted Whole Coffee Beans,https://www.coles.com.au/product/st-ali-italo-disco-coffee-beans-500g-4823445,,,2024-06-16T00:58:33.219317-04:00
Ind55SColes_ADrinks_SACoffee_IVittoria Freeze Dried Latte Instant Coffee | 400g,Vittoria Freeze Dried Latte Instant Coffee | 400g,Vittoria,Drinks,Coffee,Instant Coffee,,$37.00,Pick any 2 for $36,,$9.25 per 100g,4824379,A medium-dark roast of 100% freeze dried Arabica beans. Latte has been specifically blended to drink with milk. The word 'latte' is derived from the traditional Italian term 'Caffe Latte' which translates to 'Milk Coffee',,,,100% Arabica Freeze Dried Instant Coffee,https://www.coles.com.au/product/vittoria-freeze-dried-latte-instant-coffee-400g-4824379,,,2024-06-16T00:58:42.526218-04:00
Ind55SColes_ADrinks_SABeverages_IMoccona Classic Dark Roast Instant Coffee | 400g,Moccona Classic Dark Roast Instant Coffee | 400g,Moccona,Drinks,Beverages,Coffee & tea,,$22.00,,,"$5.50 per 100g
Was $28.00 on Jun 2024",6835015,"The perfect coffee to enjoy every day.

The heritage behind Moccona was born half a world away in the quaint Netherlands' village of Joure in 1753. Originally sold in delicatessens and small specialty stores, it symbolised the little indulgence from Europe that added to the pleasures of everyday.

Known for its premium taste and elegant glass jar, Moccona has become a much-loved classic in homes all over Australia.

Moccona blends are created by bringing together the world's finest beans: Arabica and the Robusta. The Arabica has a softer sweeter taste with berry and fruit tones while the Robusta bean has a deep rich flavour.

Together they bring the magical blend and character you expect from the perfect cup of coffee. Every time you smell the aroma of Moccona, you'll be reminded of the great passion that drives us to create moments of pure indulgence - just for you.

Experience the rich taste of Moccona Classic Dark Roast.

Its bold, full-bodied flavour and intense aroma make it the perfect coffee to enjoy everyday.

At Moccona, we care about coffee, the people who grow it and the planet it comes from.

Working together with our preferred partners like UTZ Certified, we help farmers prosper and help to preserve the environment.",,,,100% coffee beans.,https://www.coles.com.au/product/moccona-classic-dark-roast-instant-coffee-400g-6835015,,,2024-06-16T00:58:51.342996-04:00
Ind55SColes_ADrinks_SACoffee_IVittoria Espresso Ground Coffee | 200g,Vittoria Espresso Ground Coffee | 200g,Vittoria,Drinks,Coffee,Ground coffee,,$6.00,,$10.00,$3.00 per 100g,397447,"Vittoria's original and iconic blend, Espresso has remained unchanged for over 50 years. This blend of 100% Arabica coffee beans is darkly roasted to deliver the strong flavour of traditional Italian espresso.
Blend: 100% Arabica
Roast: Medium to Dark
Origins: Central and South America
Tasting Notes: Honey, Toasty
Best brewed with: Filter machines, stove top brewers, plungers & pour overs",,,,,https://www.coles.com.au/product/vittoria-espresso-ground-coffee-200g-397447,,,2024-06-16T00:59:00.536379-04:00
Ind55SColes_ADrinks_SABeverages_IVittoria Espressotoria Espresso Coffee Capsules 12 pack | 78g,Vittoria Espressotoria Espresso Coffee Capsules 12 pack | 78g,Vittoria,Drinks,Beverages,Coffee & tea,,$5.00,,,"$0.42 per 1ea
Was $10.00 on Apr 2024",1825885,"Vittoria Espresso is the original Vittoria blend first created over 60 years ago. This iconic blend of 100% Arabica coffee beans is a dark roast delivering a smooth, strong flavour of traditional Italian espresso.
100% Arabica - Blend
Best Served: Espresso, With Milk
Tasting Notes: Honey, Toasty
Origins: Central and South America
Intensity: 14
Compatible with: Espressotoria System coffee capsule machines",,,,,https://www.coles.com.au/product/vittoria-espressotoria-espresso-coffee-capsules-12-pack-78g-1825885,,,2024-06-16T00:59:09.961233-04:00
Ind55SColes_ADrinks_SACoffee_IRobert Timms Decaffeinated Coffee Bags 105g | 18 pack,Robert Timms Decaffeinated Coffee Bags 105g | 18 pack,Robert Timms,Drinks,Coffee,Instant Coffee,,$10.00,,,$0.56 per 1ea,6415064,"A delicious full bodied, extra dark roast decaffeinated coffee with light spice and berry notes for your enjoyment.",,,,coffee,https://www.coles.com.au/product/robert-timms-decaffeinated-coffee-bags-105g-18-pack-6415064,,,2024-06-16T00:59:18.665862-04:00
Ind55SColes_ADrinks_SA_IVittoria Italian Nespresso Compatible Coffee Capsules | 20 pack,Vittoria Italian Nespresso Compatible Coffee Capsules | 20 pack,Vittoria,Drinks,,,,$9.00,,,"$0.45 per 1ea
Was $13.00 on Apr 2024",4151960,"Vittoria Italian blend is a medium roast of 100% Arabica coffee beans from Central and South America with a balanced body and taste. Italian blend is a milder cup compared to darker roasts like Vittoria Espresso.
100% Arabica - Blend
Best Served: Espresso, With Milk
Tasting Notes: Raisin, Pear, Almond
Origins: Central and South America
Intensity: 11
Compatible with: Nespresso* Original Machines
Australian Made: Our aluminium capsules are roasted and packed locally in Australia for optimal freshness.
By purchasing this product and other Vittoria packs bearing the OzHarvest mark you're helping to eliminate food waste and feed vulnerable Australians. For every kilo of coffee prepared for this pack, Vittoria donates $1 to OzHarvest which enables them to deliver two meals to people in need.
*Nespresso is a trademark of Societe des Produits Nestle SA. Neither that company nor its affiliates have manufactured or endorsed this product in any way and have no association to Vittoria Food & Beverage or the Vittoria Coffee brand. Compatible with Nespresso original machines (not compatible with the Vertuo System).",,,,,https://www.coles.com.au/product/vittoria-italian-nespresso-compatible-coffee-capsules-20-pack-4151960,,,2024-06-16T00:59:27.590507-04:00
Ind55SColes_ADrinks_SACoffee_IMoccona Classic Dark Roast Instant Coffee | 200g,Moccona Classic Dark Roast Instant Coffee | 200g,Moccona,Drinks,Coffee,Instant Coffee,,$16.00,,,$8.00 per 100g,5018863,"The perfect coffee to enjoy every day.

The heritage behind Moccona was born half a world away in the quaint Netherlands' village of Joure in 1753. Originally sold in delicatessens and small specialty stores, it symbolised the little indulgence from Europe that added to the pleasures of everyday.

Known for its premium taste and elegant glass jar, Moccona has become a much-loved classic in homes all over Australia.

Moccona blends are created by bringing together the world's finest beans: Arabica and the Robusta. The Arabica has a softer sweeter taste with berry and fruit tones while the Robusta bean has a deep rich flavour.

Together they bring the magical blend and character you expect from the perfect cup of coffee. Every time you smell the aroma of Moccona, you'll be reminded of the great passion that drives us to create moments of pure indulgence - just for you.

Experience the rich taste of Moccona Classic Dark Roast.

Its bold, full-bodied flavour and intense aroma make it the perfect coffee to enjoy everyday.

At Moccona, we care about coffee, the people who grow it and the planet it comes from.

Working together with our preferred partners like UTZ Certified, we help farmers prosper and help to preserve the environment.",,,,100% Coffee beans.,https://www.coles.com.au/product/moccona-classic-dark-roast-instant-coffee-200g-5018863,,,2024-06-16T00:59:36.524098-04:00
Ind55SColes_ADrinks_SACoffee_IL'Or Espresso Onyx Capsules 208g | 40 pack,L'Or Espresso Onyx Capsules 208g | 40 pack,LOr,Drinks,Coffee,Capsules,,$22.00,,,$0.55 per 1ea,4501267,"Notes of chocolate and spicy bitter cocoa flavours are layered with a lingering aftertaste. Coffee's darkest character - roasted and extreme.

Blended by L'OR Coffee Artists
Dark, smoky and intense ground coffee in single-dose capsules

Ideal preparation is espresso (40mL)

Compatible with L'OR Barista and Nespresso* original coffee machines

100% Rainforest Alliance certified coffee beans

100% recyclable capsules via partnership with Terracycle",,,,,https://www.coles.com.au/product/l'or-espresso-onyx-capsules-208g-40-pack-4501267,,,2024-06-16T00:59:46.514054-04:00
Ind55SColes_ADrinks_SACoffee_ILavazza Tales Of Italy Alluring Napoli Ground Coffee | 250g,Lavazza Tales Of Italy Alluring Napoli Ground Coffee | 250g,Lavazza,Drinks,Coffee,Ground coffee,,$14.00,,,$5.60 per 100g,6277776,"Explore the coffee stories of the most iconic and authentic Italian cities.
Roasted right here in Australia, Lavazza Alluring Napoli is a superior blend composed of Brazilian Arabica and prestigious Robusta Conillon, distinguished by the intensity of a long roast and notes of toasted cereals and caramel.
Intensity: 7/10
Aroma: Chocolate & Caramel
Roast: Dark
Blend: Brazilian Arabica & Prestigious Robusta Conillon
Origin: South America",,,,,https://www.coles.com.au/product/lavazza-tales-of-italy-alluring-napoli-ground-coffee-250g-6277776,,,2024-06-16T00:59:55.239355-04:00
Ind55SColes_ADrinks_SACoffee_INescafe Gold 98% Sugar Free Vanilla Malt Latte Sachets | 10 pack,Nescafe Gold 98% Sugar Free Vanilla Malt Latte Sachets | 10 pack,Nescafe,Drinks,Coffee,Coffee mixes,,$7.60,,,$0.76 per 1ea,6316594,"Reignite the spark with this twist on an old school classic. NESCAFE 98% Sugar Free* Vanilla Malt Latte is a warming blend of creamy coffee, smooth vanilla and toasty malt flavours - the perfect campfire companion. Get adventurous with this frothy favourite! With a delectable layer of velvety froth and quality coffee, enjoy a cafe style latte and treat yourself at any time in the comfort of your own home. All you need to do is add hot water and give it a good stir. The result is a delightfully creamy coffee that you can enjoy from the first to the last sip. So whatever you're up to, Now's good for a deliciously creamy NESCAFE 98% SUGAR FREE VANILLA MALT LATTE. If you love this, try the rest of our delicious range.
Available in 10 sachets per pack.

We go beyond the cup. We're committed to sustainable sourcing and packaging so our coffee not only tastes good but also does good. Our coffee beans are roasted right here in Australia and 100% sustainably sourced.

We've also made the commitment to convert all of our packaging to 100% recyclable by 2025.",,,"Per 100g/ml
Per Serving
%DI
Energy
140 kJ
210 kJ As Prepared
2%
Protein
1 g
1 g As Prepared
1%
Total Fat
1.3 g
3%
Saturated Fat
1.1 g
1.7 g As Prepared
7%
Carbohydrate
3 g
4.6 g As Prepared
1%
Sugars
1 g
1.6 g As Prepared
2%
Sodium
65 mg
95 mg As Prepared
4%
Dietary Fibre (total)
1 g
1 g As Prepared
2%
* Percentage Daily Intakes are based on an average adult diet of 8700 kJ. Your daily intakes may be higher or lower depending on your energy needs.",,https://www.coles.com.au/product/nescafe-gold-98percent-sugar-free-vanilla-malt-latte-sachets-10-pack-6316594,,,2024-06-16T01:00:06.756991-04:00
Ind55SColes_ADrinks_SACoffee_IVittoria Nespresso Compatible Capsules Variety Pack | 40 pack,Vittoria Nespresso Compatible Capsules Variety Pack | 40 pack,Vittoria,Drinks,Coffee,Capsules,,$21.00,,,$0.53 per 1ea,6345050,"Vittoria's Extra Strong Variety Pack is a collection of our strongest 100% Arabica capsule blends, including Italian, Latte, Mountain Grown and Espresso.",,,,,https://www.coles.com.au/product/vittoria-nespresso-compatible-capsules-variety-pack-40-pack-6345050,,,2024-06-16T01:00:16.187575-04:00
Ind55SColes_ADrinks_SACoffee_IJarrah Brazilian Cafe Latte Coffee | 250g,Jarrah Brazilian Cafe Latte Coffee | 250g,Jarrah,Drinks,Coffee,Coffee mixes,,$3.75,,$7.50,$1.50 per 100g,5436896,,,,,,https://www.coles.com.au/product/jarrah-brazilian-cafe-latte-coffee-250g-5436896,,,2024-06-16T01:00:26.480642-04:00
Ind55SColes_ADrinks_SACoffee_ILavazza Tales Of Italy Alluring Napoli Premium Coffee Beans | 500g,Lavazza Tales Of Italy Alluring Napoli Premium Coffee Beans | 500g,Lavazza,Drinks,Coffee,Coffee beans,,$25.00,,,$5.00 per 100g,6277834,"Explore the coffee stories of the most iconic and authentic Italian cities.

Roasted right here in Australia, Lavazza Alluring Napoli is a superior blend composed of Brazilian Arabica and prestigious Robusta Conillon, distinguished by the intensity of a long roast and notes of toasted cereals and caramel.

Intensity: 7/10
Aroma: Chocolate & Caramel
Roast: Dark
Blend: Brazilian Arabica & Prestigious Robusta Conillon
Origin: South America",,,,,https://www.coles.com.au/product/lavazza-tales-of-italy-alluring-napoli-premium-coffee-beans-500g-6277834,,,2024-06-16T01:00:35.669391-04:00
Ind55SColes_ADrinks_SACoffee_IVittoria Inca Peru Nespresso Compatible Coffee Capsules | 10 pack,Vittoria Inca Peru Nespresso Compatible Coffee Capsules | 10 pack,Vittoria,Drinks,Coffee,Capsules,,$4.50,,$7.50,$0.45 per 1ea,4204024,"This Vittoria Riserva blend features 100% Arabica beans from Brazil, Costa Rica and the mountainous Cajamarca, Chirinos and Cuzco regions of Peru. Vittoria sources the beans from farms Certified by the Rainforest Alliance as environmentally, socially and economically sustainable. Vittoria Inca Peru is a medium-dark roast that delivers a delicately balanced espresso, which tastes even sweeter with milk.
100% Arabica - Blend
Best Served: With Milk
Tasting Notes: Maple syrup, Roasted peanuts, Blossoms
Origins: Brazil, Costa Rica and the mountainous Cajamarca, Chirinos and Cuzco regions of Peru
Intensity: 15
Compatible with: Nespresso* Original Machines
Australian Made: Our aluminium capsules are roasted and packed locally in Australia for optimal freshness.
By purchasing this product and other Vittoria packs bearing the OzHarvest mark you're helping to eliminate food waste and feed vulnerable Australians. For every kilo of coffee prepared for this pack, Vittoria donates $1 to OzHarvest which enables them to deliver two meals to people in need.
*Nespresso is a trademark of Societe des Produits Nestle SA. Neither that company nor its affiliates have manufactured or endorsed this product in any way and have no association to Vittoria Food & Beverage or the Vittoria Coffee brand. Compatible with Nespresso original machines (not compatible with the Vertuo System).",,,,,https://www.coles.com.au/product/vittoria-inca-peru-nespresso-compatible-coffee-capsules-10-pack-4204024,,,2024-06-16T01:00:45.020181-04:00
Ind55SColes_ADrinks_SA_INescafe Blend 43 Espresso Instant Coffee | 150g,Nescafe Blend 43 Espresso Instant Coffee | 150g,Nescafe,Drinks,,,,$5.75,,$11.50,$3.83 per 100g,8229231,"Every cup you drink can make a difference.Embrace your bold side with the rich flavour of this dark roasted NESCAFE Blend 43 Espresso. A blend of 100% responsibly sourced Robusta and Arabica coffee beans that have been roasted darker to deliver an extra-rich, full-bodied taste. Perfect for those who prefer a more full-bodied coffee. Through using 100% responsibly sourced coffee beans in NESCAFE Blend 43, we are making a difference for coffee farmers, helping to improve their lands and livelihoods.We are making a difference by sourcing 100% renewable electricity and using coffee grounds left over from the brewing process to help power our NESCAFE factory in Gympie, Queensland. What makes a NESCAFE Blend 43 cup of coffee more enjoyable is that every time you enjoy a cup, you are not just enjoying your favourite cup of coffee, you are also making a difference.
Intensity score: 10 (Intense Roast)

- Roasted and blended right here in country Queensland, Australia.

- 100% of NESCAF BLEND 43 coffee beans are sustainably sourced.

- NESCAF BLEND 43 tin, caps and glass jars are 100% recyclable. Plus, 60% of the energy powering our NESCAF factory comes from renewable energy, including used coffee grounds.

- A 150g Jar is recyclable and makes approx. 88 cups of coffee based on 1.7g per cup. It's perfect for smaller households and the ideal companion for holidays or getaways.",,,,100% Natural Coffee Beans. Soluble Coffee.,https://www.coles.com.au/product/nescafe-blend-43-espresso-instant-coffee-150g-8229231,,,2024-06-16T01:00:55.162139-04:00
Ind55SColes_ADrinks_SACoffee_IStarbucks By Nespresso Compatible Capsules Blonde Espresso | 36 pack,Starbucks By Nespresso Compatible Capsules Blonde Espresso | 36 pack,Starbucks,Drinks,Coffee,Capsules,,$16.80,,,$0.47 per 1ea,6190281,"Nearly five decades of sourcing, blending and roasting brought us here: a second espresso that's boldly mellow. This special blend of beans from Latin America was carefully roasted to coax out sweet, vibrant notes. Soft and balanced, it highlights milk's sweeter side, making classic espresso drinks extra smooth without a roasty edge.

Years of focus and expertise have led to the STARBUCKS Roast Spectrum. Each coffee bean requires a unique balance of temperature and time to reach its individual peak of aroma, acidity, body and flavour.

Lighter-bodied and mellow, STARBUCKS BLONDE-roast coffees awaken the senses gently and deliver an approachable and flavourful cup with slight hints of light roast.

STARBUCKS coffee Pods by NESPRESSO, compatible with NESPRESSO coffee machines.
- STARBUCKS coffee Pods by NESPRESSO with smooth & sweet notes

- Intensity: 6

- Soft and mellow flavour, this is our lightest espresso roast

- Coffee Pods compatible with NESPRESSO coffee machines

- Enjoy STARBUCKS at home. The coffee you love without leaving the house

- This special blend of beans from Latin America was carefully roasted to bring out sweet, vibrant notes.

- Committed to 100% Ethical Coffee Sourcing in partnership with Conservation International.",,,,,https://www.coles.com.au/product/starbucks-by-nespresso-compatible-capsules-blonde-espresso-36-pack-6190281,,,2024-06-16T01:01:04.417368-04:00
Ind55SColes_ADrinks_SA_IDaley Street Intese / Extreme Aluminium Nespresso Compatible Coffee Capsules | 10 pack,Daley Street Intese / Extreme Aluminium Nespresso Compatible Coffee Capsules | 10 pack,Daley Street,Drinks,,,,$5.00,,,$0.50 per 1ea,4782100,"IN THE HEART OF INNER-CITY PRESTON, OUR MELBOURNE ROASTERS HAVE TAKEN THEIR PASSION FOR COFFEE TO DEVELOP A SUSTAINABLE, SPECIALTY BLEND. MADE WITH QUALITY COLUMBIAN, BRAZILIAN ARABICA, & VIETNAMESE ROBUSTA BEANS, DALEY ST IS READY FOR YOU TO SAVOUR AT HOME.",,,,,https://www.coles.com.au/product/daley-street-intese-extreme-aluminium-nespresso-compatible-coffee-capsules-10-pack-4782100,,,2024-06-16T01:01:14.171117-04:00
Ind55SColes_ADrinks_SACoffee_IStarbucks Medium House Blend Coffee Capsules By Nespresso 205g | 36 pack,Starbucks Medium House Blend Coffee Capsules By Nespresso 205g | 36 pack,Starbucks,Drinks,Coffee,Capsules,,$16.80,,,$0.47 per 1ea,4926674,"STARBUCKS by Nespresso House Blend Coffee Pods 36pkMedium RoastRich & Toffee NotesIntensity 8 Lungo (110ml) 100% ArabicaA blend of fine Latin American beans roasted to a glistening, dark chestnut colour. Loaded with flavour, balancing tastes of nut and cocoa, just a touch of sweetness from the roast. This coffee is our beginning, the very first blend we ever created for you back in 1971. A true reflection of us and a delicious cup of coffee, period. For Nespresso Machines.Committed to 100% Ethical Coffee Sourcing in partnership with Conservation International.
- STARBUCKS coffee Pods by NESPRESSO, rich with toffee notes

- Intensity: 8

- Aroma, body and flavour all in balance with tastes of nuts and cocoa

- Coffee Pods compatible with NESPRESSO Coffee Machines

- Enjoy STARBUCKS at home. The coffee you love without leaving the house

- A blend of fine Latin American beans roasted to a glistening, dark chestnut colour.

- Committed to 100% Ethical Coffee Sourcing in partnership with Conservation International.",,,,,https://www.coles.com.au/product/starbucks-medium-house-blend-coffee-capsules-by-nespresso-205g-36-pack-4926674,,,2024-06-16T01:01:23.425841-04:00
Ind55SColes_ADrinks_SACoffee_INescafe Blend 43 Instant Coffee | 500g,Nescafe Blend 43 Instant Coffee | 500g,Nescafe,Drinks,Coffee,Instant Coffee,,$26.00,,,$5.20 per 100g,202672,"Every cup you drink can make a difference. Creating the perfect cup of bold and smooth coffee NESCAFE Blend 43 is proudly made from 100% responsibly sourced coffee beans. We take care & craft in individually roasting our Bold Robusta & Smooth Arabica coffee beans, bringing out their unique flavour & aroma. They are then blended to create the perfect cup. Through using 100% responsibly sourced coffee beans in NESCAFE Blend 43, we are making a difference for coffee farmers, helping to improve their lands and livelihoods.We are making a difference by sourcing 100% renewable electricity and using coffee grounds left over from the brewing process to help power our NESCAFE factory in Gympie, Queensland. What makes a NESCAFE Blend 43 cup of coffee more enjoyable is that every time you enjoy a cup, you are not just enjoying your favourite cup of coffee, you are also making a difference.
Intensity Score: 5 (Medium Roast)

-Roasted and blended right here in country Queensland, Australia.

-100% of NESCAF BLEND 43 coffee beans are sustainably sourced.

-NESCAF BLEND 43 tin, caps and glass jars are 100% recyclable. Plus, 60% of the energy powering our NESCAF factory comes from renewable energy, including used coffee grounds.

-A 500g Tin makes 294 cups of coffee and is great value, perfect for the household or small office of coffee lovers and great for spaces where you want the safety of no glass.",,,,100% Natural Coffee Beans.,https://www.coles.com.au/product/nescafe-blend-43-instant-coffee-500g-202672,,,2024-06-16T01:01:32.872595-04:00
Ind55SColes_ADrinks_SACoffee_IAvalanche Caramel Sugar Free Coffee Sachets | 10 pack,Avalanche Caramel Sugar Free Coffee Sachets | 10 pack,Avalanche,Drinks,Coffee,Coffee mixes,,$4.40,,$5.50,$0.44 per 1ea,3631904,"Serenade your senses with our 99% Suagr Free Caramel Latte. Its the perfect balancing act; deliciously smooth, but 100% guilt free.",,,"Per 100g/ml
Per Serving
%DI
Energy
82
136
Protein
<1
1.1
Total Fat
<1
1.2
Saturated Fat
<1
1.2
Carbohydrate
2.2
3.7
Sugars
1
1.7
Sodium
45
74
Saturated
Less than 1g
1.2g
Energy (Cal)
20
32
Dietary Fibre (total)
<1
<1
Gluten
Not detected
Not detected
Erythritol
4.9g
8.1g
* Percentage Daily Intakes are based on an average adult diet of 8700 kJ. Your daily intakes may be higher or lower depending on your energy needs.",,https://www.coles.com.au/product/avalanche-caramel-sugar-free-coffee-sachets-10-pack-3631904,,,2024-06-16T01:01:43.995877-04:00
Ind55SColes_ADrinks_SACoffee_INescafe Farmers Origin Colombia Ncc Capsules | 10 pack,Nescafe Farmers Origin Colombia Ncc Capsules | 10 pack,Nescafe,Drinks,Coffee,Capsules,,$7.00,,,$0.70 per 1ea,6196620,"Farmers in Colombia's mountainous region are responsible for the exceptional coffee you get in NESCAFE Colombia Espresso. Colombia is not only one of the world's biggest coffee producers, but also known for delicious coffees. This exquisite blend brings you a taste of the region's classic fruity coffee character.",,,,contents: 10 Capsules of Roast and Ground Coffee for the Nespresso System.,https://www.coles.com.au/product/nescafe-farmers-origin-colombia-ncc-capsules-10-pack-6196620,,,2024-06-16T01:01:54.210712-04:00
Ind55SColes_ADrinks_SACoffee_ILavazza Medium Roast Smooth And Aromatic Coffee Beans | 1kg,Lavazza Medium Roast Smooth And Aromatic Coffee Beans | 1kg,Lavazza,Drinks,Coffee,Coffee beans,,$26.60,,$38.00,$2.66 per 100g,8967050,"Qualita Oro is a combination of 6 varieties of Arabica beans from Central & South America. The perfect symphony of taste you can enjoy every day, like every Italian family.

Qualita Oro is the very first Lavazza blend, created in 1956 by Luigi Lavazza in his small roasting lab in Turin, with a dark colour, velvety texture, notes of fruit and flowers.

Intensity: 5/10
Aroma: Fruity & Floral
Roast: Medium
Blend: 100% Arabica
Origin: Central & South America",,,,,https://www.coles.com.au/product/lavazza-medium-roast-smooth-and-aromatic-coffee-beans-1kg-8967050,,,2024-06-16T01:02:03.077691-04:00
Ind55SColes_ADrinks_SABeverages_IVittoria Espressotoria Italian Blend Coffee Capsules 12 pack | 78g,Vittoria Espressotoria Italian Blend Coffee Capsules 12 pack | 78g,Vittoria,Drinks,Beverages,Coffee & tea,,$5.00,,,"$0.42 per 1ea
Was $10.00 on Apr 2024",2279893,"Vittoria Italian blend is a medium roast of 100% Arabica coffee beans from Central and South America with a balanced body and taste. Italian blend is a milder cup compared to darker roasts like Vittoria Espresso.
100% Arabica - Blend
Best Served: Espresso, With Milk
Tasting Notes: Raisin, Pear, Almond
Origins: Central and South America
Intensity: 11
Compatible with: Espressotoria System coffee capsule machines",,,,,https://www.coles.com.au/product/vittoria-espressotoria-italian-blend-coffee-capsules-12-pack-78g-2279893,,,2024-06-16T01:02:12.854843-04:00
Ind55SColes_ADrinks_SACoffee_IVittoria Special Italian Blend Coffee Beans | 1kg,Vittoria Special Italian Blend Coffee Beans | 1kg,Vittoria,Drinks,Coffee,Coffee beans,,$20.00,,$24.00,$2.00 per 100g,443770,"Italian is one of Vittoria's original blends, reminiscent of Italian style coffee. Italian blend is a roast of 100% Arabica coffee beans with a medium body delivering a smooth finish with rich crema. Italian blend is perfect as a short black or with milk.
Blend: 100% Arabica
Roast: Medium
Tasting Notes: Honey & Toasty
Origins: Central and South America
Best Served as: Perfect as a short black or with milk",,,,,https://www.coles.com.au/product/vittoria-special-italian-blend-coffee-beans-1kg-443770,,,2024-06-16T01:02:23.032853-04:00
Ind55SColes_ADrinks_SACoffee_IVittoria Espresso Nespresso Compatible Coffee Capsules | 10 pack,Vittoria Espresso Nespresso Compatible Coffee Capsules | 10 pack,Vittoria,Drinks,Coffee,Capsules,,$4.50,,$7.50,$0.45 per 1ea,3984336,"Vittoria Espresso is the original Vittoria blend first created over 60 years ago. This iconic blend of 100% Arabica coffee beans is a dark roast delivering a smooth, strong flavour of traditional Italian espresso.
100% Arabica - Blend
Best Served: Espresso, With Milk
Tasting Notes: Honey, Toasty
Origins: Central and South America
Intensity: 14
Compatible with: Nespresso* Original Machines
Australian Made: Our aluminium capsules are roasted and packed locally in Australia for optimal freshness.
By purchasing this product and other Vittoria packs bearing the OzHarvest mark you're helping to eliminate food waste and feed vulnerable Australians. For every kilo of coffee prepared for this pack, Vittoria donates $1 to OzHarvest which enables them to deliver two meals to people in need.
*Nespresso is a trademark of Societe des Produits Nestle SA. Neither that company nor its affiliates have manufactured or endorsed this product in any way and have no association to Vittoria Food & Beverage or the Vittoria Coffee brand. Compatible with Nespresso original machines (not compatible with the Vertuo System).",,,,,https://www.coles.com.au/product/vittoria-espresso-nespresso-compatible-coffee-capsules-10-pack-3984336,,,2024-06-16T01:02:32.295684-04:00
Ind55SColes_ADrinks_SACoffee_IMilo Mocha Original | 8 pack,Milo Mocha Original | 8 pack,Milo,Drinks,Coffee,Coffee mixes,,$7.60,,,$0.95 per 1ea,8059787,,,,"Per 100g/ml
Per Serving
%DI
Energy
175 kJ
260 kJ as prepared
3%
Protein
1.1 g
1.7 g as prepared
3%
Total Fat
1 g
1%
Saturated Fat
1 g
1 g as prepared
2%
Carbohydrate
8.7 g
13.1 g as prepared
4%
Sugars
5.5 g
8.3 g as prepared
9%
Sodium
63 mg
95 mg as prepared
4%
* Percentage Daily Intakes are based on an average adult diet of 8700 kJ. Your daily intakes may be higher or lower depending on your energy needs.","Formulated Supplementary Food Base: Milo (50%) [Extract of Malt Barley , Milk Solids, Sugar, Cocoa#, Vegetable Oil, Choc Malt Blend ( Soy ), Minerals (Calcium, Iron), Maltodextrin (Corn), Vitamins (C, B3, B6, B2, D, B12), Flavour] , Sugar, Milk Solids, Polydextrose, Soluble Coffee (4.5%), Glucose Syrup, Vegetable Oil, Salt, Thickener (466), Flavours, Stabiliser (339).",https://www.coles.com.au/product/milo-mocha-original-8-pack-8059787,,,2024-06-16T01:02:44.212510-04:00
Ind55SColes_ADrinks_SACoffee_IVittoria Mountain Grown Ground Coffee | 500g,Vittoria Mountain Grown Ground Coffee | 500g,Vittoria,Drinks,Coffee,Ground coffee,,$16.00,,$24.00,$3.20 per 100g,3984380,"One of Vittoria's premium blends, Mountain Grown is a full-strength coffee with a full rich flavour and a delicate finish. A 100% premium Arabica blend of high-altitude coffee beans gives a fine espresso taste whether served as an espresso or with milk.

Blend: 100% Arabica

Roast: Dark

Origins: Central and South America

Tasting Notes: Caramel, Dark chocolate, Smokey, Toasty

Best brewed with: Filter machines, stove top brewers, plungers & pour overs",,,,,https://www.coles.com.au/product/vittoria-mountain-grown-ground-coffee-500g-3984380,,,2024-06-16T01:02:53.528209-04:00
Ind55SColes_ADrinks_SACoffee_IVittoria Latte Nespresso Compatible Coffee Capsules | 10 pack,Vittoria Latte Nespresso Compatible Coffee Capsules | 10 pack,Vittoria,Drinks,Coffee,Capsules,,$4.50,,$7.50,$0.45 per 1ea,3984347,"A medium-dark roast of 100% Arabica beans from Central and South America, Vittoria Latte has been specifically blended to drink with milk. The word 'latte' is derived from the traditional Italian term 'Caffe Latte' which translates to 'Milk Coffee'. This blend delivers a clean, medium bodied cup with a slightly sweet caramel-like aftertaste.
100% Arabica - Blend
Best Served: With Milk
Tasting Notes: Milk chocolate, Caramel, Toffee
Origins: Central and South America
Intensity: 12
Compatible with: Nespresso* Original Machines
Australian Made: Our aluminium capsules are roasted and packed locally in Australia for optimal freshness
By purchasing this product and other Vittoria packs bearing the OzHarvest mark you're helping to eliminate food waste and feed vulnerable Australians. For every kilo of coffee prepared for this pack, Vittoria donates $1 to OzHarvest which enables them to deliver two meals to people in need.
*Nespresso is a trademark of Societe des Produits Nestle SA. Neither that company nor its affiliates have manufactured or endorsed this product in any way and have no association to Vittoria Food & Beverage or the Vittoria Coffee brand. Compatible with Nespresso original machines (not compatible with the Vertuo System).",,,,,https://www.coles.com.au/product/vittoria-latte-nespresso-compatible-coffee-capsules-10-pack-3984347,,,2024-06-16T01:03:02.549919-04:00
Ind55SColes_ADrinks_SACoffee_IGrinders Rich Espresso Ground Coffee Slim Bag | 200g,Grinders Rich Espresso Ground Coffee Slim Bag | 200g,Grinders,Drinks,Coffee,Ground coffee,,,,,,8059652,"Enjoy our vibrant and chocolatey Rich Espresso blend, crafted by our master roaster with notes of dark chocolate and raisins.
Tasting Notes: Flavours of dried raisins, dark cocoa and malt, providing medium sweetness and a smooth after-taste. Beautifully balanced in body and acidity.

Aroma: The initial aroma is one of light floral and chocolate notes.

Roast: Medium - Dark Roast.

From crop to cup, we are about creating a better coffee that's more sustainable for everyone to enjoy. Made from 100% Rainforest Alliance sourced beans.

Nothing but freshly roasted, 100% ethically certified coffee.",,,,,https://www.coles.com.au/product/grinders-rich-espresso-ground-coffee-slim-bag-200g-8059652,,,2024-06-16T01:03:12.886344-04:00
Ind55SColes_ADrinks_SACoffee_IL'OR Espresso Colombia Intensity 8 Coffee Capsules 52g | 10 pack,L'OR Espresso Colombia Intensity 8 Coffee Capsules 52g | 10 pack,LOR,Drinks,Coffee,Capsules,,$5.50,,$7.50,$0.55 per 1ea,2951091,"A smooth and sweet blend that is as warm and welcoming as lush Colombia. Citrus fruit notes give way to complexity at the core and an elegant aftertaste.

Blended by L'OR Coffee Artists.
Smooth, sweet and fruity ground coffee in single-dose capsules

Ideal preparation is espresso (40mL)

Compatible with L'OR Barista and Nespresso* original coffee machines

100% Rainforest Alliance certified coffee beans

100% recyclable capsules via partnership with Terracycle",,,,,https://www.coles.com.au/product/l'or-espresso-colombia-intensity-8-coffee-capsules-52g-10-pack-2951091,,,2024-06-16T01:03:22.020244-04:00
Ind55SColes_ADrinks_SABeverages_ILavazza Prontissimo Intenso Premium Instant Coffee | 95g,Lavazza Prontissimo Intenso Premium Instant Coffee | 95g,Lavazza,Drinks,Beverages,Coffee & tea,,$8.25,,,"$8.68 per 100g
Was $11.00 on Apr 2024",2840750,"Lavazza Prontissimo Intenso is a full-bodied extraordinary blend with dark cream, lingering flavour and decisive aroma. A strong, dark and full-bodied roast, also suitable for hot milk. This amber cream and dark colour coffee have a full and intense taste with distinct notes of toasted coffee. Intensity: 5 Delicate.
- Full-bodied extraordinary blend with dark cream
- Full and intense taste
- Enveloping distinct notes of toasted coffee
- Amber cream and dark colour
- Premium coffee to enjoy at any time of the day",,,,"Instant Coffee (90%), Roasted Ground Coffee (10%)",https://www.coles.com.au/product/lavazza-prontissimo-intenso-premium-instant-coffee-95g-2840750,,,2024-06-16T01:03:31.646385-04:00
Ind55SColes_ADrinks_SACoffee_IMoccona French Style Smooth & Rounded Instant Coffee | 200g,Moccona French Style Smooth & Rounded Instant Coffee | 200g,Moccona,Drinks,Coffee,Instant Coffee,,$16.00,,,$8.00 per 100g,7479324,"French Style.

Smooth & Rounded.

Inspired by France, enjoy a delicate and aromatic freeze dried coffee.

At Moccona we care about coffee, the people who grow it and the planet it comes from.

Working together with our preferred partners like UTZ Certified, we help farmers prosper and help to preserve the environment.",,,,100% Coffee beans.,https://www.coles.com.au/product/moccona-french-style-smooth-and-rounded-instant-coffee-200g-7479324,,,2024-06-16T01:03:40.973125-04:00
Ind55SColes_ADrinks_SACoffee_IGrinders Cafe Q Cremello Coffee Beans | 500g,Grinders Cafe Q Cremello Coffee Beans | 500g,Grinders Cafe,Drinks,Coffee,Coffee beans,,$13.00,,$26.00,$2.60 per 100g,6331113,"Grinders Coffee Roasters, crafted by Master Roasters. Since 1962 we have been delivering quality coffee with passion and expertise.

Grinders Coffee Cafe-Q Beans Cremello has been specially selected, batch roasted and blended by our Grinders Master Roaster for a cafe-quality coffee at home. The blend is well-rounded and versatile and has a  sweet flavour profile with nut, milk chocolate, and caramel notes.
Blend: 100% imported green coffee beans roasted and packed in Australia

Roast: Medium

Origins: 100% imported green coffee beans roasted and packed in Australia

Tasting Notes: Milk chocolate, Caramel, Nutty

Best Brewed: Espresso machine or grind accordingly for other preparations",,,,100% imported green coffee beans roasted and packed in Australia,https://www.coles.com.au/product/grinders-cafe-q-cremello-coffee-beans-500g-6331113,,,2024-06-16T01:03:51.131435-04:00
Ind55SColes_ADrinks_SACoffee_IBean Ground & Drunk Organic Classic Medium Roast Fairtrade Coffee | 250g,Bean Ground & Drunk Organic Classic Medium Roast Fairtrade Coffee | 250g,Bean Ground&Drunk,Drinks,Coffee,Ground coffee,,$8.40,,$10.50,$3.36 per 100g,3208290,"Roast Profile: Medium
Strength: Medium
Taste Profile
Velvety smooth, rich and well balanced with a vibrant floral aroma. Bright stone fruit flavours carry through in the espresso to finish nutty on the palate. Earthy notes are pronounced with cacao and sweet caramel prevailing.",,,,"PERU,ETHIOPIA",https://www.coles.com.au/product/bean-ground-and-drunk-organic-classic-medium-roast-fairtrade-coffee-250g-3208290,,,2024-06-16T01:04:01.342554-04:00
Ind55SColes_ADrinks_SACoffee_IL'or Onyx Coffee Beans | 500g,L'or Onyx Coffee Beans | 500g,Lor,Drinks,Coffee,Coffee beans,,,,,,8057657,"Stimulate your senses with L'OR Espresso Onyx Coffee Beans. Roasted locally in Australia, this bold blend pairs spicy and woody notes with a hint of nutmeg and ginger.
Tasting notes: powerful, dark roast with touches of nutmeg & ginger

Roast: dark

Origins: Brazil and other coffee regions of South America, Central America, South-East Asia, South Asia, East Africa & Papua New Guinea

Intensity: 12

Size: 500g

Usage: best brewed in fully automatic coffee machines.",,,,,https://www.coles.com.au/product/l'or-onyx-coffee-beans-500g-8057657,,,2024-06-16T01:04:10.366496-04:00
Ind55SColes_ADrinks_SACoffee_IInternational Roast Instant Coffee | 500g,International Roast Instant Coffee | 500g,International Roast,Drinks,Coffee,Instant Coffee,,$14.00,,,$2.80 per 100g,340246,"INTERNATIONAL ROAST delivers a smooth, satisfying taste in every cup. A beloved coffee enjoyed over the generations, Nestle International Roast Coffee is made from quality coffee beans creating a smooth and satisfying taste. This special blend is perfect drunk white or black, or served with frothed milk and a dusting of cocoa for a cafe style treat. This iconic blend is made in Australia from 100% natural quality coffee beans. 500g makes up approximately 333 cups based on 1.5g per cup.",,,,,https://www.coles.com.au/product/international-roast-instant-coffee-500g-340246,,,2024-06-16T01:04:19.741316-04:00
Ind55SColes_ADrinks_SABeverages_IRepublica Organic South American Medium Roast Freeze Dried Instant Coffee | 100g,Republica Organic South American Medium Roast Freeze Dried Instant Coffee | 100g,Republica Organic,Drinks,Beverages,Coffee & tea,,$9.50,,,"$9.50 per 100g
Was $12.00 on May 2024",8649077,"Move Mountains
But First... Coffee
Good things aren't just for those who wait, get great coffee - instantly. With a rich caramel aroma and velvety smooth finish, it's obvious why Republica's South American blend was selected as Australia's best tasting instant coffee*.
*As judged by Good Food 2020.",,,,,https://www.coles.com.au/product/republica-organic-south-american-medium-roast-freeze-dried-instant-coffee-100g-8649077,,,2024-06-16T01:04:29.233356-04:00
Ind55SColes_ADrinks_SACoffee_IVittoria Freeze Dried Instant Decaf | 100g,Vittoria Freeze Dried Instant Decaf | 100g,Vittoria,Drinks,Coffee,Instant Coffee,,$10.80,,$13.50,$10.80 per 100g,6344964,,,,,,https://www.coles.com.au/product/vittoria-freeze-dried-instant-decaf-100g-6344964,,,2024-06-16T01:04:39.392901-04:00
Ind55SColes_ADrinks_SACoffee_INestle Coffee & Milk | 395g,Nestle Coffee & Milk | 395g,Nestle,Drinks,Coffee,Coffee mixes,,$5.00,,,$1.27 per 100g,3995999,"Nestle Coffee and Milk provides you with the convenience of coffee, milk and sugar all in one pack. Just add hot water for an instant cup of coffee. It is perfect for the outdoors as it is made from long life milk, so you can take it with you camping, fishing, hiking or boating. Nestle Coffee and Milk is also handy for work when coffee facilities are limited. It can also be used in a coffee dessert.",,,"Per 100g/ml
Per Serving
%DI
Energy
1300kJ
325kJ
4%
Protein
6.8g
1.7g
3%
Total Fat
7.1g
1.8g
3%
Saturated Fat
4.1g
1g
4%
Carbohydrate
54g
13.5g
4%
Sugars
53.6g
13.4g
15%
Sodium
180mg
45mg
2%
* Percentage Daily Intakes are based on an average adult diet of 8700 kJ. Your daily intakes may be higher or lower depending on your energy needs.",,https://www.coles.com.au/product/nestle-coffee-and-milk-395g-3995999,,,2024-06-16T01:04:51.481697-04:00
Ind55SColes_ADrinks_SACoffee_IJarrah French Vanilla Latte Instant Coffee | 250g,Jarrah French Vanilla Latte Instant Coffee | 250g,Jarrah,Drinks,Coffee,Coffee mixes,,$3.75,,$7.50,$1.50 per 100g,5436900,,,,,,https://www.coles.com.au/product/jarrah-french-vanilla-latte-instant-coffee-250g-5436900,,,2024-06-16T01:05:02.616105-04:00
Ind55SColes_ADrinks_SACoffee_INestle Coffee Mate Whitener | 400g,Nestle Coffee Mate Whitener | 400g,Nestle,Drinks,Coffee,Coffee accessories,,$4.50,,,$1.13 per 100g,9693948,COFFEE MATE is the original rich and deliciously creamy non-dairy creamer. Perfect anytime you want to enjoy a velvety-smooth cup of coffee.,,,"Per 100g/ml
Per Serving
%DI
Energy
2300 kJ
90 kJ
1%
Protein
1.2 g
1 g
0.1%
Total Fat
34.9 g
2%
Saturated Fat
32 g
1.3 g
5%
Carbohydrate
57.1 g
2.3 g
0.7%
Sugars
8.8 g
1 g
0.4%
Sodium
225 mg
9 mg
0.4%
* Percentage Daily Intakes are based on an average adult diet of 8700 kJ. Your daily intakes may be higher or lower depending on your energy needs.",,https://www.coles.com.au/product/nestle-coffee-mate-whitener-400g-9693948,,,2024-06-16T01:05:15.111418-04:00
Ind55SColes_ADrinks_SACoffee_IDaley Street Medium/Dark Aluminium Nespresso Compatible Coffee Capsules | 30 pack,Daley Street Medium/Dark Aluminium Nespresso Compatible Coffee Capsules | 30 pack,Daley Street,Drinks,Coffee,Capsules,,,,,,3928561,"Medium/Dark Roast 30x Aluminium Capsules BOLD 9 Brazilian, Colombian & Kenyan Arabica beans DELIVER NOTES OF HONEY - ALMOND - RASPBERRY Nespresso Machine Compatible*",,,,,https://www.coles.com.au/product/daley-street-mediumdark-aluminium-nespresso-compatible-coffee-capsules-30-pack-3928561,,,2024-06-16T01:05:26.187217-04:00
Ind55SColes_ADrinks_SACoffee_IVittoria Black Compatible Coffee Capsules | 20 pack,Vittoria Black Compatible Coffee Capsules | 20 pack,Vittoria,Drinks,Coffee,Capsules,,,,,,8057511,,,,,,https://www.coles.com.au/product/vittoria-black-compatible-coffee-capsules-20-pack-8057511,,,2024-06-16T01:05:36.060278-04:00
Ind55SColes_ADrinks_SACoffee_IL'OR Espresso Lungo Profondo Intensity 8 Coffee Capsules 52g | 10 pack,L'OR Espresso Lungo Profondo Intensity 8 Coffee Capsules 52g | 10 pack,LOR,Drinks,Coffee,Capsules,,$5.50,,$7.50,$0.55 per 1ea,2951047,"A journey of taste from start to finish with a medium roast taken right to the edge of dark. Deeper hints of chocolate and nuts, then light toasty notes, contrasted with soft fruitiness. A lingering, distinct aftertaste keeps you yearning for more.

Blended by L'OR Coffee Artists
Toasty, fruity and distinct ground coffee in single-dose capsules
Ideal preparation is espresso (40mL)
Compatible with L'OR Barista and Nespresso* original coffee machines
100% Rainforest Alliance certified coffee beans
100% recyclable capsules via partnership with Terracycle",,,,,https://www.coles.com.au/product/l'or-espresso-lungo-profondo-intensity-8-coffee-capsules-52g-10-pack-2951047,,,2024-06-16T01:05:44.956587-04:00
Ind55SColes_ADrinks_SACoffee_IDaley Street Dark/Intense Aluminium Nespresso Compatible Coffee Capsules | 10 pack,Daley Street Dark/Intense Aluminium Nespresso Compatible Coffee Capsules | 10 pack,Daley Street,Drinks,Coffee,Capsules,,$5.00,,,$0.50 per 1ea,4299950,Daley Street Dark Intense Aluminium Nespresso Compatible Coffee Capsules 10 Pack. For a delicious coffee at home,,,,,https://www.coles.com.au/product/daley-street-darkintense-aluminium-nespresso-compatible-coffee-capsules-10-pack-4299950,,,2024-06-16T01:05:54.685249-04:00
Ind55SColes_ADrinks_SACoffee_INescafe Farmers Origins Africa Ristretto Capsules | 10 pack,Nescafe Farmers Origins Africa Ristretto Capsules | 10 pack,Nescafe,Drinks,Coffee,Capsules,,$7.00,,,$0.70 per 1ea,3890630,"East African farmers carry the legacy of the world's first coffee beans, and their harvests come together in NESCAFE Africas Ristretto. As the birthplace of Arabica and Robusta, this is a great place for growing tasty coffee. A strong roast makes these a coffee moment to remember - a sweet cup bursting with wild berry notes.",,,,Contents: 10 Capsules of Roast and Ground Coffee for the Nespresso System.,https://www.coles.com.au/product/nescafe-farmers-origins-africa-ristretto-capsules-10-pack-3890630,,,2024-06-16T01:06:04.031398-04:00
Ind55SColes_ADrinks_SACoffee_INescafe Dolce Gusto Capsules Flat White | 16 pack,Nescafe Dolce Gusto Capsules Flat White | 16 pack,Nescafe,Drinks,Coffee,Capsules,,,,,,3208085,"Inspired by the most velvety signature-cup in Australia.

Born in the stylish coffee shops of Australia and New Zealand, the Flat White earned its reputation thanks to the fine milk so skilfully prepared by baristas and then carefully poured into a bold Espresso, creating a uniquely mellow texture with marbled, nut-coloured foam. Discover our smooth Flat White in the comfort of own home and fall for its delicious, sweet caramelly notes. 

A wide choice of coffee creations and more!

Whether you like your coffee short or long, smooth or intense, black or white, we have it all for you to find your favourite.

More creations:
dolce-gusto.com
Our talented coffee creators have combined the intensity of Arabica and Robusta coffee with the soft creaminess of milk to create a harmonious and balanced cup, with caramel notes, toasted cereal undertones and round texture.

Discover our creamy Flat White in the comfort of your own home and fall for its delicious, sweet caramelly notes.

The box contains 16 capsules designed for NESCAF DOLCE GUSTO capsule coffee machines for you to prepare 16 cups of Flat White.

Our expertise is creating great-looking, great-tasting coffee. The team at NESCAF DOLCE GUSTO has joined forces with TerraCycle, to collect and recycle your used capsules, preventing them from ending up in landfill and giving the capsule materials a second life!

The team at NESCAF DOLCE GUSTO has joined forces with TerraCycle, to collect and recycle your used capsules, preventing them from ending up in landfill and giving the capsule materials a second life!",,,"Per 100g/ml
Per Serving
%DI
Energy
115kJ
210kJ
Protein
1.3g
2.3g
5%*
Total Fat
1.3g
2.3g
3%*
Saturated Fat
0.8g
1.4g
6%*
Carbohydrate
2.4g
4.3g
1%*
Sugars
2.2g
3.9g
4%*
Sodium
20mg
36mg
2%*
Energy (Cal)
28kcal
50kcal
2%*
Dietary Fibre (total)
0.3g
0.5g
2%*
* Percentage Daily Intakes are based on an average adult diet of 8700 kJ. Your daily intakes may be higher or lower depending on your energy needs.",,https://www.coles.com.au/product/nescafe-dolce-gusto-capsules-flat-white-16-pack-3208085,,,2024-06-16T01:06:15.510421-04:00
Ind55SColes_ADrinks_SACoffee_IColes Caramel Mocha Sachets 180g | 10 pack,Coles Caramel Mocha Sachets 180g | 10 pack,Coles,Drinks,Coffee,Coffee mixes,,$3.25,,,$0.33 per 1ea,4295642,"Coles Caramel Mocha Sachets 10 Pack. Choc coffee with a sweet caramel note. For a creamier treat, try adding hot milk instead of water. Caramel flavoured coffee drink, rainforest alliance certified coffee and cocoa- a better future for people and nature.",,,"Per 100g/ml
Per Serving
%DI
Energy
210.30
315.45
Protein
1.10
1.65
Total Fat
1.30
1.95
Carbohydrate
8.30
12.45
Sugars
6.70
10.05
Sodium
68.00
102.00
Saturated
1.20
1.80
Energy (Cal)
50.31
75.47
Dietary Fibre (total)
0.30
0.45
* Percentage Daily Intakes are based on an average adult diet of 8700 kJ. Your daily intakes may be higher or lower depending on your energy needs.",,https://www.coles.com.au/product/coles-caramel-mocha-sachets-180g-10-pack-4295642,,,2024-06-16T01:06:27.748085-04:00
Ind55SColes_ADrinks_SACoffee_INescafe 98% Sugar Free Latte Coffee Sachets | 10 pack,Nescafe 98% Sugar Free Latte Coffee Sachets | 10 pack,Nescafe,Drinks,Coffee,Coffee mixes,,$7.60,,,$0.76 per 1ea,3984096,"Let's talk latte. The NESCAFE 98% SUGAR FREE LATTE is naturally sweetened, bringing you creamy coffee goodness that is simply deLIGHTful. With a delectable layer of velvety froth and quality coffee, enjoy a cafe style creamy latte and treat yourself at any time in the comfort of your own home. All you need to do is add hot water and give it a good stir. The result is a delightfully creamy coffee that you can enjoy from the first to the last sip. So whatever you're up to, Now's good for a deliciously creamy NESCAFE 98% SUGAR FREE LATTE. NESCAFE. Make Your World.",,,"Per 100g/ml
Per Serving
%DI
Energy
130kJ
195kJ
2%
Protein
<1g
<1g
1%
Total Fat
1.2g
1.8g
3%
Saturated Fat
1.1g
1.6g
7%
Carbohydrate
2.8g
4.1g
1%
Sugars
<1g
1.4g
2%
Sodium
60mg
90mg
4%
Dietary Fibre (total)
<1g
<1g
2%
* Percentage Daily Intakes are based on an average adult diet of 8700 kJ. Your daily intakes may be higher or lower depending on your energy needs.",,https://www.coles.com.au/product/nescafe-98percent-sugar-free-latte-coffee-sachets-10-pack-3984096,,,2024-06-16T01:06:39.442912-04:00
Ind55SColes_ADrinks_SACoffee_INescafe Gold Coffee Refill Pouch | 180g,Nescafe Gold Coffee Refill Pouch | 180g,Nescafe,Drinks,Coffee,Instant Coffee,,,,,,8076436,"Refill and reusue your NESCAFE Gold jar to give them a second life. Filled with the same great tasting blend of Arabica and Robusta Beans creating this perfectly blaance coffee with sweet aromatic notes and a subtle roastinesss. Through using 100% responsibly sourced coffee, we are supporting coffee farmers to improve their lands and livelihoods. To learn more visit nescafe.com.au
Rich Aroma & Smooth Taste",,,,,https://www.coles.com.au/product/nescafe-gold-coffee-refill-pouch-180g-8076436,,,2024-06-16T01:06:48.342778-04:00
Ind55SColes_ADrinks_SACoffee_INescafe Dolce Gusto Ristretto Ardenza Coffee Capsules | 16 pack,Nescafe Dolce Gusto Ristretto Ardenza Coffee Capsules | 16 pack,Nescafe,Drinks,Coffee,Capsules,,,,,,8059743,,,,,Ingredients: [Dark Capsule] Roast & Ground Coffee,https://www.coles.com.au/product/nescafe-dolce-gusto-ristretto-ardenza-coffee-capsules-16-pack-8059743,,,2024-06-16T01:06:57.228358-04:00
Ind55SColes_ADrinks_SACoffee_INescafe Blend 43 Instant Coffee | 150g,Nescafe Blend 43 Instant Coffee | 150g,Nescafe,Drinks,Coffee,Instant Coffee,,$5.75,,$11.50,$3.83 per 100g,116322,"Every cup you drink can make a difference. Creating the perfect cup of bold and smooth coffee NESCAFE Blend 43 is proudly made from 100% responsibly sourced coffee beans. We take care & craft in individually roasting our Bold Robusta & Smooth Arabica coffee beans, bringing out their unique flavour & aroma. They are then blended to create the perfect cup. Through using 100% responsibly sourced coffee beans in NESCAFE Blend 43, we are making a difference for coffee farmers, helping to improve their lands and livelihoods.We are making a difference by sourcing 100% renewable electricity and using coffee grounds left over from the brewing process to help power our NESCAFE factory in Gympie, Queensland. What makes a NESCAFE Blend 43 cup of coffee more enjoyable is that every time you enjoy a cup, you are not just enjoying your favourite cup of coffee, you are also making a difference.
Intensity Score: 5 (Medium Roast)

The team at NESCAF knows how Australians like coffee and that is why NESCAF BLEND 43 is roasted and blended right here in country Queensland, Australia.

NESCAF work closely with farmers and communities to ensure the best tasting coffee made with care and respect, which means 100% of NESCAF BLEND 43 coffee beans are sustainably sourced.

NESCAF BLEND 43 tin, caps and glass jars are 100% recyclable. Plus, 60% of the energy powering our NESCAF factory comes from renewable energy, including used coffee grounds.

A 150g Jar is recyclable and makes approx. 88 cups of coffee based on 1.7g per cup. It's perfect for smaller households and the ideal companion for holidays or getaways. This perfect blend of coffee is great for a quick recharge to keep you energised during a busy schedule.",,,,,https://www.coles.com.au/product/nescafe-blend-43-instant-coffee-150g-116322,,,2024-06-16T01:07:06.631111-04:00
Ind55SColes_ADrinks_SACoffee_ILavazza Delizioso A Modo Mio Coffee Pods | 16 pack,Lavazza Delizioso A Modo Mio Coffee Pods | 16 pack,Lavazza,Drinks,Coffee,Capsules,,$12.50,,,$0.78 per 1ea,1774194,"A Modo Mio Delizioso delights with a floral bouquet, sweet aftertaste and aromatic, slightly liqueur-like flavour notes.

Made for Lavazza A Modo Mio machines, Delizioso is a blend of Brazilian Arabica coffees, with an aroma of white grapes and notes of dried fruits, skilfully combined with sweet flowery Indian Arabica in a delicate roast.
Intensity: 8/13
Aroma: Smooth Floral Notes
Roast: Medium
Blend: 100% Arabica
Origin: India & Greater Asia",,,,100% Ground Coffee,https://www.coles.com.au/product/lavazza-delizioso-a-modo-mio-coffee-pods-16-pack-1774194,,,2024-06-16T01:07:16.844010-04:00
Ind55SColes_ADrinks_SACoffee_IMoccona Cafe Classics Strong Cappuccino Sachets | 30 pack,Moccona Cafe Classics Strong Cappuccino Sachets | 30 pack,Moccona Cafe,Drinks,Coffee,Coffee mixes,,$12.00,,,$0.40 per 1ea,4405570,"If you like your cappuccino with a kick, then this coffee has your name on it. Indulge in a little me-time while enjoying the new smooth taste and bold coffee flavour of a Strong Cappuccino style coffee from Moccona. Finished with a thick layer of velvety froth for that indulgent cafe style experience that's perfect any time of day.
97% Sugar Free (as prepared with water)
98% Fat Free (as prepared with water)
Gluten Free
53 Calories per serve
Smooth taste and velvety froth",,,"Per 100g/ml
Per Serving
%DI
Energy
147kJ
220kJ
Protein
Less than 1g
1.1g
Total Fat
1.2g
1.9g
Saturated Fat
1.2g
1.9g
Carbohydrate
5.1g
7.6g
Sugars
2.4g
3.6g
Sodium
35mg
53mg
Energy (Cal)
35Cal
53Cal
Dietary Fibre (total)
Less than 1g
Less than 1g
Gluten
0.0g
0.0g
* Percentage Daily Intakes are based on an average adult diet of 8700 kJ. Your daily intakes may be higher or lower depending on your energy needs.","Maltodextrin, Sugar, Instant Coffee (19.3%), Coconut Oil, Glucose Syrup, Milk Solids, Stabilisers (1450, 452, 340), Anticaking Agent (551), Salt, Emulsifier (481).",https://www.coles.com.au/product/moccona-cafe-classics-strong-cappuccino-sachets-30-pack-4405570,,,2024-06-16T01:07:28.130706-04:00
Ind55SColes_ADrinks_SACoffee_INescafe Gold Original Instant Coffee Jar | 200g,Nescafe Gold Original Instant Coffee Jar | 200g,Nescafe,Drinks,Coffee,Instant Coffee,,$16.00,,,$8.00 per 100g,8048033,"A blend of Arabica and Robusta Beans gives a balanced coffee with sweet aromatic notes and a subtle roastiness. 100% soluble coffee.
Through using 100% responsibly sourced coffee, we are supporting coffee farmers to improve their lands and livelihoods. To learn more visit nescafe.com.au or nescafe.co.nz.",,,,100% Soluble Coffee.,https://www.coles.com.au/product/nescafe-gold-original-instant-coffee-jar-200g-8048033,,,2024-06-16T01:07:38.198286-04:00
Ind55SColes_ADrinks_SACoffee_IGrinders Espresso Coffee Beans | 1kg,Grinders Espresso Coffee Beans | 1kg,Grinders,Drinks,Coffee,Coffee beans,,$35.00,,,$3.50 per 100g,2686933,,,,,,https://www.coles.com.au/product/grinders-espresso-coffee-beans-1kg-2686933,,,2024-06-16T01:07:47.086199-04:00
Ind55SColes_ADrinks_SACoffee_INescafe Iced Vanilla Coffee Sachets | 8 pack,Nescafe Iced Vanilla Coffee Sachets | 8 pack,Nescafe,Drinks,Coffee,Coffee mixes,,$7.60,,,$0.95 per 1ea,4407269,"We all know coffee is cool, but here's proof. NESCAFE Vanilla Iced Cappuccino is a seriously chill blend of rich coffee and smooth vanilla flavour topped with a refreshing layer of creamy froth. It's an icy cold pick-me-up that's perfect any time. All you need to do is add cold water and give it a good stir. The result is a delightfully creamy coffee that you can enjoy from the first to the last sip. So whatever you're up to, Now's good for a deliciously creamy NESCAFE Vanilla Iced Cappuccino. NESCAFE. Make Your World.
Available in 8 sachets per pack.

We go beyond the cup. We're committed to sustainable sourcing and packaging so our coffee not only tastes good but also does good. Our coffee beans are roasted right here in Australia and 100% sustainably sourced.

We've also made the commitment to convert all of our packaging to 100% recyclable by 2025.",,,"Per 100g/ml
Per Serving
%DI
Energy
180kJ
270 kJ As Prepared
3%
Protein
1.4g
2 g As Prepared
4%
Total Fat
1g
<1g
1%
Saturated Fat
1g
1 g As Prepared
2%
Carbohydrate
9.1g
13.7 g As Prepared
4%
Sugars
6.8g
10.2 g As Prepared
11%
Sodium
60mg
100 mg As Prepared
4%
* Percentage Daily Intakes are based on an average adult diet of 8700 kJ. Your daily intakes may be higher or lower depending on your energy needs.","Sugar, Milk Solids, Glucose Syrup, Soluble Coffee (6%), Vegetable Oil, Flavours, Salt, Stabilisers (340, 341).",https://www.coles.com.au/product/nescafe-iced-vanilla-coffee-sachets-8-pack-4407269,,,2024-06-16T01:07:58.540267-04:00
Ind55SColes_ADrinks_SACoffee_IL'Or Espresso Vanilla Capsules | 10 pack,L'Or Espresso Vanilla Capsules | 10 pack,LOr,Drinks,Coffee,Capsules,,$5.50,,$7.50,$0.55 per 1ea,4823682,"A thrilling but delicate flavoured espresso. Magnificent vanilla scent greets you in the aroma, like a freshly sliced vanilla pod. Pleasantly round taste gives way to subtle zesty notes in the aftertaste. A perfectly balanced blend with rich and deep vanilla flavour.

Blended by L'OR coffee artists.
Round, delicate and rich vanilla ground coffee in single-dose capsules

Designed to blend perfectly with milk for a velvety creation

Contains natural flavours to craft a beautiful and smooth espresso

Ideal preparation is espresso (40mL)

Compatible with L'OR Barista and Nespresso* original coffee machines

100% Rainforest Alliance certified coffee beans.

100% recyclable capsules via partnership with Terracycle.",,,,,https://www.coles.com.au/product/l'or-espresso-vanilla-capsules-10-pack-4823682,,,2024-06-16T01:08:08.960097-04:00
Ind55SColes_ADrinks_SACoffee_IJarrah Salted Caramel Latte Instant Coffee | 250g,Jarrah Salted Caramel Latte Instant Coffee | 250g,Jarrah,Drinks,Coffee,Coffee mixes,,$3.75,,$7.50,$1.50 per 100g,2244491,,,,,,https://www.coles.com.au/product/jarrah-salted-caramel-latte-instant-coffee-250g-2244491,,,2024-06-16T01:08:19.027531-04:00
Ind55SColes_ADrinks_SACoffee_IOasis Greek Style Coffee | 200g,Oasis Greek Style Coffee | 200g,Oasis,Drinks,Coffee,Ground coffee,,$5.70,,,$2.85 per 100g,204328,"Made in Australia from imported raw beans that are roasted, finely ground and packed by Griffiths Bros. Coffee Roasters.",,,,,https://www.coles.com.au/product/oasis-greek-style-coffee-200g-204328,,,2024-06-16T01:08:29.363828-04:00
Ind55SColes_ADrinks_SACoffee_IVittoria Freeze Dried Italian Instant Coffee | 400g,Vittoria Freeze Dried Italian Instant Coffee | 400g,Vittoria,Drinks,Coffee,Instant Coffee,,$37.00,Pick any 2 for $36,,$9.25 per 100g,4824255,A medium roast of 100% Arabica coffee beans predominately from Central and South America with a balanced body and taste. Italian blend is a milder cup compared to the darker roasts in our range.,,,,100% Arabica Freeze Dried Instant Coffee,https://www.coles.com.au/product/vittoria-freeze-dried-italian-instant-coffee-400g-4824255,,,2024-06-16T01:08:39.692449-04:00
Ind55SColes_ADrinks_SACoffee_INescafe Hazelnut Latte Coffee Sachets | 26 pack,Nescafe Hazelnut Latte Coffee Sachets | 26 pack,Nescafe,Drinks,Coffee,Coffee mixes,,$11.00,,,$0.42 per 1ea,4156861,"Have a little something for yourself and enjoy a special moment of coffee delight and flavours of freshly roasted hazelnuts with NESCAFE Hazelnut Latte. With a delectable layer of velvety froth and quality coffee, enjoy a cafe style creamy hazelnut latte and treat yourself at any time in the comfort of your own home. All you need to do is add hot water and give it a good stir. The result is a delightfully creamy coffee that you can enjoy from the first to the last sip. So whatever you're up to, Now's good for a deliciously creamy NESCAFE Hazelnut Latte. NESCAFE. Make Your World.
Available in 10 sachets per pack or in our value pack of 26 sachets.

We go beyond the cup. We're committed to sustainable sourcing and packaging so our coffee not only tastes good but also does good. Our coffee beans are roasted right here in Australia and 100% sustainably sourced.

We've also made the commitment to convert all of our packaging to 100% recyclable by 2025.",,,"Per 100g/ml
Per Serving
%DI
Energy
210kJ
320 kJ as prepared
4%
Protein
1g
1 g as prepared
1%
Total Fat
1.5g
2.2 g As Prepared
3%
Saturated Fat
1.3g
2 g as prepared
8%
Carbohydrate
9.5g
14.3 g as prepared
5%
Sugars
6.1g
9.1 g as prepared
10%
Sodium
52mg
78 mg as prepared
3%
* Percentage Daily Intakes are based on an average adult diet of 8700 kJ. Your daily intakes may be higher or lower depending on your energy needs.",,https://www.coles.com.au/product/nescafe-hazelnut-latte-coffee-sachets-26-pack-4156861,,,2024-06-16T01:08:50.915365-04:00
Ind55SColes_ADrinks_SACoffee_ILavazza Espresso Barista Gran Crema Coffee Beans | 500g,Lavazza Espresso Barista Gran Crema Coffee Beans | 500g,Lavazza,Drinks,Coffee,Coffee beans,,$10.50,,$21.00,$2.10 per 100g,6205980,"Espresso Barista Gran Crema is a professional drum roast, offering a rich and rounded flavour.

Espresso Barista Gran Crema gives a genuine espresso experience, its professional drum roast, espresso grinding and intense taste, offering floral notes with a persistent aftertaste of dried fruits and nuts.

Intensity: 7/10
Aroma: Floral, Dried Fruits, Nuts
Roast: Drum Roast to Medium
Origin: South-East Asia & Central & South America",,,,,https://www.coles.com.au/product/lavazza-espresso-barista-gran-crema-coffee-beans-500g-6205980,,,2024-06-16T01:08:59.947160-04:00
Ind55SColes_ADrinks_SACoffee_IColes Urban Coffee Culture Organic Ground | 250g,Coles Urban Coffee Culture Organic Ground | 250g,Coles,Drinks,Coffee,Ground coffee,,$5.00,,,$2.00 per 100g,2262336,"Intensity 10Stamp: Batch roasted in Melbourne, Victoria.A MEDIUM ROAST GIVING A SWEET FLAVOUR OF DELICIOUS CARAMEL AND MAPLE SYRUP NOTESOur specially crafted coffee is sourced and roasted with passion for your enjoyment.",,,,INGREDIENTS: Organic Roast and Ground Coffee^.,https://www.coles.com.au/product/coles-urban-coffee-culture-organic-ground-250g-2262336,,,2024-06-16T01:09:09.628397-04:00
Ind55SColes_ADrinks_SACoffee_IDC Coffee Ground Darkness | 250g,DC Coffee Ground Darkness | 250g,DC,Drinks,Coffee,Coffee beans,,$8.00,,$10.00,$3.20 per 100g,3354860,"A terror from out of space...people on Earth, ''the Dark Side'' has arrived. For the robots, aliens, creatures of the night, and everything that lurks in the shadows be restored with the monstrous flavours of vanilla, almond and dark chocolate.
Sourced from Armenia, Colombia, Labareda, and Brazil
Vanilla, almond, and dark chocolate flavour
Walnut and cocoa aroma
Medium acidity
Medium-dark roast (Level 10)",,,,,https://www.coles.com.au/product/dc-coffee-ground-darkness-250g-3354860,,,2024-06-16T01:09:19.169069-04:00
Ind55SColes_ADrinks_SACoffee_IL'or Espresso Colombia Capsules | 40 pack,L'or Espresso Colombia Capsules | 40 pack,Lor,Drinks,Coffee,Capsules,,,,,,8057577,,,,,,https://www.coles.com.au/product/l'or-espresso-colombia-capsules-40-pack-8057577,,,2024-06-16T01:09:28.401656-04:00
Ind55SColes_ADrinks_SACoffee_IStarbucks Italian Roast Capsules | 10 pack,Starbucks Italian Roast Capsules | 10 pack,Starbucks,Drinks,Coffee,Capsules,,$7.90,Pick any 3 for $18,,$0.79 per 1ea,3984041,"This is Starbucks quintessential dark roastexpertly crafted to bring out sweetness and intensity. It showcases the precision and skill of our roasters, who created a coffee that's slightly darker than our Espresso Roast but without a smokey edge. A great cup of coffee, it has a depth of flavour that holds its own with cream and sugar.Years of focus and expertise have led to the Starbucks Roast Spectrum. Each coffee bean requires a unique balance of temperature and time to reach its individual peak of aroma, acidity, body and flavour.Dark Roast: Fuller-bodied and bold, our dark-roast coffees feature robust flavours and the characteristic essence of an intense roast.Enjoy STARBUCKS at home. The coffee you love without leaving the house.Coffee capsules compatible with NESPRESSO coffee machines.Roasty and sweet notes. This is Starbucks quintessential dark roast.Intensity: 11Cup Recommendation: Espresso (40ml)/ Lungo (110ml)Committed to 100% Ethical Coffee Sourcing in partnership with Conservation International.For NESPRESSO Machines.
- STARBUCKS coffee Pods by NESPRESSO, roasty with sweet notes

- Intensity: 11

- Sweet and intense, dark Italian roast without the smoky edge

- Coffee Pods compatible with NESPRESSO coffee machines

- Enjoy your STARBUCKS favourites at home

- 100% Arabica coffee. A cup of coffee with depth of flavour to enjoy throughout the day.

- Committed to 100% Ethical Coffee Sourcing in partnership with Conservation International.",,,,Contents: 10 Capsules of Roast and Ground Coffee for the Nespresso System. 100% Arabica,https://www.coles.com.au/product/starbucks-italian-roast-capsules-10-pack-3984041,,,2024-06-16T01:09:37.247022-04:00
Ind55SColes_ADrinks_SACoffee_INescafe Decaf Cappuccino Coffee Sachets | 10 pack,Nescafe Decaf Cappuccino Coffee Sachets | 10 pack,Nescafe,Drinks,Coffee,Coffee mixes,,$7.60,,,$0.76 per 1ea,4976956,"Elevate your daily coffee routine with a delicious cup of NESCAFE Decaf Cappuccino. With a delectable layer of velvety froth and the full bodied coffee flavour you love, enjoy a cafe style creamy decaf cappuccino and treat yourself at any time in the comfort of your own home. All you need to do is add hot water, give it a good stir and top it off with a sprinkle of some choc topping. The result is a delightfully creamy coffee that you can enjoy from the first to the last sip. So whatever you're up to, Now's good for a deliciously creamy NESCAFE Decaf Cappuccino. If you love this, try the rest of our delicious range.
Available in 10 sachets per pack or in our value pack of 26 sachets.

We go beyond the cup. We're committed to sustainable sourcing and packaging so our coffee not only tastes good but also does good. Our coffee beans are roasted right here in Australia and 100% sustainably sourced.

We've also made the commitment to convert all of our packaging to 100% recyclable by 2025.

Includes a chocolate shaker.",,,"Per 100g/ml
Per Serving
%DI
Energy
150 kJ
220 kJ as prepared
3%
Protein
1 g
1 g as prepared
2%
Total Fat
1.3 g
1.9 g
3%
Saturated Fat
1.2 g
1.8 g as prepared
7%
Carbohydrate
6.4 g
9.6 g as prepared
3%
Sugars
2.8 g
4.1 g as prepared
5%
Sodium
51 mg
77 mg as prepared
3%
* Percentage Daily Intakes are based on an average adult diet of 8700 kJ. Your daily intakes may be higher or lower depending on your energy needs.",,https://www.coles.com.au/product/nescafe-decaf-cappuccino-coffee-sachets-10-pack-4976956,,,2024-06-16T01:09:48.691364-04:00
Ind55SColes_ADrinks_SACoffee_ILavazza Qualita Oro Ground Coffee | 250g,Lavazza Qualita Oro Ground Coffee | 250g,Lavazza,Drinks,Coffee,Ground coffee,,$7.35,,$10.50,$2.94 per 100g,3790635,"Qualita Oro is a combination of 6 varieties of Arabica beans from Central & South America. The perfect symphony of taste you can enjoy every day.

Qualita Oro is the very first Lavazza blend, created in 1956 by Luigi Lavazza in his small roasting lab in Turin, with a dark colour, velvety texture, notes of fruit and flowers.

Intensity: 5/10
Aroma: Fruity & Floral
Roast: Medium
Blend: 100% Arabica
Origin: Central & South America",,,,,https://www.coles.com.au/product/lavazza-qualita-oro-ground-coffee-250g-3790635,,,2024-06-16T01:09:59.044315-04:00
Ind55SColes_ADrinks_SACoffee_IVittoria Coffee Bags Espresso Blend | 20 pack,Vittoria Coffee Bags Espresso Blend | 20 pack,Vittoria,Drinks,Coffee,Instant Coffee,,$7.50,,$12.50,$0.38 per 1ea,3988621,"Espresso is our original blend first created over 60 years ago. This iconic blend of 100% Arabica coffee beans is a dark roast delivering a smooth, strong flavour of traditional Italian coffee.
For over 60 years, our ambition has been to provide Australians with the finest coffee in any format they choose. That's why our convenient, single-serve coffee bags contain only 100% Arabica coffee to produce the flavour and aroma you would expect from a barista made coffee.
Tasting notes: Honey, Toast",,,,,https://www.coles.com.au/product/vittoria-coffee-bags-espresso-blend-20-pack-3988621,,,2024-06-16T01:10:09.055344-04:00
Ind55SColes_ADrinks_SACoffee_INescafe Blend 43 Coffee Espresso | 500g,Nescafe Blend 43 Coffee Espresso | 500g,Nescafe,Drinks,Coffee,Instant Coffee,,$26.00,,,$5.20 per 100g,3772961,"Every cup you drink can make a difference.Embrace your bold side with the rich flavour of this dark roasted NESCAFE Blend 43 Espresso. A blend of 100% responsibly sourced Robusta and Arabica coffee beans that have been roasted darker to deliver an extra-rich, full-bodied taste. Perfect for those who prefer a more full-bodied coffee. Through using 100% responsibly sourced coffee beans in NESCAFE Blend 43, we are making a difference for coffee farmers, helping to improve their lands and livelihoods.We are making a difference by sourcing 100% renewable electricity and using coffee grounds left over from the brewing process to help power our NESCAFE factory in Gympie, Queensland. What makes a NESCAFE Blend 43 cup of coffee more enjoyable is that every time you enjoy a cup, you are not just enjoying your favourite cup of coffee, you are also making a difference.
Intensity score: 10 (Intense Roast)

- Roasted and blended right here in country Queensland, Australia.

- 100% of NESCAF BLEND 43 coffee beans are sustainably sourced.

- NESCAF BLEND 43 tin, caps and glass jars are 100% recyclable. Plus, 60% of the energy powering our NESCAF factory comes from renewable energy, including used coffee grounds.

- A 500g Tin makes 294 cups of coffee and is great value, perfect for the household or small office of coffee lovers and great for spaces where you want the safety of no glass.",,,,100% Natural Coffee Beans. Soluble Coffee.,https://www.coles.com.au/product/nescafe-blend-43-coffee-espresso-500g-3772961,,,2024-06-16T01:10:18.396317-04:00
Ind55SColes_ADrinks_SACoffee_INescafe Mocha Coffee Sachets | 26 Pack,Nescafe Mocha Coffee Sachets | 26 Pack,Nescafe,Drinks,Coffee,Coffee mixes,,$11.00,,,$0.42 per 1ea,2868001,"NESCAFE Mocha delivers a delicious combination of coffee and cocoa for that perfect afternoon indulgence. With a delectable layer of velvety froth and quality coffee, enjoy a cafe style creamy mocha and treat yourself at any time in the comfort of your own home. All you need to do is add hot water and give it a good stir. The result is a delightfully creamy coffee that you can enjoy from the first to the last sip. So whatever you're up to, Now's good for a deliciously creamy NESCAFE Mocha. NESCAFE. Make Your World.
Available in 10 sachets per pack or in our value pack of 26 sachets.

We go beyond the cup. We're committed to sustainable sourcing and packaging so our coffee not only tastes good but also does good. Our coffee beans are roasted right here in Australia and 100% sustainably sourced.

We've also made the commitment to convert all of our packaging to 100% recyclable by 2025.",,,"Per 100g/ml
Per Serving
%DI
Energy
200 kJ
300 kJ as prepared
3%
Protein
1 g
1 g as prepared
2%
Total Fat
1.3 g
1.9 g
3%
Saturated Fat
1.2 g
1.7 g as prepared
7%
Carbohydrate
9.6 g
14.5 g as prepared
5%
Sugars
6.1 g
9.1 g as prepared
10%
Sodium
49 mg
74 mg as prepared
3%
* Percentage Daily Intakes are based on an average adult diet of 8700 kJ. Your daily intakes may be higher or lower depending on your energy needs.",,https://www.coles.com.au/product/nescafe-mocha-coffee-sachets-26-pack-2868001,,,2024-06-16T01:10:29.337153-04:00
Ind55SColes_ADrinks_SACoffee_IMoccona Barista Reserve Medium Roast Lungo | 10 Pack,Moccona Barista Reserve Medium Roast Lungo | 10 Pack,Moccona,Drinks,Coffee,Capsules,,$6.00,,,$0.60 per 1ea,3512632,"Medium Roast Lungo displays notes of milk chocolate with a lingering aftertaste. Enjoy black or pair with milk for your perfect coffee moment at home.

Crafted by Moccona's master blenders. 
Characterful and sweet ground coffee in single-dose capsules

Enjoy black or pair with milk for your perfect coffee moment at home

Ideal preparation is lungo (110mL)

Compatible with Nespresso* original coffee machines

100% Rainforest Alliance certified coffee beans

100% recyclable capsules via partnership with Terracycle.",,,,,https://www.coles.com.au/product/moccona-barista-reserve-medium-roast-lungo-10-pack-3512632,,,2024-06-16T01:10:38.373307-04:00
Ind55SColes_ADrinks_SACoffee_ILavazza Qualita Oro A Modo Mio Coffee Pods | 16 pack,Lavazza Qualita Oro A Modo Mio Coffee Pods | 16 pack,Lavazza,Drinks,Coffee,Capsules,,,,,,8087670,,,,,,https://www.coles.com.au/product/lavazza-qualita-oro-a-modo-mio-coffee-pods-16-pack-8087670,,,2024-06-16T01:10:47.466951-04:00
Ind55SColes_ADrinks_SACoffee_IGrinders Rich Espresso Coffee Beans | 1kg,Grinders Rich Espresso Coffee Beans | 1kg,Grinders,Drinks,Coffee,Coffee beans,,$35.00,,,$3.50 per 100g,3516065,,,,,,https://www.coles.com.au/product/grinders-rich-espresso-coffee-beans-1kg-3516065,,,2024-06-16T01:10:56.968588-04:00
Ind55SColes_ADrinks_SACoffee_IStarbucks Nespresso Compatible Capsules Vanilla | 10 pack,Starbucks Nespresso Compatible Capsules Vanilla | 10 pack,Starbucks,Drinks,Coffee,Capsules,,$7.90,Pick any 3 for $18,,$0.79 per 1ea,6190215,"Sit back and savour the simply delicious flavour of sweet vanilla and biscuit notes in every cup of Starbucks Creamy Vanilla by Nespresso. Every Starbucks by Nespresso coffee pod contains a careful selection of blonde roasted Starbucks coffee. Enjoy with or without milk for a sweet and delightful cup. 
Blonde 
- STARBUCKS coffee Pods by NESPRESSO with sweet vanilla and biscuit notes

- Intensity: 6

- Enjoy STARBUCKS at home. The coffee you love without leaving the house",,,,,https://www.coles.com.au/product/starbucks-nespresso-compatible-capsules-vanilla-10-pack-6190215,,,2024-06-16T01:11:07.329789-04:00
Ind55SColes_ADrinks_SACoffee_INescafe Dolce Gusto Espresso Intenso Coffee Capsules 16 pack | 96g,Nescafe Dolce Gusto Espresso Intenso Coffee Capsules 16 pack | 96g,Nescafe,Drinks,Coffee,Capsules,,$10.00,,,$0.63 per 1ea,3354510,"Our talented coffee creators have blended fruity South American Arabica with Robusta coffee beans to create NESCAF DOLCE GUSTO Espresso Intenso with a unique combination of intense aroma and smooth body.One of our medium roast coffee pod drinks, Intenso has a deliciously nutty aroma that adds something extra special to your espresso cup.

The box contains 16 capsules designed for NESCAF DOLCE GUSTO capsule coffee machines for you to prepare 16 cups of Espresso Intenso. Simply slide your Espresso intenso capsule into your NESCAF DOLCE GUSTO machine.

Our expertise is creating great-looking, great-tasting coffee.

The team at NESCAF DOLCE GUSTO has joined forces with TerraCycle, to collect and recycle your used capsules, preventing them from ending up in landfill and giving the capsule materials a second life!
Our talented coffee creators have blended fruity South American Arabica with Robusta coffee beans to create NESCAF DOLCE GUSTO Espresso Intenso with a unique combination of intense aroma and smooth body.

.One of our medium roast coffee pod drinks, Intenso has a deliciously nutty aroma that adds something extra special to your espresso cup.

The box contains 16 capsules designed for NESCAF DOLCE GUSTO capsule coffee machines for you to prepare 16 cups of Espresso Intenso.

Our expertise is creating great-looking, great-tasting coffee.

The team at NESCAF DOLCE GUSTO has joined forces with TerraCycle, to collect and recycle your used capsules, preventing them from ending up in landfill and giving the capsule materials a second life!",,,,,https://www.coles.com.au/product/nescafe-dolce-gusto-espresso-intenso-coffee-capsules-16-pack-96g-3354510,,,2024-06-16T01:11:17.397610-04:00
Ind55SColes_ADrinks_SACoffee_INescafe Cappuccino Coffee Sachets | 10 pack,Nescafe Cappuccino Coffee Sachets | 10 pack,Nescafe,Drinks,Coffee,Coffee mixes,,$7.60,,,$0.76 per 1ea,9577540,"Elevate your daily coffee routine with a delicious cup of NESCAFE Cappuccino. With a delectable layer of velvety froth and quality coffee, enjoy a cafe style creamy cappuccino and treat yourself at any time in the comfort of your own home. All you need to do is add hot water, give it a good stir and top it off with a sprinkle of some choc topping. The result is a delightfully creamy coffee that you can enjoy from the first to the last sip. So whatever you're up to, Now's good for a deliciously creamy NESCAFE Cappuccino. NESCAFE. Make Your World.
Available in 10 sachets per pack or in our value pack of 26 sachets.

We go beyond the cup. We're committed to sustainable sourcing and packaging so our coffee not only tastes good but also does good. Our coffee beans are roasted right here in Australia and 100% sustainably sourced.

We've also made the commitment to convert all of our packaging to 100% recyclable by 2025.

Includes a chocolate shaker.",,,"Per 100g/ml
Per Serving
%DI
Energy
150kJ
220 kJ as prepared
3%
Protein
1g
1 g as prepared
2%
Total Fat
1.3g
1.9g
3%
Saturated Fat
1.2g
1.8 g as prepared
7%
Carbohydrate
6.4g
9.6 g as prepared
3%
Sugars
2.8g
4.2 g as prepared
5%
Sodium
51mg
77 mg as prepared
3%
* Percentage Daily Intakes are based on an average adult diet of 8700 kJ. Your daily intakes may be higher or lower depending on your energy needs.","Sachet : Glucose Syrup, Soluble Coffee (18%), Milk Solids, Vegetable Oil, sugar, Flavour, Stabilisers (340, 451, 331, 452), Emulsifiers (471, 472e), Salt. Chocolate Shaker: Sugar, Cocoa (Cocoa Solids 30%), Emulsifier ( Soy lecithin), Salt, Flavour (Vanilla), Spice (Cinnamon). Stick : Sirop de Glucose, Cafe Soluble (18%), Matieres Seches Du Lait , Huile Vegetale, Sucre, Arome, Stabilisants (340, 451, 331, 452), emulsifiants (471, 472 E), Sel. Shaker Chocolat : Sucre, Cacao (Matieres Seches Du Cacao 30%), emulsifiants (Lecithine de Soja ), Sel, Arome (Vanille), epice (Cannelle).",https://www.coles.com.au/product/nescafe-cappuccino-coffee-sachets-10-pack-9577540,,,2024-06-16T01:11:28.919672-04:00
Ind55SColes_ADrinks_SACoffee_IMoccona Classic Medium Roast Instant Coffee | 100g,Moccona Classic Medium Roast Instant Coffee | 100g,Moccona,Drinks,Coffee,Instant Coffee,,$11.50,,,$11.50 per 100g,303556,"The perfect coffee to enjoy every day.

The heritage behind Moccona was born half a world away in the quaint Netherlands' village of Joure in 1753. Originally sold in delicatessens and small specialty stores, it symbolised the little indulgence from Europe that added to the pleasures of everyday.

Known for its premium taste and elegant glass jar, Moccona has become a much-loved classic in homes all over Australia.

Moccona blends are created by bringing together the world's finest beans: Arabica and the Robusta. The Arabica has a softer sweeter taste with berry and fruit tones while the Robusta bean has a deep rich flavour.

Together they bring the magical blend and character you expect from the perfect cup of coffee. Every time you smell the aroma of Moccona, you'll be reminded of the great passion that drives us to create moments of pure indulgence - just for you.

Experience the smooth taste of Moccona Classic Medium Roast. Its full-bodied flavour and rich aroma make it the perfect coffee to enjoy everyday.

At Moccona we care about coffee, the people who grow it and the planet it comes from.

Working together with our preferred partners like UTZ Certified, we help farmers prosper and help to preserve the environment.",,,,100% Coffee beans.,https://www.coles.com.au/product/moccona-classic-medium-roast-instant-coffee-100g-303556,,,2024-06-16T01:11:39.386868-04:00
Ind55SColes_ADrinks_SACoffee_IVittoria Oro Nespresso Compatible Coffee Capsules | 10 pack,Vittoria Oro Nespresso Compatible Coffee Capsules | 10 pack,Vittoria,Drinks,Coffee,Capsules,,$4.50,,$7.50,$0.45 per 1ea,4151948,"Vittoria's most popular cafe blend of 100% Arabica beans, Vittoria Oro has become famous for its ability to consistently deliver a smooth and full-flavour cup, whether served as an espresso or with milk.
100% Arabica - Blend
Best Served: With Milk
Tasting Notes: Toffee, Honey, Blackcurrant
Intensity: 13
Compatible with: Nespresso* Original Machines
Australian Made: Our aluminium capsules are roasted and packed locally in Australia for optimal freshness.
By purchasing this product and other Vittoria packs bearing the OzHarvest mark you're helping to eliminate food waste and feed vulnerable Australians. For every kilo of coffee prepared for this pack, Vittoria donates $1 to OzHarvest which enables them to deliver two meals to people in need.
*Nespresso is a trademark of Societe des Produits Nestle SA. Neither that company nor its affiliates have manufactured or endorsed this product in any way and have no association to Vittoria Food & Beverage or the Vittoria Coffee brand. Compatible with Nespresso original machines (not compatible with the Vertuo System).",,,,,https://www.coles.com.au/product/vittoria-oro-nespresso-compatible-coffee-capsules-10-pack-4151948,,,2024-06-16T01:11:49.116963-04:00
Ind55SColes_ADrinks_SACoffee Drinks_IRobert Timms Gold Colombia Coffee Bags Strong 160g | 28 Pack,Robert Timms Gold Colombia Coffee Bags Strong 160g | 28 Pack,Robert Timms,Drinks,Coffee Drinks,Coffee Instant,,$9.45,,$13.50,$0.34 per 1ea,3511630,"Rich, dark and aromatic, this blend is full-bodied with deep chocolate and nutty flavours.",,,,,https://www.coles.com.au/product/robert-timms-gold-colombia-coffee-bags-strong-160g-28-pack-3511630,,,2024-06-16T01:19:33.314757-04:00
Ind55SColes_ADrinks_SA_INescafe Gold Intense Coffee | 200g,Nescafe Gold Intense Coffee | 200g,Nescafe,Drinks,,,,$16.00,,,$8.00 per 100g,3208198,"Bold taste with deep coffee notes. Made from Arabica and Robusta Beans. 100% Soluble Coffee. Through using 100% responsibly sourced coffee, we are supporting coffee farmers to improve their lands and livelihoods. To learn more visit nescafe.com.au or nescafe.co.nz.
Dark & Vibrant Taste

Dark & vibrant taste.

200g makes 117 cups of coffee based on 1.7g per cup.

NESCAF Gold caps and glass jars are 100% recyclable.",,,,100% Soluble Coffee,https://www.coles.com.au/product/nescafe-gold-intense-coffee-200g-3208198,,,2024-06-16T01:19:42.598054-04:00
Ind55SColes_ADrinks_SACoffee_ILavazza Qualita Oro Ground Coffee | 500g,Lavazza Qualita Oro Ground Coffee | 500g,Lavazza,Drinks,Coffee,Ground coffee,,$20.00,,,$4.00 per 100g,8411676,,,,,,https://www.coles.com.au/product/lavazza-qualita-oro-ground-coffee-500g-8411676,,,2024-06-16T01:19:51.125025-04:00
Ind55SColes_ADrinks_SA_IGrinders Organic Coffee Beans | 1kg,Grinders Organic Coffee Beans | 1kg,Grinders,Drinks,,,,$37.00,,,$3.70 per 100g,3516054,,,,,,https://www.coles.com.au/product/grinders-organic-coffee-beans-1kg-3516054,,,2024-06-16T01:20:01.602696-04:00
Ind55SColes_ADrinks_SACoffee_IMoccona Classic Medium Roast Instant Coffee | 50g,Moccona Classic Medium Roast Instant Coffee | 50g,Moccona,Drinks,Coffee,Instant Coffee,,$7.00,,,$14.00 per 100g,173144,"Moccona Classic Instant Coffee Classic, 50g. The place where Arabica and Robusta beans meet for a rounded, balanced flavour is called Moccona Medium Roast. We think of it as the happy medium. It's full bodied, richly aromatic and just right for your everyday coffee moment.",,,,,https://www.coles.com.au/product/moccona-classic-medium-roast-instant-coffee-50g-173144,,,2024-06-16T01:20:10.801677-04:00
Ind55SColes_ADrinks_SACoffee_IColes Caramel Latte All In One Sachets 170g | 10 Pack,Coles Caramel Latte All In One Sachets 170g | 10 Pack,Coles,Drinks,Coffee,Coffee mixes,,$3.25,,,$0.33 per 1ea,3465703,"Caramel Latte Deliciously rich and frothy coffee drink. For a creamier treat, try adding hot milk instead of water. Instant coffee drink",,,"Per 100g/ml
Per Serving
%DI
Energy
206.00
309.00
Protein
1.27
1.90
Total Fat
1.13
1.70
Carbohydrate
8.13
12.20
Sugars
7.40
11.10
Sodium
54.67
82.00
Saturated
1.00
1.50
Energy (Cal)
49.28
73.92
Dietary Fibre (total)
0.53
0.80
Gluten
0.00
0.00
* Percentage Daily Intakes are based on an average adult diet of 8700 kJ. Your daily intakes may be higher or lower depending on your energy needs.",,https://www.coles.com.au/product/coles-caramel-latte-all-in-one-sachets-170g-10-pack-3465703,,,2024-06-16T01:20:21.809810-04:00
Ind55SColes_ADrinks_SACoffee_IL'OR Espresso Supremo Intensity 10 Coffee Capsules 52g | 10 Pack,L'OR Espresso Supremo Intensity 10 Coffee Capsules 52g | 10 Pack,LOR,Drinks,Coffee,Capsules,,$5.50,,$7.50,$0.55 per 1ea,2951069,"Dark, berry-like sharpness is met with a roasted aftertaste that reveals richness and depth. Its full body engages all the senses, making an impression in every moment.

Blended by L'OR Coffee Artists
Roasty, sweet and rich ground coffee in single-dose capsules
Ideal preparation is espresso (40mL)
Compatible with L'OR Barista and Nespresso* original coffee machines
100% Rainforest Alliance certified coffee beans
100% recyclable capsules via partnership with Terracycle",,,,,https://www.coles.com.au/product/l'or-espresso-supremo-intensity-10-coffee-capsules-52g-10-pack-2951069,,,2024-06-16T01:20:30.485572-04:00
Ind55SColes_ADrinks_SACoffee_IVittoria Espresso Nespresso Compatible Coffee Capsules | 10 pack,Vittoria Espresso Nespresso Compatible Coffee Capsules | 10 pack,Vittoria,Drinks,Coffee,Capsules,,$4.50,,$7.50,$0.45 per 1ea,3984336,"Vittoria Espresso is the original Vittoria blend first created over 60 years ago. This iconic blend of 100% Arabica coffee beans is a dark roast delivering a smooth, strong flavour of traditional Italian espresso.
100% Arabica - Blend
Best Served: Espresso, With Milk
Tasting Notes: Honey, Toasty
Origins: Central and South America
Intensity: 14
Compatible with: Nespresso* Original Machines
Australian Made: Our aluminium capsules are roasted and packed locally in Australia for optimal freshness.
By purchasing this product and other Vittoria packs bearing the OzHarvest mark you're helping to eliminate food waste and feed vulnerable Australians. For every kilo of coffee prepared for this pack, Vittoria donates $1 to OzHarvest which enables them to deliver two meals to people in need.
*Nespresso is a trademark of Societe des Produits Nestle SA. Neither that company nor its affiliates have manufactured or endorsed this product in any way and have no association to Vittoria Food & Beverage or the Vittoria Coffee brand. Compatible with Nespresso original machines (not compatible with the Vertuo System).",,,,,https://www.coles.com.au/product/vittoria-espresso-nespresso-compatible-coffee-capsules-10-pack-3984336,,,2024-06-16T01:20:39.384855-04:00
Ind55SColes_ADrinks_SACoffee_IL'or Colombia Coffee Beans | 500g,L'or Colombia Coffee Beans | 500g,Lor,Drinks,Coffee,Coffee beans,,,,,,8057679,"Stimulate your senses with L'OR Espresso Colombia Coffee Beans. Roasted locally in Australia, this full-bodied espresso embodies a complex and tangy character that lingers.
Tasting notes: complex, sweet & fruity espresso with a hint of citrus

Roast: medium

Origin: Colombia

Intensity: 8

Size: 500g

Usage: best brewed in fully automatic coffee machines.",,,,,https://www.coles.com.au/product/l'or-colombia-coffee-beans-500g-8057679,,,2024-06-16T01:20:48.417427-04:00
Ind55SColes_ADrinks_SACoffee_ICaffe Aurora Espresso Blend Coffee Beans | 1kg,Caffe Aurora Espresso Blend Coffee Beans | 1kg,Caffe Aurora,Drinks,Coffee,Coffee beans,,,,,,4875824,"Caffe Aurora embodies the essence of traditional Italian-style coffeefull-bodied, bold and well balanced. For over 40 years, we have been committed to sourcing the finest raw coffees from around the world and roast them locally for freshness. A blend of the finest 100% Arabica beans creates a smooth, slightly spice enriched coffee with a full rich aroma and body.
Tasting Notes: Toasty, Dark Chocolate",,,,,https://www.coles.com.au/product/caffe-aurora-espresso-blend-coffee-beans-1kg-4875824,,,2024-06-16T01:20:57.655037-04:00
Ind55SColes_ADrinks_SACoffee_IColes Urban Coffee Culture Organic Ground | 250g,Coles Urban Coffee Culture Organic Ground | 250g,Coles,Drinks,Coffee,Ground coffee,,$5.00,,,$2.00 per 100g,2262336,"Intensity 10Stamp: Batch roasted in Melbourne, Victoria.A MEDIUM ROAST GIVING A SWEET FLAVOUR OF DELICIOUS CARAMEL AND MAPLE SYRUP NOTESOur specially crafted coffee is sourced and roasted with passion for your enjoyment.",,,,INGREDIENTS: Organic Roast and Ground Coffee^.,https://www.coles.com.au/product/coles-urban-coffee-culture-organic-ground-250g-2262336,,,2024-06-16T01:21:08.992950-04:00
Ind55SColes_ADrinks_SACoffee_IL'OR Espresso Colombia Intensity 8 Coffee Capsules 52g | 10 pack,L'OR Espresso Colombia Intensity 8 Coffee Capsules 52g | 10 pack,LOR,Drinks,Coffee,Capsules,,$5.50,,$7.50,$0.55 per 1ea,2951091,"A smooth and sweet blend that is as warm and welcoming as lush Colombia. Citrus fruit notes give way to complexity at the core and an elegant aftertaste.

Blended by L'OR Coffee Artists.
Smooth, sweet and fruity ground coffee in single-dose capsules

Ideal preparation is espresso (40mL)

Compatible with L'OR Barista and Nespresso* original coffee machines

100% Rainforest Alliance certified coffee beans

100% recyclable capsules via partnership with Terracycle",,,,,https://www.coles.com.au/product/l'or-espresso-colombia-intensity-8-coffee-capsules-52g-10-pack-2951091,,,2024-06-16T01:21:18.148473-04:00
Ind55SColes_ADrinks_SACoffee_IMoccona Hazelnut Flavour Infused Instant Coffee | 95g,Moccona Hazelnut Flavour Infused Instant Coffee | 95g,Moccona,Drinks,Coffee,Instant Coffee,,$11.50,,,$12.11 per 100g,9928859,Moscone Coffee Hazelnut Experience a more indulgent coffee moment with a delicious hint of natural flavour.,,,,"Coffee Beans, Natural Flavouring.",https://www.coles.com.au/product/moccona-hazelnut-flavour-infused-instant-coffee-95g-9928859,,,2024-06-16T01:21:27.267535-04:00
Ind55SColes_ADrinks_SACoffee_IVittoria Freeze Dried Mountain Grown Instant Coffee | 100g,Vittoria Freeze Dried Mountain Grown Instant Coffee | 100g,Vittoria,Drinks,Coffee,Instant Coffee,,$7.50,,$12.50,$7.50 per 100g,4737365,"A full-strength coffee with a rich flavour and delicate finish. Mountain Grown is a premium blend of high-altitude 100% Arabica beans delivering a fine, full-bodied cup.
Blend: High altitude growing regions
Roast: Medium-Dark
Intensity: 14/15
Brewing Guide: Add 1-2 tbs to 85-92 water",,,,,https://www.coles.com.au/product/vittoria-freeze-dried-mountain-grown-instant-coffee-100g-4737365,,,2024-06-16T01:21:37.645874-04:00
Ind55SColes_ADrinks_SACoffee_IMoccona Barista Reserve Extra Dark Roast Espresso Capsules | 10 Pack,Moccona Barista Reserve Extra Dark Roast Espresso Capsules | 10 Pack,Moccona,Drinks,Coffee,Capsules,,$6.00,,,$0.60 per 1ea,3193421,"Extra Dark Roast Espresso has a powerful and robust intensity. Enjoy black or pair with milk for your perfect coffee moment at home.

Crafted by Moccona's master blenders.
Intense and bold ground coffee in single-dose capsules

Enjoy black or pair with milk for your perfect coffee moment at home

Ideal preparation is ristretto (25mL) and espresso (40mL)

Compatible with Nespresso* original coffee machines

100% Rainforest Alliance certified coffee beans

100% recyclable capsules via partnership with Terracycle.",,,,,https://www.coles.com.au/product/moccona-barista-reserve-extra-dark-roast-espresso-capsules-10-pack-3193421,,,2024-06-16T01:21:46.814440-04:00
Ind55SColes_ADrinks_SACoffee_INescafe Cappuccino Decaf Coffee Sachet | 26 pack,Nescafe Cappuccino Decaf Coffee Sachet | 26 pack,Nescafe,Drinks,Coffee,Coffee mixes,,$11.00,,,$0.42 per 1ea,7125660,"Elevate your daily coffee routine with a delicious cup of NESCAFE Decaf Cappuccino. With a delectable layer of velvety froth and the full bodied coffee flavour you love, enjoy a cafe style creamy decaf cappuccino and treat yourself at any time in the comfort of your own home. All you need to do is add hot water, give it a good stir and top it off with a sprinkle of some choc topping. The result is a delightfully creamy coffee that you can enjoy from the first to the last sip. Available in 26 sachets per pack and includes a choc shaker. So whatever you're up to, Now's good for a deliciously creamy NESCAFE Decaf Cappuccino. If you love this, try the rest of our delicious range or find this in our 10 pack of sachets. We go beyond the cup. We're committed to sustainable sourcing and packaging so our coffee not only tastes good but also does good. Our coffee beans are roasted in Australia and 100% sustainably sourced. We've also made the commitment to convert all of our packaging to 100% recyclable by 2025.",,,"Per 100g/ml
Per Serving
%DI
Energy
150 kJ
220 kJ As Prepared
3%
Protein
1 g
1 g As Prepared
2%
Total Fat
1.3 g
1.9 g
3%
Saturated Fat
1.2 g
1.8 g As Prepared
7%
Carbohydrate
6.4 g
9.6 g As Prepared
3%
Sugars
2.8 g
4.2 g As Prepared
5%
Sodium
51 mg
77 mg As Prepared
3%
* Percentage Daily Intakes are based on an average adult diet of 8700 kJ. Your daily intakes may be higher or lower depending on your energy needs.",,https://www.coles.com.au/product/nescafe-cappuccino-decaf-coffee-sachet-26-pack-7125660,,,2024-06-16T01:21:58.395690-04:00
Ind55SColes_ADrinks_SACoffee_ILavazza Espresso Barista Organic Coffee Beans | 1kg,Lavazza Espresso Barista Organic Coffee Beans | 1kg,Lavazza,Drinks,Coffee,Coffee beans,,$44.00,,,$4.40 per 100g,6205946,"Espresso Barista Organic is a professional drum roast, offering a rich and rounded flavour and a premium selection of 100% bio-organic coffee beans.
Espresso Barista Organic gives a genuine espresso experience, its professional drum roast, espresso grinding and intense taste, offering dried fruits and hazelnuts aromatic notes with a creamy texture.
Intensity: 8/10
Aroma: Floral, Dried Fruits, Hazelnuts
Roast: Drum Roast to Medium
Origin: Central America & Africa",,,,,https://www.coles.com.au/product/lavazza-espresso-barista-organic-coffee-beans-1kg-6205946,,,2024-06-16T01:22:07.418998-04:00
Ind55SColes_ADrinks_SACoffee_IRobert Timms Premium Espresso Extra Dark Roasted Granulated Coffee | 200g,Robert Timms Premium Espresso Extra Dark Roasted Granulated Coffee | 200g,Robert Timms,Drinks,Coffee,Instant Coffee,,$10.70,,,$5.35 per 100g,8639925,"A unique blend of dark roasted beans, with an authentic continental aroma and full-bodied flavour.",,,,coffee,https://www.coles.com.au/product/robert-timms-premium-espresso-extra-dark-roasted-granulated-coffee-200g-8639925,,,2024-06-16T01:22:17.645930-04:00
Ind55SColes_ADrinks_SACoffee_IBean Ground & Drunk Organic Decaffeinated Medium Roast Fairtrade Coffee | 250g,Bean Ground & Drunk Organic Decaffeinated Medium Roast Fairtrade Coffee | 250g,Bean Ground&Drunk,Drinks,Coffee,Ground coffee,,$8.75,,$11.00,$3.50 per 100g,2007099,"Roast Profile: Medium - Full
Strength: Light - Medium
Taste Profile
Ultra-clean and smooth, as espresso this certified Swiss Water Decaffeinated presents with an overall bright and fruity taste balanced with cashew and almond notes. This coffee sans caffeine is pleasantly tart and has a delicious viscosity on the palate.",,,,,https://www.coles.com.au/product/bean-ground-and-drunk-organic-decaffeinated-medium-roast-fairtrade-coffee-250g-2007099,,,2024-06-16T01:22:26.969642-04:00
Ind55SColes_ADrinks_SACoffee_IVittoria Mountain Grown Nespresso Compatible Coffee Capsules | 10 pack,Vittoria Mountain Grown Nespresso Compatible Coffee Capsules | 10 pack,Vittoria,Drinks,Coffee,Capsules,,$4.50,,$7.50,$0.45 per 1ea,4151959,"A full-strength coffee with a rich flavour and a delicate finish, Vittoria Mountain Grown is a premium blend of high-altitude 100% Arabica beans, delivering a fine espresso taste.
100% Arabica - Blend
Best Served: With Milk
Tasting Notes: Caramel, Dark chocolate, Smokey, Toasty
Intensity: 14
Compatible with: Nespresso* Original Machines
Australian Made: Our aluminium capsules are roasted and packed locally in Australia for optimal freshness.
By purchasing this product and other Vittoria packs bearing the OzHarvest mark you're helping to eliminate food waste and feed vulnerable Australians. For every kilo of coffee prepared for this pack, Vittoria donates $1 to OzHarvest which enables them to deliver two meals to people in need.
*Nespresso is a trademark of Societe des Produits Nestle SA. Neither that company nor its affiliates have manufactured or endorsed this product in any way and have no association to Vittoria Food & Beverage or the Vittoria Coffee brand. Compatible with Nespresso original machines (not compatible with the Vertuo System).",,,,,https://www.coles.com.au/product/vittoria-mountain-grown-nespresso-compatible-coffee-capsules-10-pack-4151959,,,2024-06-16T01:22:36.250823-04:00
Ind55SColes_ADrinks_SACoffee_IColes Coffee Decaffeinated | 100g,Coles Coffee Decaffeinated | 100g,Coles,Drinks,Coffee,Instant Coffee,,$4.00,,,$4.00 per 100g,5334660,Coles decaffinated coffee ideal for that morning coffee break or afternoon cuppa with friends enjoy the smooth bold flavour,,,,,https://www.coles.com.au/product/coles-coffee-decaffeinated-100g-5334660,,,2024-06-16T01:22:47.826803-04:00
Ind55SColes_ADrinks_SACoffee_IOasis Greek Style Coffee | 200g,Oasis Greek Style Coffee | 200g,Oasis,Drinks,Coffee,Ground coffee,,$5.70,,,$2.85 per 100g,204328,"Made in Australia from imported raw beans that are roasted, finely ground and packed by Griffiths Bros. Coffee Roasters.",,,,,https://www.coles.com.au/product/oasis-greek-style-coffee-200g-204328,,,2024-06-16T01:22:56.778767-04:00
Ind55SColes_ADrinks_SACoffee_IStarbucks By Nespresso Dark Espresso Roast Capsules | 10 pack,Starbucks By Nespresso Dark Espresso Roast Capsules | 10 pack,Starbucks,Drinks,Coffee,Capsules,,$7.90,Pick any 3 for $18,,$0.79 per 1ea,3613072,"Every espresso beverage we handcraft for you started right here. The quest began in 1975 with a search for the perfect melding of beans and roast, ending months of intense experimentation later with the coffee you're holding in your hand. A recipe for caramelly sweetness - so right it's never been changed.Years of focus and expertise have led to the Starbucks Roast Spectrum. Each coffee bean requires a unique balance of temperature and time to reach its individual peak of aroma, acidity, body and flavour.Dark Roast: Fuller-bodied and bold, our dark-roast coffees feature robust flavours and the characteristic essence of an intense roast.Enjoy Starbucks at home. The coffee you love without leaving the house.Coffee capsules for Nespresso coffee machines.Rich & Caramelly notes. Intense and caramelly sweet, this coffee is at the heart of our handcrafted latte.Intensity: 10Cup Recommendation: Espresso (40ml)Committed to 100% Ethical Coffee Sourcing in partnership with Conservation International.For NESPRESSO Machines.
- STARBUCKS coffee Pods by NESPRESSO with rich & caramelly notes

- Intensity: 11

- Intense and caramelly sweet, this coffee is at the heart of our handcrafted latte

- Coffee Pods compatible with NESPRESSO coffee machines

- Enjoy STARBUCKS at home. The coffee you love without leaving the house

- Committed to 100% Ethical Coffee Sourcing in partnership with Conservation International.",,,,Contents: 10 Capsules of Roast and Ground Coffee for the Nespresso System. 100% Arabica,https://www.coles.com.au/product/starbucks-by-nespresso-dark-espresso-roast-capsules-10-pack-3613072,,,2024-06-16T01:23:06.889580-04:00
Ind55SColes_ADrinks_SACoffee_IJarrah Salted Caramel Latte Instant Coffee | 250g,Jarrah Salted Caramel Latte Instant Coffee | 250g,Jarrah,Drinks,Coffee,Coffee mixes,,$3.75,,$7.50,$1.50 per 100g,2244491,,,,,,https://www.coles.com.au/product/jarrah-salted-caramel-latte-instant-coffee-250g-2244491,,,2024-06-16T01:23:16.242878-04:00
Ind55SColes_ADrinks_SACoffee_INescafe Farmers Origins India Espresso Capsules | 10 pack,Nescafe Farmers Origins India Espresso Capsules | 10 pack,Nescafe,Drinks,Coffee,Capsules,,$7.00,,,$0.70 per 1ea,3890640,"NESCAFE India Espresso is an outstanding blend of coffees from some of India's finest farmers. The lush, tropical lands of southern India are home to coffee, but also to all sorts of spices and fruit trees. NESCAFE India Espresso captures this biodiversity with its enticing cocoa and roasted notes.",,,,,https://www.coles.com.au/product/nescafe-farmers-origins-india-espresso-capsules-10-pack-3890640,,,2024-06-16T01:23:26.086043-04:00
Ind55SColes_ADrinks_SACoffee_IColes Urban Coffee Culture Medium Roast Beans | 1kg,Coles Urban Coffee Culture Medium Roast Beans | 1kg,Coles,Drinks,Coffee,Coffee beans,,$13.00,,,$1.30 per 100g,3616321,"Intensity: 7Stamp: Batch roasted in Melbourne, Victoria.Well balanced and full bodied with hints of milk chocolate and cinnamon, leaving a sweet caramel aftertaste.Our specially crafted coffee is sourced and roasted with passion for your enjoyment.",,,,,https://www.coles.com.au/product/coles-urban-coffee-culture-medium-roast-beans-1kg-3616321,,,2024-06-16T01:23:35.068571-04:00
Ind55SColes_ADrinks_SACoffee_IDaley Street Intense Aluminium Nespresso Compatible Coffee Capsules | 10 pack,Daley Street Intense Aluminium Nespresso Compatible Coffee Capsules | 10 pack,Daley Street,Drinks,Coffee,Capsules,,$5.00,,,$0.50 per 1ea,3928663,"IN THE HEART OF INNER-CITY PRESTON, OUR MELBOURNE ROASTERS HAVE TAKEN THEIR PASSION FOR COFFEE TO DEVELOP A SUSTAINABLE, SPECIALTY BLEND.MADE WITH QUALITY COLOMBIAN ARABICA & VIETNAMESE ROBUSTA BEANS, DALEY ST IS READY FOR YOU TO SAVOUR AT HOME.",,,,INGREDIENTS: Rainforest Alliance Certified Roasted and Ground Coffee in Capsules.,https://www.coles.com.au/product/daley-street-intense-aluminium-nespresso-compatible-coffee-capsules-10-pack-3928663,,,2024-06-16T01:23:44.741051-04:00
Ind55SColes_ADrinks_SACoffee_INescafe 98% SF Mocha Coffee Sachets | 10 pack,Nescafe 98% SF Mocha Coffee Sachets | 10 pack,Nescafe,Drinks,Coffee,Coffee mixes,,$7.60,,,$0.76 per 1ea,3984110,"As sweet as a hug from your best friend, only without the sugar. A mocha brings together long time BFFs, coffee and cocoa, for a sweet, warming and utterly delicious cup of goodness, and this frothy favourite just got even better. NESCAFE 98% SUGAR FREE MOCHA is now naturally sweetened for a simply deLIGHTful pick-me-up. With a delectable layer of velvety froth and quality coffee, enjoy a cafe style creamy mocha and treat yourself at any time in the comfort of your own home. All you need to do is add hot water and give it a good stir. The result is a delightfully creamy coffee that you can enjoy from the first to the last sip. So whatever you're up to, Now's good for a deliciously creamy NESCAFE 98% SUGAR FREE MOCHA. NESCAFE. Make Your World.
Available in 10 sachets per pack or in our value pack of 26 sachets.

We go beyond the cup. We're committed to sustainable sourcing and packaging so our coffee not only tastes good but also does good. Our coffee beans are roasted right here in Australia and 100% sustainably sourced.

We've also made the commitment to convert all of our packaging to 100% recyclable by 2025.",,,"Per 100g/ml
Per Serving
%DI
Energy
140kJ
200 kJ as prepared
2%
Protein
1g
1 g as prepared
1%
Total Fat
1.2g
1.8g
3%
Saturated Fat
1.1g
1.6 g as prepared
7%
Carbohydrate
2.9g
4.3 g as prepared
1%
Sugars
1g
1.4 g as prepared
2%
Sodium
60mg
100 mg as prepared
4%
Dietary Fibre (total)
1g
1 g as prepared
2%
* Percentage Daily Intakes are based on an average adult diet of 8700 kJ. Your daily intakes may be higher or lower depending on your energy needs.",,https://www.coles.com.au/product/nescafe-98percent-sf-mocha-coffee-sachets-10-pack-3984110,,,2024-06-16T01:23:56.001756-04:00
Ind55SColes_ADrinks_SACoffee_IDC Coffee Ground Darkness | 250g,DC Coffee Ground Darkness | 250g,DC,Drinks,Coffee,Coffee beans,,$8.00,,$10.00,$3.20 per 100g,3354860,"A terror from out of space...people on Earth, ''the Dark Side'' has arrived. For the robots, aliens, creatures of the night, and everything that lurks in the shadows be restored with the monstrous flavours of vanilla, almond and dark chocolate.
Sourced from Armenia, Colombia, Labareda, and Brazil
Vanilla, almond, and dark chocolate flavour
Walnut and cocoa aroma
Medium acidity
Medium-dark roast (Level 10)",,,,,https://www.coles.com.au/product/dc-coffee-ground-darkness-250g-3354860,,,2024-06-16T01:24:06.377762-04:00
Ind55SColes_ADrinks_SACoffee_IColes Urban Coffee Culture Decaf Aluminium | 10 pack,Coles Urban Coffee Culture Decaf Aluminium | 10 pack,Coles,Drinks,Coffee,Capsules,,$4.00,,,$0.40 per 1ea,5020796,"Our Story At Urban Coffee Culture, we're passionate coffee curators. First, we carefully select our beans from some of the world's best coffee growing regions. The beans are then blended, and batch roasted at our Melbourne roastery to bring out their full potential and flavour. The result is a delicious premium coffee that you can enjoy every day, knowing that each bean has been sourced from Rainforest Alliance Certified farms. Nespresso is a trade mark of Societe Des Products Nestle SA. Neither that company not its affiliates have manufactured or endorsed this product in any way.",,,,,https://www.coles.com.au/product/coles-urban-coffee-culture-decaf-aluminium-10-pack-5020796,,,2024-06-16T01:24:15.863758-04:00
Ind55SColes_ADrinks_SACoffee_IL'or Espresso Colombia Capsules | 40 pack,L'or Espresso Colombia Capsules | 40 pack,Lor,Drinks,Coffee,Capsules,,,,,,8057577,,,,,,https://www.coles.com.au/product/l'or-espresso-colombia-capsules-40-pack-8057577,,,2024-06-16T01:24:26.011155-04:00
Ind55SColes_ADrinks_SACoffee_ILavazza Passionale A Modo Mio Coffee Pods | 120g,Lavazza Passionale A Modo Mio Coffee Pods | 120g,Lavazza,Drinks,Coffee,Capsules,,$12.50,,,$0.78 per 1ea,1774208,"A Modo Mio Passionale delights with a smoky and slightly caramelised flavour that will delight your senses.

Made for Lavazza A Modo Mio machines, Passionale is a blend of Brazilian Arabica beans, with full-bodied notes of dried fruits, fused with those of India with their intense sweet aromas, rich deep roast giving a deeply balanced and full, slightly caramelised flavour, rich in smoky toasted notes.

Intensity: 11/13
Aroma: Caramel & Chocolate
Roast: Dark
Blend: 100% Arabica
Origin: Brazil & India",,,,100% Ground Coffee,https://www.coles.com.au/product/lavazza-passionale-a-modo-mio-coffee-pods-120g-1774208,,,2024-06-16T01:24:35.993284-04:00
Ind55SColes_ADrinks_SACoffee_IStarbucks Breakfast Blend Capsules By Nespresso | 10 pack,Starbucks Breakfast Blend Capsules By Nespresso | 10 pack,Starbucks,Drinks,Coffee,Capsules,,$7.90,Pick any 3 for $18,,$0.79 per 1ea,4405693,"STARBUCKS BREAKFAST BLEND by NESPRESSO Coffee Pods 10pkMedium RoastLively and Citrusy NotesIntensity 7Espresso 40ml / Lungo 110ml100% Arabica CoffeeWe introduced this blend in 1998 for those who prefer a milder cup of coffee in the morning. Sitting on the lighter side of medium roast; Starbucks Breakfast Blend is the result of playing with the roast and taste profile for a flavour that appeals to a wider range of palates. Perfect if you appeciate a less intense coffee with lots of character, it's lively and citrusy with a clean finish.For NESPRESSO Machines. Committed to 100% Ethical Coffee Sourcing in partnership with Conservation International
- STARBUCKS coffee Pods by NESPRESSO, lively and citrusy notes.

- Intensity: 7

- Espresso 40ml / Lungo 110ml

- Coffee Pods compatible with NESPRESSO Coffee Machines

- Enjoy STARBUCKS at home. The coffee you love without leaving the house

- A blend of fine Latin American beans roasted to a glistening, dark chestnut colour.

- Committed to 100% Ethical Coffee Sourcing in partnership with Conservation International.",,,,100% Arabica Roast & Ground Coffee,https://www.coles.com.au/product/starbucks-breakfast-blend-capsules-by-nespresso-10-pack-4405693,,,2024-06-16T01:24:44.891785-04:00
Ind55SColes_ADrinks_SACoffee_INestle Caro Extra Instant Beverage | 150g,Nestle Caro Extra Instant Beverage | 150g,Nestle,Drinks,Coffee,Instant Coffee,,$7.20,,,$4.80 per 100g,468319,"Nestle Caro Chicory & Rye Drink is a refreshing alternative to tea and coffee that can be enjoyed hot or cold. Made from the finest roasted Barley, Chicory, Rye and Barley malt. Each cup is a smooth blend that's caffeine free.",,,"Per 100g/ml
Per Serving
%DI
Energy
20kJ
40kJ
Protein
0.1g
0.1g
Total Fat
<0.1g
<0.1g
Saturated Fat
<0.1g
<0.1g
Carbohydrate
1g
2g
Sugars
0.1g
0.1g
Sodium
1mg
2mg
Caffeine
Undetected
Undetected
* Percentage Daily Intakes are based on an average adult diet of 8700 kJ. Your daily intakes may be higher or lower depending on your energy needs.",,https://www.coles.com.au/product/nestle-caro-extra-instant-beverage-150g-468319,,,2024-06-16T01:24:56.062740-04:00
Ind55SColes_ADrinks_SACoffee_IVittoria Espresso Coffee Beans | 1kg,Vittoria Espresso Coffee Beans | 1kg,Vittoria,Drinks,Coffee,Coffee beans,,$22.00,,$37.00,$2.20 per 100g,9184897,"Vittoria's original and iconic blend, Espresso has remained unchanged for over 50 years. This blend of 100% Arabica coffee beans is darkly roasted to deliver the strong flavour of traditional Italian espresso.
Blend: 100% Arabica
Roast: Medium to Dark
Origins: Central and South America
Tasting Notes: Honey, Toasty
Best Served as: Enjoy as an espresso or with milk",,,,,https://www.coles.com.au/product/vittoria-espresso-coffee-beans-1kg-9184897,,,2024-06-16T01:25:05.684928-04:00
Ind55SColes_ADrinks_SACoffee_IMoccona Mocha Kenya Style Rich & Exotic Instant Coffee | 200g,Moccona Mocha Kenya Style Rich & Exotic Instant Coffee | 200g,Moccona,Drinks,Coffee,Instant Coffee,,$16.00,,,$8.00 per 100g,7479335,"Mocha Kenya style.

Rich & Exotic.

At Moccona we care about coffee, the people who grow it and the planet it comes from.

Working together with our preferred partners like UTZ Certified, we help farmers prosper and help to preserve the environment.",,,,100% Coffee beans.,https://www.coles.com.au/product/moccona-mocha-kenya-style-rich-and-exotic-instant-coffee-200g-7479335,,,2024-06-16T01:25:16.575175-04:00
Ind55SColes_ADrinks_SACoffee_INescafe Caramel Latte Decaf | 10 pack,Nescafe Caramel Latte Decaf | 10 pack,Nescafe,Drinks,Coffee,Coffee mixes,,,,,,8056202,"Indulge in rich, mouth-watering caramel and smooth coffee without the caffeine buzz of a regular latte. NESCAFE Caramel Latte Decaf is the perfect cup for a moment of pure bliss! All you need to do is add hot water and give it a good stir. The result is a delightfully creamy coffee that you can enjoy from the first to the last sip. So whatever you're up to, Now's good for a deliciously creamy NESCAFE Caramel Latte Decaf. NESCAFE. Make Your World.
Available in 10 sachets per pack.",,,"Per 100g/ml
Per Serving
%DI
Energy
200kJ
300 kJ As Prepared
3%
Protein
1g
1 g As Prepared
2%
Total Fat
1.4g
3%
Saturated Fat
1g
1.9 g As Prepared
8%
Carbohydrate
9g
13.4 g As Prepared
4%
Sugars
5.3g
8 g As Prepared
9%
Sodium
55mg
83 mg As Prepared
4%
* Percentage Daily Intakes are based on an average adult diet of 8700 kJ. Your daily intakes may be higher or lower depending on your energy needs.",,https://www.coles.com.au/product/nescafe-caramel-latte-decaf-10-pack-8056202,,,2024-06-16T01:25:27.830639-04:00
Ind55SColes_ADrinks_SACoffee_IL'Or Espresso Vanilla Capsules | 10 pack,L'Or Espresso Vanilla Capsules | 10 pack,LOr,Drinks,Coffee,Capsules,,$5.50,,$7.50,$0.55 per 1ea,4823682,"A thrilling but delicate flavoured espresso. Magnificent vanilla scent greets you in the aroma, like a freshly sliced vanilla pod. Pleasantly round taste gives way to subtle zesty notes in the aftertaste. A perfectly balanced blend with rich and deep vanilla flavour.

Blended by L'OR coffee artists.
Round, delicate and rich vanilla ground coffee in single-dose capsules

Designed to blend perfectly with milk for a velvety creation

Contains natural flavours to craft a beautiful and smooth espresso

Ideal preparation is espresso (40mL)

Compatible with L'OR Barista and Nespresso* original coffee machines

100% Rainforest Alliance certified coffee beans.

100% recyclable capsules via partnership with Terracycle.",,,,,https://www.coles.com.au/product/l'or-espresso-vanilla-capsules-10-pack-4823682,,,2024-06-16T01:25:37.900786-04:00
Ind55SColes_ADrinks_SACoffee_ILavazza Dek Decaffeinated A Modo Mio Coffee Pods | 16 pack,Lavazza Dek Decaffeinated A Modo Mio Coffee Pods | 16 pack,Lavazza,Drinks,Coffee,Capsules,,$12.50,,,$0.78 per 1ea,3208722,"A Modo Mio Dek Cremoso is a decafinated but full-flavoured coffee with a well-balanced taste and sweet and balanced aroma.

The Lavazza decaffeination method leaves the unique characteristics of each origin unchanged.

Made for Lavazza A Modo Mio machines, Dek Cremoso is an exceptional decaffeinated blend of sweet and full-bodied Brazilian Arabica, decaffeinated using a purely natural method to keep its fragrance intact, full and well-balanced taste.

Intensity: 7/13
Aroma: Sweet and Balanced
Roast: Medium
Blend: Decaffeinated Arabica
Origin: Brazil",,,,,https://www.coles.com.au/product/lavazza-dek-decaffeinated-a-modo-mio-coffee-pods-16-pack-3208722,,,2024-06-16T01:25:47.122672-04:00
Ind55SColes_ADrinks_SABeverages_IMoccona Cafe Classics Cappuccino Sachets | 10 pack,Moccona Cafe Classics Cappuccino Sachets | 10 pack,Moccona,Drinks,Beverages,Coffee & tea,,$5.00,,,"$0.50 per 1ea
Was $6.00 on Jun 2024",4405627,"Indulge in a little me-time while enjoying the new smooth taste of a rich and creamy Cappuccino style coffee from Moccona. Finished with a thick layer of velvety froth for that indulgent cafe style experience that's perfect any time of day.
97% Sugar Free (as prepared with water)
Gluten Free
55 Calories per serve
Smooth taste and velvety froth",,,"Per 100g/ml
Per Serving
%DI
Energy
154
231
Protein
Less than 1g
Less than 1g
Total Fat
1.6g
2.4g
Saturated Fat
1.6g
2.4g
Carbohydrate
4.9g
7.4g
Sugars
2.3g
3.4g
Sodium
48mg
72mg
Energy (Cal)
37
55
Dietary Fibre (total)
Less than 1g
Less than 1g
* Percentage Daily Intakes are based on an average adult diet of 8700 kJ. Your daily intakes may be higher or lower depending on your energy needs.",,https://www.coles.com.au/product/moccona-cafe-classics-cappuccino-sachets-10-pack-4405627,,,2024-06-16T01:26:00.445379-04:00
Ind55SColes_ADrinks_SACoffee_IDaley Street Medium/Dark Aluminium Nespresso Compatible Coffee Capsules | 10 pack,Daley Street Medium/Dark Aluminium Nespresso Compatible Coffee Capsules | 10 pack,Daley Street,Drinks,Coffee,Capsules,,$5.00,,,$0.50 per 1ea,3745324,"In The Heart Of Inner-City Preston, Our Melbourne Roasters Have Taken Their Passion For Coffee To Develop A Sustainable, Specialty Blend. Made With Quality Brazilian, Colombian & Kenyan Arabica Beans, Daley St Is Ready For You To Savour At Home.",,,,INGREDIENTS: Rainforest Alliance Certified Roasted and Ground Coffee^ in Capsules.,https://www.coles.com.au/product/daley-street-mediumdark-aluminium-nespresso-compatible-coffee-capsules-10-pack-3745324,,,2024-06-16T01:26:10.863117-04:00
Ind55SColes_ADrinks_SACoffee_IVittoria Freeze Dried Latte Instant Coffee | 100g,Vittoria Freeze Dried Latte Instant Coffee | 100g,Vittoria,Drinks,Coffee,Instant Coffee,,$7.50,,$12.50,$7.50 per 100g,4737525,"A medium-dark roast of 100% freeze dried Arabica beans. Latte has been specifically blended to drink with milk. The word 'latte' is derived from the traditional Italian term 'Caffe Latte' which translates to 'Milk Coffee'.
This blend delivers a clean, medium bodied cup with a slightly sweet, caramel-like aftertaste.
Blend: Central and South America
Roast: Medium-Dark
Intensity: 12/15
Brewing Guide: Add 1-2 tbs to 85-92 water",,,,,https://www.coles.com.au/product/vittoria-freeze-dried-latte-instant-coffee-100g-4737525,,,2024-06-16T01:26:20.085066-04:00
Ind55SColes_ADrinks_SACoffee_IVittoria Black Compatible Coffee Capsules | 20 pack,Vittoria Black Compatible Coffee Capsules | 20 pack,Vittoria,Drinks,Coffee,Capsules,,,,,,8057511,,,,,,https://www.coles.com.au/product/vittoria-black-compatible-coffee-capsules-20-pack-8057511,,,2024-06-16T01:26:30.042979-04:00
Ind55SColes_ADrinks_SACoffee_IMoccona Cafe Classics Cappuccino Sachets | 30 pack,Moccona Cafe Classics Cappuccino Sachets | 30 pack,Moccona,Drinks,Coffee,Coffee mixes,,$12.00,,,$0.40 per 1ea,4405558,"Made with real Moccona coffee.

Indulge in a little me-time with our specially crafted cappucino blend. 

A delightfully rich and cream coffee experience, finished with a thick layer of velvety froth.

Enjoy cafe style coffees any time of day
- Moccona Strong Cappucino 
Wake up with our frothy strong cappucino
- Moccona Caramel Latte
Relax with our creamy caramel latte",,,"Per 100g/ml
Per Serving
%DI
Energy
154kJ
231kJ
Protein
Less than 1g
Less than 1g
Total Fat
1.6g
2.4g
Saturated Fat
1.6g
2.4g
Carbohydrate
4.9g
7.4g
Sugars
2.3g
3.4g
Sodium
48mg
72mg
Energy (Cal)
37Cal
55Cal
Dietary Fibre (total)
Less than 1g
Less than 1g
Gluten
0.0g
0.0g
* Percentage Daily Intakes are based on an average adult diet of 8700 kJ. Your daily intakes may be higher or lower depending on your energy needs.",,https://www.coles.com.au/product/moccona-cafe-classics-cappuccino-sachets-30-pack-4405558,,,2024-06-16T01:26:41.404554-04:00
Ind55SColes_ADrinks_SACoffee_INescafe Milkybar White Chocolate Mocha Coffee Sachets | 8 pack,Nescafe Milkybar White Chocolate Mocha Coffee Sachets | 8 pack,Nescafe,Drinks,Coffee,Coffee mixes,,$7.60,,,$0.95 per 1ea,4926630,"White choc lovers rejoice! We've created this Milkybar inspired NESCAFE White Choc Mocha just for you. This cheeky blend of thick, velvety froth, smooth white choc and rich creamy coffee is a frothy favourite match made in heaven. All you need to do is add hot water and give it a good stir. The result is a delightfully creamy coffee that you can enjoy from the first to the last sip. So whatever you're up to, Now's good for a deliciously creamy NESCAFE Flat White. If you love this, try the rest of our delicious range.
Available in 8 sachets per pack.

We go beyond the cup. We're committed to sustainable sourcing and packaging so our coffee not only tastes good but also does good. Our coffee beans are roasted right here in Australia and 100% sustainably sourced.

We've also made the commitment to convert all of our packaging to 100% recyclable by 2025.",,,"Per 100g/ml
Per Serving
%DI
Energy
210 kJ
310 kJ As Prepared
4%
Protein
1 g
1 g As Prepared
1%
Total Fat
1.5 g
3%
Saturated Fat
1.4 g
2.1 g As Prepared
9%
Carbohydrate
6.6 g
9.9 g As Prepared
3%
Sugars
5.8 g
8.6 g As Prepared
10%
Sodium
68 mg
100 mg As Prepared
4%
* Percentage Daily Intakes are based on an average adult diet of 8700 kJ. Your daily intakes may be higher or lower depending on your energy needs.",,https://www.coles.com.au/product/nescafe-milkybar-white-chocolate-mocha-coffee-sachets-8-pack-4926630,,,2024-06-16T01:26:53.104780-04:00
Ind55SColes_ADrinks_SACoffee_ISt Ali Italo Disco Coffee Beans | 500g,St Ali Italo Disco Coffee Beans | 500g,St Ali,Drinks,Coffee,Coffee beans,,$35.00,,,$7.00 per 100g,4823445,"The Euro holiday may be over but you can drink your coffee like you're still on it.
Italo Disco brings a taste of Italy to your morning brew. Bridging tradition and innovation, it honours Italian espresso heritage while boasting specialty roasting.
A dark yet smooth blend rich full of flavour.",,,,Roasted Whole Coffee Beans,https://www.coles.com.au/product/st-ali-italo-disco-coffee-beans-500g-4823445,,,2024-06-16T01:27:02.348885-04:00
Ind55SColes_ADrinks_SACoffee_IGrinders Cafe Q Cremello Coffee Beans | 1kg,Grinders Cafe Q Cremello Coffee Beans | 1kg,Grinders Cafe,Drinks,Coffee,Coffee beans,,$23.50,,$47.00,$2.35 per 100g,6330788,"Grinders Coffee Roasters, crafted by Master Roasters. Since 1962 we have been delivering quality coffee with passion and expertise.

Grinders Coffee Cafe-Q Beans Cremello has been specially selected, batch roasted and blended by our Grinders Master Roaster for a cafe-quality coffee at home. The blend is well-rounded and versatile and has a  sweet flavour profile with nut, milk chocolate, and caramel notes.
Blend: 100% imported green coffee beans roasted and packed in Australia

Roast: Medium

Origins: 100% imported green coffee beans roasted and packed in Australia

Tasting Notes: Milk Chocolate, Caramel, Nutty

Best Brewed: Espresso machine or grind accordingly for other preparations",,,,100% imported green coffee beans roasted and packed in Australia.,https://www.coles.com.au/product/grinders-cafe-q-cremello-coffee-beans-1kg-6330788,,,2024-06-16T01:27:11.626431-04:00
Ind55SColes_ADrinks_SACoffee_ILavazza Delizioso A Modo Mio Coffee Pods | 16 pack,Lavazza Delizioso A Modo Mio Coffee Pods | 16 pack,Lavazza,Drinks,Coffee,Capsules,,$12.50,,,$0.78 per 1ea,1774194,"A Modo Mio Delizioso delights with a floral bouquet, sweet aftertaste and aromatic, slightly liqueur-like flavour notes.

Made for Lavazza A Modo Mio machines, Delizioso is a blend of Brazilian Arabica coffees, with an aroma of white grapes and notes of dried fruits, skilfully combined with sweet flowery Indian Arabica in a delicate roast.
Intensity: 8/13
Aroma: Smooth Floral Notes
Roast: Medium
Blend: 100% Arabica
Origin: India & Greater Asia",,,,100% Ground Coffee,https://www.coles.com.au/product/lavazza-delizioso-a-modo-mio-coffee-pods-16-pack-1774194,,,2024-06-16T01:27:21.558302-04:00
Ind55SColes_ADrinks_SACoffee_INestle Coffee & Milk | 395g,Nestle Coffee & Milk | 395g,Nestle,Drinks,Coffee,Coffee mixes,,$5.00,,,$1.27 per 100g,3995999,"Nestle Coffee and Milk provides you with the convenience of coffee, milk and sugar all in one pack. Just add hot water for an instant cup of coffee. It is perfect for the outdoors as it is made from long life milk, so you can take it with you camping, fishing, hiking or boating. Nestle Coffee and Milk is also handy for work when coffee facilities are limited. It can also be used in a coffee dessert.",,,"Per 100g/ml
Per Serving
%DI
Energy
1300kJ
325kJ
4%
Protein
6.8g
1.7g
3%
Total Fat
7.1g
1.8g
3%
Saturated Fat
4.1g
1g
4%
Carbohydrate
54g
13.5g
4%
Sugars
53.6g
13.4g
15%
Sodium
180mg
45mg
2%
* Percentage Daily Intakes are based on an average adult diet of 8700 kJ. Your daily intakes may be higher or lower depending on your energy needs.",,https://www.coles.com.au/product/nestle-coffee-and-milk-395g-3995999,,,2024-06-16T01:27:32.838106-04:00
Ind55SColes_ADrinks_SABeverages_ILavazza Prontissimo Espresso Premium Instant Coffee | 95g,Lavazza Prontissimo Espresso Premium Instant Coffee | 95g,Lavazza,Drinks,Beverages,Coffee & tea,,$8.25,,,"$8.68 per 100g
Was $11.00 on Apr 2024",3756524,"Lavazza Prontissimo! brings you the real Italian taste in an instant.
Much more than an instant coffee, Prontissimo! in an extraordinary blend enriched with selected Arabica and finely ground coffee, for an authentic Italian taste experience.
Everything we love in espresso: lingering crema, long-tasting and intense flavor.",,,,"Instant Coffee (95%), Roasted Ground Coffee (5%)",https://www.coles.com.au/product/lavazza-prontissimo-espresso-premium-instant-coffee-95g-3756524,,,2024-06-16T01:27:42.130257-04:00
Ind55SColes_ADrinks_SACoffee_ILavazza Medium Roast Smooth And Aromatic Coffee Beans | 1kg,Lavazza Medium Roast Smooth And Aromatic Coffee Beans | 1kg,Lavazza,Drinks,Coffee,Coffee beans,,$26.60,,$38.00,$2.66 per 100g,8967050,"Qualita Oro is a combination of 6 varieties of Arabica beans from Central & South America. The perfect symphony of taste you can enjoy every day, like every Italian family.

Qualita Oro is the very first Lavazza blend, created in 1956 by Luigi Lavazza in his small roasting lab in Turin, with a dark colour, velvety texture, notes of fruit and flowers.

Intensity: 5/10
Aroma: Fruity & Floral
Roast: Medium
Blend: 100% Arabica
Origin: Central & South America",,,,,https://www.coles.com.au/product/lavazza-medium-roast-smooth-and-aromatic-coffee-beans-1kg-8967050,,,2024-06-16T01:27:51.690423-04:00
Ind55SColes_ADrinks_SACoffee_IDaley Street Dark Coffee Ground | 200g,Daley Street Dark Coffee Ground | 200g,Daley Street,Drinks,Coffee,Ground coffee,,$9.00,,,$4.50 per 100g,3956170,"Daley StProudly developed &roasted in Preston, MelbourneDark RoastGroundIntense 12Brazilian, Honduran & Ethiopian Arabica BeansDeliver notes of Cocoa - Blackcurrant - Clove",,,,INGREDIENTS: Rainforest Alliance Certified Roasted and Ground Coffee.,https://www.coles.com.au/product/daley-street-dark-coffee-ground-200g-3956170,,,2024-06-16T01:28:01.959463-04:00
Ind55SColes_ADrinks_SACoffee_INescafe Dolce Gusto Americano Coffee Capsules 16 pack | 128g,Nescafe Dolce Gusto Americano Coffee Capsules 16 pack | 128g,Nescafe,Drinks,Coffee,Capsules,,$10.00,,,$0.63 per 1ea,3354509,"[Discover NESCAFE DOLCE GUSTO Americano Rich Aroma.Our talented coffee creators have blended Vietnam origin Arabica and Robusta coffee beans. This long cup is an elegant coffee with fruity and floral notes, a medium body and a fine crema. Americano Rich Aroma is enjoyed best in a large mug. With or Without milk.The box contains 16 capsules designed for NESCAFE DOLCE GUSTO capsule coffee machines for you to prepare 16 cups of Americano Rich Aroma. Simply slide your Americano capsule into your NESCAFE DOLCE GUSTO machine. Our expertise is creating great-looking, great-tasting coffee.The team at NESCAFE DOLCE GUSTO has joined forces with TerraCycle, to collect and recycle your used capsules, preventing them from ending up in landfill and giving the capsule materials a second life!, null]
Our talented coffee creators have blended Vietnam origin Arabica and Robusta coffee beans.

This long cup is an elegant coffee with fruity and floral notes, a medium body and a fine crema. Americano Rich Aroma is enjoyed best in a large mug. With or Without milk.

The box contains 16 capsules designed for NESCAF DOLCE GUSTO capsule coffee machines for you to prepare 16 cups of Americano Rich Aroma.

Our expertise is creating great-looking, great-tasting coffee.

The team at NESCAF DOLCE GUSTO has joined forces with TerraCycle, to collect and recycle your used capsules, preventing them from ending up in landfill and giving the capsule materials a second life!",,,,Roast & Ground Coffee,https://www.coles.com.au/product/nescafe-dolce-gusto-americano-coffee-capsules-16-pack-128g-3354509,,,2024-06-16T01:28:11.025495-04:00
Ind55SColes_ADrinks_SACoffee_INescafe Blend 43 Instant Coffee | 500g,Nescafe Blend 43 Instant Coffee | 500g,Nescafe,Drinks,Coffee,Instant Coffee,,$26.00,,,$5.20 per 100g,202672,"Every cup you drink can make a difference. Creating the perfect cup of bold and smooth coffee NESCAFE Blend 43 is proudly made from 100% responsibly sourced coffee beans. We take care & craft in individually roasting our Bold Robusta & Smooth Arabica coffee beans, bringing out their unique flavour & aroma. They are then blended to create the perfect cup. Through using 100% responsibly sourced coffee beans in NESCAFE Blend 43, we are making a difference for coffee farmers, helping to improve their lands and livelihoods.We are making a difference by sourcing 100% renewable electricity and using coffee grounds left over from the brewing process to help power our NESCAFE factory in Gympie, Queensland. What makes a NESCAFE Blend 43 cup of coffee more enjoyable is that every time you enjoy a cup, you are not just enjoying your favourite cup of coffee, you are also making a difference.
Intensity Score: 5 (Medium Roast)

-Roasted and blended right here in country Queensland, Australia.

-100% of NESCAF BLEND 43 coffee beans are sustainably sourced.

-NESCAF BLEND 43 tin, caps and glass jars are 100% recyclable. Plus, 60% of the energy powering our NESCAF factory comes from renewable energy, including used coffee grounds.

-A 500g Tin makes 294 cups of coffee and is great value, perfect for the household or small office of coffee lovers and great for spaces where you want the safety of no glass.",,,,100% Natural Coffee Beans.,https://www.coles.com.au/product/nescafe-blend-43-instant-coffee-500g-202672,,,2024-06-16T01:28:20.264799-04:00
Ind55SColes_ADrinks_SACoffee_IColes Coffee Mocha 180g | 10 Pack,Coles Coffee Mocha 180g | 10 Pack,Coles,Drinks,Coffee,Coffee mixes,,$3.25,,,$0.33 per 1ea,6169627,"Mocha Deliciously rich and frothy coffee drink. For a creamier treat, try adding hot milk instead of water. Instant Coffee Drink",,,"Per 100g/ml
Per Serving
%DI
Energy
216.40
324.60
Protein
1.47
2.20
Total Fat
1.20
1.80
Carbohydrate
8.40
12.60
Sugars
6.00
9.00
Sodium
40.67
61.00
Saturated
1.13
1.70
Energy (Cal)
51.77
77.66
Dietary Fibre (total)
0.53
0.80
Gluten
0.00
0.00
* Percentage Daily Intakes are based on an average adult diet of 8700 kJ. Your daily intakes may be higher or lower depending on your energy needs.",,https://www.coles.com.au/product/coles-coffee-mocha-180g-10-pack-6169627,,,2024-06-16T01:28:31.620366-04:00
Ind55SColes_ADrinks_SACoffee_INestle Coffee Mate Whitener | 400g,Nestle Coffee Mate Whitener | 400g,Nestle,Drinks,Coffee,Coffee accessories,,$4.50,,,$1.13 per 100g,9693948,COFFEE MATE is the original rich and deliciously creamy non-dairy creamer. Perfect anytime you want to enjoy a velvety-smooth cup of coffee.,,,"Per 100g/ml
Per Serving
%DI
Energy
2300 kJ
90 kJ
1%
Protein
1.2 g
1 g
0.1%
Total Fat
34.9 g
2%
Saturated Fat
32 g
1.3 g
5%
Carbohydrate
57.1 g
2.3 g
0.7%
Sugars
8.8 g
1 g
0.4%
Sodium
225 mg
9 mg
0.4%
* Percentage Daily Intakes are based on an average adult diet of 8700 kJ. Your daily intakes may be higher or lower depending on your energy needs.",,https://www.coles.com.au/product/nestle-coffee-mate-whitener-400g-9693948,,,2024-06-16T01:28:43.337828-04:00
Ind55SColes_ADrinks_SACoffee_IMoccona Hot/Cold Vanilla Latte Sachets | 8 pack,Moccona Hot/Cold Vanilla Latte Sachets | 8 pack,Moccona,Drinks,Coffee,Coffee mixes,,,,,,8057635,,,,,,https://www.coles.com.au/product/moccona-hotcold-vanilla-latte-sachets-8-pack-8057635,,,2024-06-16T01:28:52.494507-04:00
Ind55SColes_ADrinks_SACoffee_IRepublica Organic Capsules Paris | 20 pack,Republica Organic Capsules Paris | 20 pack,Republica Organic,Drinks,Coffee,Capsules,,$11.50,,,$0.58 per 1ea,3766197,"Nespresso Compatible*
*Republica Coffee Capsules are made to fit your Nespresso coffee machines.
Move Mountains
But First... Coffee
Bonjour flavour. This velvety, sweet blend will take you to Paris in a sip. Republica's Paris Coffee Pods are best enjoyed with a fresh croissant, while booking flights to Europe.",,,,,https://www.coles.com.au/product/republica-organic-capsules-paris-20-pack-3766197,,,2024-06-16T01:29:01.552001-04:00
Ind55SColes_ADrinks_SABeverages_IMoccona Espresso Style Bold & Intense Instant Coffee | 400g,Moccona Espresso Style Bold & Intense Instant Coffee | 400g,Moccona,Drinks,Beverages,Coffee & tea,,$22.00,,,"$5.50 per 100g
Was $28.00 on Jun 2024",2269175,"The perfect coffee to enjoy every day.

The heritage behind Moccona was born half a world away in the quaint Netherlands' village of Joure in 1753. Originally sold in delicatessens and small specialty stores, it symbolised the little indulgence from Europe that added to the pleasures of everyday.

Known for its premium taste and elegant glass jar, Moccona has become a much-loved classic in homes all over Australia.

Moccona blends are created by bringing together the world's finest beans: Arabica and the Robusta. The Arabica has a softer sweeter taste with berry and fruit tones while the Robusta bean has a deep rich flavour.

Together they bring the magical blend and character you expect from the perfect cup of coffee. Every time you smell the aroma of Moccona, you'll be reminded of the great passion that drives us to create moments of pure indulgence - just for you.

At Moccona, we care about coffee, the people who grow it and the planet it comes from.

Working together with our preferred partners like UTZ Certified, we help farmers propers and help to preserve the environments.",,,,,https://www.coles.com.au/product/moccona-espresso-style-bold-and-intense-instant-coffee-400g-2269175,,,2024-06-16T01:29:10.661375-04:00
Ind55SColes_ADrinks_SACoffee_IVittoria Coffee Bags Espresso Blend | 20 pack,Vittoria Coffee Bags Espresso Blend | 20 pack,Vittoria,Drinks,Coffee,Instant Coffee,,$7.50,,$12.50,$0.38 per 1ea,3988621,"Espresso is our original blend first created over 60 years ago. This iconic blend of 100% Arabica coffee beans is a dark roast delivering a smooth, strong flavour of traditional Italian coffee.
For over 60 years, our ambition has been to provide Australians with the finest coffee in any format they choose. That's why our convenient, single-serve coffee bags contain only 100% Arabica coffee to produce the flavour and aroma you would expect from a barista made coffee.
Tasting notes: Honey, Toast",,,,,https://www.coles.com.au/product/vittoria-coffee-bags-espresso-blend-20-pack-3988621,,,2024-06-16T01:29:19.926962-04:00
Ind55SColes_ADrinks_SACoffee_IMoccona Caramel Flavor Infused Instant Coffee | 95g,Moccona Caramel Flavor Infused Instant Coffee | 95g,Moccona,Drinks,Coffee,Instant Coffee,,$11.50,,,$12.11 per 100g,9928848,Moscone Coffee Caramel Experience a more indulgent coffee moment with a delicious hint of natural flavour.,,,,"Coffee Beans, Natural Flavouring.",https://www.coles.com.au/product/moccona-caramel-flavor-infused-instant-coffee-95g-9928848,,,2024-06-16T01:29:29.217323-04:00
Ind55SColes_ADrinks_SACoffee_INescafe Blend 43 Instant Decaf | 250g,Nescafe Blend 43 Instant Decaf | 250g,Nescafe,Drinks,Coffee,Instant Coffee,,$21.00,,,$8.40 per 100g,7229983,"Every cup you drink can make a difference. When you want a brew without the buzz, this bold & smooth roast is the perfect choice. Pure water is used to gently remove the caffeine, while the medium roast gives it a rich flavour and aroma. A cup of NESCAFE Blend 43 Decaf contains no more than 5mg of caffeine per 1.7g serve.Through using 100% responsibly sourced coffee beans in NESCAFE Blend 43, we are making a difference for coffee farmers, helping to improve their lands and livelihoods.We are making a difference by sourcing 100% renewable electricity and using coffee grounds left over from the brewing process to help power our NESCAFE factory in Gympie, Queensland. What makes a NESCAFE Blend 43 cup of coffee more enjoyable is that every time you enjoy a cup, you are not just enjoying your favourite cup of coffee, you are also making a difference.
Intensity Score: 5 (Medium Roast)

- Decaffeinated using only water.

- Roasted and blended right here in country Queensland, Australia.

- 100% of NESCAF BLEND 43 coffee beans are sustainably sourced.

- NESCAF BLEND 43 tin, caps and glass jars are 100% recyclable. Plus, 60% of the energy powering our NESCAF factory comes from renewable energy, including used coffee grounds.

- A 250g Jar is recyclable and makes approx. 147 cups of coffee based on 1.7g per cup. It's perfect for the household offering great value in a convenient size..",,,,,https://www.coles.com.au/product/nescafe-blend-43-instant-decaf-250g-7229983,,,2024-06-16T01:29:38.589358-04:00
Ind55SColes_ADrinks_SACoffee_IL'OR Espresso Decaffeinato Ristretto Intensity 9 Coffee Capsules 52g | 10 pack,L'OR Espresso Decaffeinato Ristretto Intensity 9 Coffee Capsules 52g | 10 pack,LOR,Drinks,Coffee,Capsules,,$5.50,,$7.50,$0.55 per 1ea,3193396,"Rich, sweet notes of marzipan are contrasted with a fresh citrus burst in this intriguing blend. The waves of taste and aroma work together to create a symphony of flavours and a powerful espresso experience. 

Blended by L'OR Coffee Artists
Rich, bright and sweet ground coffee in single-dose capsules
Ideal preparation is ristretto (25mL) and espresso (40mL)
Compatible with L'OR Barista and Nespresso* original coffee machines
100% Rainforest Alliance certified coffee beans
100% recyclable capsules via partnership with Terracycle",,,,,https://www.coles.com.au/product/l'or-espresso-decaffeinato-ristretto-intensity-9-coffee-capsules-52g-10-pack-3193396,,,2024-06-16T01:29:47.803372-04:00
Ind55SColes_ADrinks_SACoffee_ICaffe Aurora Italian Blend Beans Coffee | 1kg,Caffe Aurora Italian Blend Beans Coffee | 1kg,Caffe Aurora,Drinks,Coffee,Coffee beans,,$19.00,,,$1.90 per 100g,4824415,"Caffe Aurora embodies the essence of traditional Italian-style coffeefull-bodied, bold and well balanced. For over 40 years, we have been committed to sourcing the finest raw coffees from around the world and roast them locally for freshness. Boasting a strong, well-rounded flavour, Caffe Aurora Italian blend is a dark roast that has been expertly crafted with the traditional espresso drinker in mind. Caffe Aurora Italian blend is an intense, full-bodied cup producing an authentic Italian-style coffee. Roasted and packed in Australia from imported raw coffees. Tasting Notes: Dark Chocolate, Smokey",,,,,https://www.coles.com.au/product/caffe-aurora-italian-blend-beans-coffee-1kg-4824415,,,2024-06-16T01:29:56.648871-04:00
Ind55SColes_ADrinks_SACoffee_ILavazza Tales Of Italy Alluring Napoli Premium Coffee Beans | 500g,Lavazza Tales Of Italy Alluring Napoli Premium Coffee Beans | 500g,Lavazza,Drinks,Coffee,Coffee beans,,$25.00,,,$5.00 per 100g,6277834,"Explore the coffee stories of the most iconic and authentic Italian cities.

Roasted right here in Australia, Lavazza Alluring Napoli is a superior blend composed of Brazilian Arabica and prestigious Robusta Conillon, distinguished by the intensity of a long roast and notes of toasted cereals and caramel.

Intensity: 7/10
Aroma: Chocolate & Caramel
Roast: Dark
Blend: Brazilian Arabica & Prestigious Robusta Conillon
Origin: South America",,,,,https://www.coles.com.au/product/lavazza-tales-of-italy-alluring-napoli-premium-coffee-beans-500g-6277834,,,2024-06-16T01:30:05.872152-04:00
Ind55SColes_ADrinks_SACoffee_IVittoria Nespresso Compatible Capsules Variety Pack | 40 pack,Vittoria Nespresso Compatible Capsules Variety Pack | 40 pack,Vittoria,Drinks,Coffee,Capsules,,$21.00,,,$0.53 per 1ea,6345050,"Vittoria's Extra Strong Variety Pack is a collection of our strongest 100% Arabica capsule blends, including Italian, Latte, Mountain Grown and Espresso.",,,,,https://www.coles.com.au/product/vittoria-nespresso-compatible-capsules-variety-pack-40-pack-6345050,,,2024-06-16T01:30:14.864587-04:00
Ind55SColes_ADrinks_SACoffee_INescafe Dolce Gusto Ristretto Ardenza Coffee Capsules | 16 pack,Nescafe Dolce Gusto Ristretto Ardenza Coffee Capsules | 16 pack,Nescafe,Drinks,Coffee,Capsules,,,,,,8059743,,,,,,https://www.coles.com.au/product/nescafe-dolce-gusto-ristretto-ardenza-coffee-capsules-16-pack-8059743,,,2024-06-16T01:30:24.267145-04:00
Ind55SColes_ADrinks_SACoffee_IDaley Street Freeze Dried Instant Coffee | 100g,Daley Street Freeze Dried Instant Coffee | 100g,Daley Street,Drinks,Coffee,Instant Coffee,,$9.00,,,$9.00 per 100g,6495391,,,,,INGREDIENTS: Freeze Dried Instant Arabica Coffee^.,https://www.coles.com.au/product/daley-street-freeze-dried-instant-coffee-100g-6495391,,,2024-06-16T01:30:33.914368-04:00
Ind55SColes_ADrinks_SA_IRepublica Organic South American Medium Roast Freeze Dried Instant Coffee | 100g,Republica Organic South American Medium Roast Freeze Dried Instant Coffee | 100g,Republica Organic,Drinks,,,,$9.50,,,"$9.50 per 100g
Was $12.00 on May 2024",8649077,"Move Mountains
But First... Coffee
Good things aren't just for those who wait, get great coffee - instantly. With a rich caramel aroma and velvety smooth finish, it's obvious why Republica's South American blend was selected as Australia's best tasting instant coffee*.
*As judged by Good Food 2020.",,,,,https://www.coles.com.au/product/republica-organic-south-american-medium-roast-freeze-dried-instant-coffee-100g-8649077,,,2024-06-16T01:30:42.772021-04:00
Ind55SColes_ADrinks_SACoffee_INescafe Blend 43 Coffee Dark Roast | 250g,Nescafe Blend 43 Coffee Dark Roast | 250g,Nescafe,Drinks,Coffee,Instant Coffee,,$13.00,,,$5.20 per 100g,4934796,"Every cup you drink can make a difference.Kickstart your day the right way with NESCAFE Blend 43 Dark Roast, the perfect blend that is both rich and roasty while still smooth and easy to drink. NESCAFE Blend 43 Dark Roast is created with 100% responsibly sourced coffee beans that are then expertly roasted to create a richer and roastier coffee without the bitterness. Through using 100% responsibly sourced coffee beans in NESCAFE Blend 43, we are making a difference for coffee farmers, helping to improve their lands and livelihoods.We are making a difference by sourcing 100% renewable electricity and using coffee grounds left over from the brewing process to help power our NESCAFE factory in Gympie, Queenslands. What makes a NESCAFE Blend 43 cup of coffee more enjoyable is that every time you enjoy a cup, you are not just enjoying your favourite cup of coffee, you are also making a difference.
Intensity Score: 8 (Intense Roast)",,,,,https://www.coles.com.au/product/nescafe-blend-43-coffee-dark-roast-250g-4934796,,,2024-06-16T01:30:52.268855-04:00
Ind55SColes_ADrinks_SACoffee_IUrban Coffee Culture Freeze Dried | 100g,Urban Coffee Culture Freeze Dried | 100g,Urban Coffee Culture,Drinks,Coffee,Instant Coffee,,,,,,7647688,,,,,,https://www.coles.com.au/product/urban-coffee-culture-freeze-dried-100g-7647688,,,2024-06-16T01:31:01.239365-04:00
Ind55SColes_ADrinks_SACoffee_INescafe Cafe Menu Coffee Cappuccino Strong | 26 Pack,Nescafe Cafe Menu Coffee Cappuccino Strong | 26 Pack,Nescafe,Drinks,Coffee,Coffee mixes,,$11.00,,,$0.42 per 1ea,2868034,"Add a kick to your regular cappuccino with a delicious cup of NESCAFE Strong Cappuccino. With a delectable layer of velvety froth and intense coffee flavour, enjoy a cafe style creamy cappuccino and treat yourself at any time in the comfort of your own home. All you need to do is add hot water, give it a good stir and top it off with a sprinkle of some choc topping. The result is a delightfully creamy coffee that you can enjoy from the first to the last sip. So whatever you're up to, Now's good for a deliciously creamy NESCAFE Strong Cappuccino. NESCAFE. Make Your World.
Available in 10 sachets per pack or in our value pack of 26 sachets.

We go beyond the cup. We're committed to sustainable sourcing and packaging so our coffee not only tastes good but also does good. Our coffee beans are roasted right here in Australia and 100% sustainably sourced.

We've also made the commitment to convert all of our packaging to 100% recyclable by 2025.

Includes a chocolate shaker.",,,"Per 100g/ml
Per Serving
%DI
Energy
140kJ
210 kJ as prepared
2%
Protein
1g
1.2 g as prepared
2%
Total Fat
1.2g
1.5g
3%
Saturated Fat
1.1g
1.6 g as prepared
7%
Carbohydrate
6.4g
9.6 g as prepared
3%
Sugars
2.6g
3.9 g as prepared
4%
Sodium
41mg
62 mg as prepared
3%
* Percentage Daily Intakes are based on an average adult diet of 8700 kJ. Your daily intakes may be higher or lower depending on your energy needs.",,https://www.coles.com.au/product/nescafe-cafe-menu-coffee-cappuccino-strong-26-pack-2868034,,,2024-06-16T01:31:12.856015-04:00
Ind55SColes_ADrinks_SACoffee_INescafe Blend 43 Instant Coffee | 50g,Nescafe Blend 43 Instant Coffee | 50g,Nescafe,Drinks,Coffee,Instant Coffee,,$6.50,,,$13.00 per 100g,116220,"Every cup you drink can make a difference. Creating the perfect cup of bold and smooth coffee NESCAFE Blend 43 is proudly made from 100% responsibly sourced coffee beans. We take care & craft in individually roasting our Bold Robusta & Smooth Arabica coffee beans, bringing out their unique flavour & aroma. They are then blended to create the perfect cup. Through using 100% responsibly sourced coffee beans in NESCAFE Blend 43, we are making a difference for coffee farmers, helping to improve their lands and livelihoods.We are making a difference by sourcing 100% renewable electricity and using coffee grounds left over from the brewing process to help power our NESCAFE factory in Gympie, Queensland. What makes a NESCAFE Blend 43 cup of coffee more enjoyable is that every time you enjoy a cup, you are not just enjoying your favourite cup of coffee, you are also making a difference.
Intensity Score: 5 (Medium Roast)

-Roasted and blended in country Queensland, Australia.

-100% of NESCAF BLEND 43 coffee beans are sustainably sourced.

-NESCAF BLEND 43 tin, caps and glass jars are 100% recyclable. Plus, 60% of the energy powering our NESCAF factory comes from renewable energy, including used coffee grounds.

-A 50g Jar is recyclable and makes approx. 29 cups of coffee based on 1.7g per cup. It's the ideal companion for holidays or getaways and will fit nicely on your desk or drawer at work.",,,,100% Natural Coffee Beans. Soluble Coffee.,https://www.coles.com.au/product/nescafe-blend-43-instant-coffee-50g-116220,,,2024-06-16T01:31:22.165654-04:00
Ind55SColes_ADrinks_SACoffee_IL'or Espresso Breakfast Variety Capsules | 40 pack,L'or Espresso Breakfast Variety Capsules | 40 pack,Lor,Drinks,Coffee,Capsules,,,,,,8057588,"The L'OR Espresso Breakfast Collection includes four rich and full-bodied capsules from our ristretto and espresso ranges. Let yourself be tempted by our selection of intense coffees and savor rich and powerful aromas that will delight your taste buds.

Ultimo 11
Ultimo reveals the smoothest characteristics of dark-roasted coffee with balanced intensity. Its fruity notes survive the high roast for an intriguing coffee experience. 
Smooth - Intense - Fruity

Lungo Estremo 10
An exciting blend of sharp, red fruit notes contrasted with hints of soft vanilla. A full-bodied, roasted profile with touches of smokiness. Its flavours move in different directions, full of action and movement.
Fruity - Smokey - Complex

Lungo Profondo 8
The journey is an adventure in taste and aroma. As it departs, it leaves behind a distinct aftertaste, lingering for long enough to draw you in and keep you yearning for more.
Toasty - Fruity - Distinct

Colombia 8
This smooth and sweet blend captures that warmth with it's citrus fruit notes, complexity at the core, tangy and elegant velvetey aftertaste.
Smooth - Sweet - Fruity

Blended by L'OR Coffee Artists
Rich and full-bodied ground coffees in single-dose capsules

Ideal preparation is espresso (40mL) and lungo (110mL)

Compatible with L'OR Barista and Nespresso* original coffee machines

100% Rainforest Alliance certified coffee beans

100% recyclable capsules via partnership with Terracycle",,,,,https://www.coles.com.au/product/l'or-espresso-breakfast-variety-capsules-40-pack-8057588,,,2024-06-16T01:31:32.321237-04:00
Ind55SColes_ADrinks_SACoffee_IStarbucks Nespresso Compatible Capsules Caramel | 10 pack,Starbucks Nespresso Compatible Capsules Caramel | 10 pack,Starbucks,Drinks,Coffee,Capsules,,$7.90,Pick any 3 for $18,,$0.79 per 1ea,6190260,"Smooth, buttery caramel and vanilla notes are waiting in every well-rounded cup of Starbucks Smooth Caramel by Nespresso. It's the darker side of our blonde roast, to be enjoyed at the touch of a button - with or without milk for an oh-so-delicious cup for your next Starbucks moment.
- STARBUCKS coffee Pods by NESPRESSO with smooth & sweet notes

- Intensity: 6

- Coffee Pods compatible with NESPRESSO coffee machines

- Enjoy STARBUCKS at home. The coffee you love without leaving the house",,,,,https://www.coles.com.au/product/starbucks-nespresso-compatible-capsules-caramel-10-pack-6190260,,,2024-06-16T01:31:42.029383-04:00
Ind55SColes_ADrinks_SACoffee_IDaley Street Daley Street Medium Aluminium Nespresso Compatible Coffee Capsules | 10 pack,Daley Street Daley Street Medium Aluminium Nespresso Compatible Coffee Capsules | 10 pack,Daley Street,Drinks,Coffee,Capsules,,$5.00,,,$0.50 per 1ea,3745415,Medium Roast 10x Aluminium Capsules SMOOTH 8 Colombian & Kenyan Arabica beansDelivers notes of Chocolate - Liquorice - ToffeeNespresso Machine Compatible*,,,,,https://www.coles.com.au/product/daley-street-daley-street-medium-aluminium-nespresso-compatible-coffee-capsules-10-pack-3745415,,,2024-06-16T01:31:51.175767-04:00
Ind55SColes_ADrinks_SACoffee_INescafe Dolce Gusto Capsules Flat White | 16 pack,Nescafe Dolce Gusto Capsules Flat White | 16 pack,Nescafe,Drinks,Coffee,Capsules,,,,,,3208085,"Inspired by the most velvety signature-cup in Australia.

Born in the stylish coffee shops of Australia and New Zealand, the Flat White earned its reputation thanks to the fine milk so skilfully prepared by baristas and then carefully poured into a bold Espresso, creating a uniquely mellow texture with marbled, nut-coloured foam. Discover our smooth Flat White in the comfort of own home and fall for its delicious, sweet caramelly notes. 

A wide choice of coffee creations and more!

Whether you like your coffee short or long, smooth or intense, black or white, we have it all for you to find your favourite.

More creations:
dolce-gusto.com
Our talented coffee creators have combined the intensity of Arabica and Robusta coffee with the soft creaminess of milk to create a harmonious and balanced cup, with caramel notes, toasted cereal undertones and round texture.

Discover our creamy Flat White in the comfort of your own home and fall for its delicious, sweet caramelly notes.

The box contains 16 capsules designed for NESCAF DOLCE GUSTO capsule coffee machines for you to prepare 16 cups of Flat White.

Our expertise is creating great-looking, great-tasting coffee. The team at NESCAF DOLCE GUSTO has joined forces with TerraCycle, to collect and recycle your used capsules, preventing them from ending up in landfill and giving the capsule materials a second life!

The team at NESCAF DOLCE GUSTO has joined forces with TerraCycle, to collect and recycle your used capsules, preventing them from ending up in landfill and giving the capsule materials a second life!",,,"Per 100g/ml
Per Serving
%DI
Energy
115kJ
210kJ
Protein
1.3g
2.3g
5%*
Total Fat
1.3g
2.3g
3%*
Saturated Fat
0.8g
1.4g
6%*
Carbohydrate
2.4g
4.3g
1%*
Sugars
2.2g
3.9g
4%*
Sodium
20mg
36mg
2%*
Energy (Cal)
28kcal
50kcal
2%*
Dietary Fibre (total)
0.3g
0.5g
2%*
* Percentage Daily Intakes are based on an average adult diet of 8700 kJ. Your daily intakes may be higher or lower depending on your energy needs.",,https://www.coles.com.au/product/nescafe-dolce-gusto-capsules-flat-white-16-pack-3208085,,,2024-06-16T01:32:02.418467-04:00
Ind55SColes_ADrinks_SACoffee_IBushells Classic Gourmet Instant Coffee | 200g,Bushells Classic Gourmet Instant Coffee | 200g,Bushells,Drinks,Coffee,Instant Coffee,,$6.80,,$8.50,$3.40 per 100g,8456958,"Bushells Coffee Classic Powder is a rich blend of the world's finest coffee beans. The beans are carefully selected, blended and gently roasted in Australia to bring out the smooth, mild flavour for which Bushells Coffee is famous for.",,,,coffee,https://www.coles.com.au/product/bushells-classic-gourmet-instant-coffee-200g-8456958,,,2024-06-16T01:32:11.601247-04:00
Ind55SColes_ADrinks_SACoffee_IVittoria Latte Beans Coffee | 1kg,Vittoria Latte Beans Coffee | 1kg,Vittoria,Drinks,Coffee,Coffee beans,,$22.00,,$37.00,$2.20 per 100g,4824390,"A medium-dark roast of 100% freeze dried Arabica beans. Latte has been specifically blended to drink with milk. The word 'latte' is derived from the traditional Italian term 'Caffe Latte' which translates to 'Milk Coffee'
Blend: 100% Arabica
Roast: Medium to Dark
Origin: Central and South America
Tasting Notes: Slightly sweet, caramel-like aftertaste
Best Served as: Milk-based coffee",,,,,https://www.coles.com.au/product/vittoria-latte-beans-coffee-1kg-4824390,,,2024-06-16T01:32:22.079069-04:00
Ind55SColes_ADrinks_SACoffee_IL'OR Espresso Ristretto Intensity 11 Coffee Capsules 52g | 10 pack,L'OR Espresso Ristretto Intensity 11 Coffee Capsules 52g | 10 pack,LOR,Drinks,Coffee,Capsules,,$5.50,,$7.50,$0.55 per 1ea,2959286,"Layers of light spice contrast sharp freshness inspired by the markets of Sumatra. Created to unfold and reveal its complexity in an instant, it is a quick and bold blend.

Blended by L'OR Coffee Artists
Fresh, spicy and complex ground coffee in single-dose capsules
Ideal preparation is ristretto (25mL) and espresso (40mL)
Compatible with L'OR Barista and Nespresso* original coffee machines
100% Rainforest Alliance certified coffee beans
100% recyclable capsules via partnership with Terracycle",,,,,https://www.coles.com.au/product/l'or-espresso-ristretto-intensity-11-coffee-capsules-52g-10-pack-2959286,,,2024-06-16T01:32:30.964921-04:00
Ind55SColes_ADrinks_SACoffee Drinks_INescafe Dolce Gusto Ristretto Ardenza Coffee Capsules | 16 pack,Nescafe Dolce Gusto Ristretto Ardenza Coffee Capsules | 16 pack,Nescafe,Drinks,Coffee Drinks,Coffee Capsules,,,,,,8059743,,,,,,https://www.coles.com.au/product/nescafe-dolce-gusto-ristretto-ardenza-coffee-capsules-16-pack-8059743,,,2024-06-16T09:16:52.937878-04:00
Ind55SColes_ADrinks_SACoffee_IGrinders Crema Ground Coffee | 200g,Grinders Crema Ground Coffee | 200g,Grinders,Drinks,Coffee,Ground coffee,,,,,,8059608,,,,,,https://www.coles.com.au/product/grinders-crema-ground-coffee-200g-8059608,,,2024-06-16T09:17:01.921071-04:00
Ind55SColes_ADrinks_SACoffee_IDaley Street Intese / Extreme Aluminium Nespresso Compatible Coffee Capsules | 10 pack,Daley Street Intese / Extreme Aluminium Nespresso Compatible Coffee Capsules | 10 pack,Daley Street,Drinks,Coffee,Capsules,,$5.00,,,$0.50 per 1ea,4782100,"IN THE HEART OF INNER-CITY PRESTON, OUR MELBOURNE ROASTERS HAVE TAKEN THEIR PASSION FOR COFFEE TO DEVELOP A SUSTAINABLE, SPECIALTY BLEND. MADE WITH QUALITY COLUMBIAN, BRAZILIAN ARABICA, & VIETNAMESE ROBUSTA BEANS, DALEY ST IS READY FOR YOU TO SAVOUR AT HOME.",,,,,https://www.coles.com.au/product/daley-street-intese-extreme-aluminium-nespresso-compatible-coffee-capsules-10-pack-4782100,,,2024-06-16T09:17:11.212383-04:00
Ind55SColes_ADrinks_SACoffee_ILavazza Espresso Barista Organic Coffee Beans | 1kg,Lavazza Espresso Barista Organic Coffee Beans | 1kg,Lavazza,Drinks,Coffee,Coffee beans,,$44.00,,,$4.40 per 100g,6205946,"Espresso Barista Organic is a professional drum roast, offering a rich and rounded flavour and a premium selection of 100% bio-organic coffee beans.
Espresso Barista Organic gives a genuine espresso experience, its professional drum roast, espresso grinding and intense taste, offering dried fruits and hazelnuts aromatic notes with a creamy texture.
Intensity: 8/10
Aroma: Floral, Dried Fruits, Hazelnuts
Roast: Drum Roast to Medium
Origin: Central America & Africa",,,,,https://www.coles.com.au/product/lavazza-espresso-barista-organic-coffee-beans-1kg-6205946,,,2024-06-16T09:17:20.051528-04:00
Ind55SColes_ADrinks_SACoffee_INescafe Cappuccino Decaf Coffee Sachet | 26 pack,Nescafe Cappuccino Decaf Coffee Sachet | 26 pack,Nescafe,Drinks,Coffee,Coffee mixes,,$11.00,,,$0.42 per 1ea,7125660,"Elevate your daily coffee routine with a delicious cup of NESCAFE Decaf Cappuccino. With a delectable layer of velvety froth and the full bodied coffee flavour you love, enjoy a cafe style creamy decaf cappuccino and treat yourself at any time in the comfort of your own home. All you need to do is add hot water, give it a good stir and top it off with a sprinkle of some choc topping. The result is a delightfully creamy coffee that you can enjoy from the first to the last sip. Available in 26 sachets per pack and includes a choc shaker. So whatever you're up to, Now's good for a deliciously creamy NESCAFE Decaf Cappuccino. If you love this, try the rest of our delicious range or find this in our 10 pack of sachets. We go beyond the cup. We're committed to sustainable sourcing and packaging so our coffee not only tastes good but also does good. Our coffee beans are roasted in Australia and 100% sustainably sourced. We've also made the commitment to convert all of our packaging to 100% recyclable by 2025.",,,"Per 100g/ml
Per Serving
%DI
Energy
150 kJ
220 kJ As Prepared
3%
Protein
1 g
1 g As Prepared
2%
Total Fat
1.3 g
1.9 g
3%
Saturated Fat
1.2 g
1.8 g As Prepared
7%
Carbohydrate
6.4 g
9.6 g As Prepared
3%
Sugars
2.8 g
4.2 g As Prepared
5%
Sodium
51 mg
77 mg As Prepared
3%
* Percentage Daily Intakes are based on an average adult diet of 8700 kJ. Your daily intakes may be higher or lower depending on your energy needs.","Sachet: Glucose Syrup, Decaffeinated Soluble Coffee (18%), Milk Solids, Vegetable Oil, Sugar, Flavour, Stabilisers (340, 451, 331, 452), Emulsifiers (471, 472e), Salt Chocolate Shaker : Sugar, Cocoa (Cocoa Solids 30%), Emulsifier ( Soy Lecithin), Salt, Flavour (Vanilla), Spice (Cinnamon).",https://www.coles.com.au/product/nescafe-cappuccino-decaf-coffee-sachet-26-pack-7125660,,,2024-06-16T09:17:30.924894-04:00
Ind55SColes_ADrinks_SACoffee_ILavazza Espresso Barista Intenso Coffee Beans | 500g,Lavazza Espresso Barista Intenso Coffee Beans | 500g,Lavazza,Drinks,Coffee,Coffee beans,,$10.50,,$21.00,$2.10 per 100g,4875096,"Espresso Barista Intenso is a professional drum roast, offering the taste of a genuine Italian Espresso.

Espresso Barista Intenso offers notes of cocoa and wood with a persistent and balanced aftertaste.
Intensity: 9/10
Aroma: Cocoa & Wood
Roast: Drum roasted to medium
Blend: Arabica & Robusta
Origin: South-East Asia, Africa & Central & South America",,,,,https://www.coles.com.au/product/lavazza-espresso-barista-intenso-coffee-beans-500g-4875096,,,2024-06-16T09:17:39.489045-04:00
Ind55SColes_ADrinks_SACoffee_IMoccona Classic Dark Roast Instant Coffee | 100g,Moccona Classic Dark Roast Instant Coffee | 100g,Moccona,Drinks,Coffee,Instant Coffee,,$11.50,,,$11.50 per 100g,5018874,"The perfect coffee to enjoy every day.

The heritage behind Moccona was born half a world away in the quaint Netherlands' village of Joure in 1753. Originally sold in delicatessens and small specialty stores, it symbolised the little indulgence from Europe that added to the pleasures of everyday.

Known for its premium taste and elegant glass jar, Moccona has become a much-loved classic in homes all over Australia.

Moccona blends are created by bringing together the world's finest beans: Arabica and the Robusta. The Arabica has a softer sweeter taste with berry and fruit tones while the Robusta bean has a deep rich flavour.

Together they bring the magical blend and character you expect from the perfect cup of coffee. Every time you smell the aroma of Moccona, you'll be reminded of the great passion that drives us to create moments of pure indulgence - just for you.

Experience the rich taste of Moccona Classic Dark Roast.

Its bold, full-bodied flavour and intense aroma make it the perfect coffee to enjoy everyday.

At Moccona, we care about coffee, the people who grow it and the planet it comes from.

Working together with our preferred partners like UTZ Certified, we help farmers prosper and help to preserve the environment.",,,,100% Coffee beans.,https://www.coles.com.au/product/moccona-classic-dark-roast-instant-coffee-100g-5018874,,,2024-06-16T09:17:48.312024-04:00
Ind55SColes_ADrinks_SABeverages_IMoccona Classic Medium Roast Instant Coffee | 400g,Moccona Classic Medium Roast Instant Coffee | 400g,Moccona,Drinks,Beverages,Coffee & tea,,$22.00,,,"$5.50 per 100g
Was $28.00 on Jun 2024",9693915,"The perfect coffee to enjoy every day.

The heritage behind Moccona was born half a world away in the quaint Netherlands' village of Joure in 1753. Originally sold in delicatessens and small specialty stores, it symbolised the little indulgence from Europe that added to the pleasures of everyday.

Known for its premium taste and elegant glass jar, Moccona has become a much-loved classic in homes all over Australia.

Moccona blends are created by bringing together the world's finest beans: Arabica and the Robusta. The Arabica has a softer sweeter taste with berry and fruit tones while the Robusta bean has a deep rich flavour.

Together they bring the magical blend and character you expect from the perfect cup of coffee. Every time you smell the aroma of Moccona, you'll be reminded of the great passion that drives us to create moments of pure indulgence - just for you.

Experience the smooth taste of Moccona Classic Medium Roast. Its full-bodied flavour and rich aroma make it the perfect coffee to enjoy everyday.

At Moccona we care about coffee, the people who grow it and the planet it comes from.

Working together with our preferred partners like UTZ Certified, we help farmers prosper and help to preserve the environment.",,,,100% Coffee beans.,https://www.coles.com.au/product/moccona-classic-medium-roast-instant-coffee-400g-9693915,,,2024-06-16T09:17:56.970560-04:00
Ind55SColes_ADrinks_SACoffee_IMoccona Barista Reserve Capsules Dark Roast Espresso | 10 Pack,Moccona Barista Reserve Capsules Dark Roast Espresso | 10 Pack,Moccona,Drinks,Coffee,Capsules,,$6.00,,,$0.60 per 1ea,3193410,"Dark Roast Espresso is full bodied with chocolate notes. Enjoy black or pair with milk and indulge in your perfect coffee moment at home.

Crafted by Moccona's master blenders.
Rich and full bodied ground coffee in single-dose capsules

Enjoy black or pair with milk and indulge in your perfect coffee moment at home

Ideal preparation is ristretto (25mL) and espresso (40mL)

Compatible with Nespresso* original coffee machines

100% Rainforest Alliance certified coffee beans

100% recyclable capsules via partnership with Terracycle.",,,,,https://www.coles.com.au/product/moccona-barista-reserve-capsules-dark-roast-espresso-10-pack-3193410,,,2024-06-16T09:18:05.810289-04:00
Ind55SColes_ADrinks_SACoffee_INescafe Gold Smooth Mild Ground Coffee | 180g,Nescafe Gold Smooth Mild Ground Coffee | 180g,Nescafe,Drinks,Coffee,Instant Coffee,,$16.00,,,$8.89 per 100g,3208201,"Smooth taste with a golden crema. Made from Arabica beans. Soluble coffee with finely ground roasted coffee (3%). Through using 100% responsibly sourced coffee, we are supporting coffee farmers to improve their lands and livelihoods. To learn more visit nescafe.com.au or nescafe.co.nz.
Smooth Taste & Silky Crema

-Smooth taste & silky crema.

-180g makes 105 cups of coffee based on 1.7g per cup.

-NESCAFE Gold caps and glass jars are 100% recyclable.",,,,Soluble Coffee With Finely Ground Roasted Coffee (3%),https://www.coles.com.au/product/nescafe-gold-smooth-mild-ground-coffee-180g-3208201,,,2024-06-16T09:18:14.591567-04:00
Ind55SColes_ADrinks_SABeverages_IMoccona Cafe Classics Caramel Latte Sachets | 10 pack,Moccona Cafe Classics Caramel Latte Sachets | 10 pack,Moccona Cafe,Drinks,Beverages,Coffee & tea,,$5.00,,,"$0.50 per 1ea
Was $6.00 on Jun 2024",4405536,"Relax and enjoy a little me-time with the new smooth taste of the creamy Caramel Latte style coffee from Moccona. Finished with a thick layer of velvety froth for that indulgent cafe style experience that's perfect any time of day.
98% Fat Free (as prepared with water)
Gluten Free
57 Calories per serve
Smooth taste and velvety froth",,,"Per 100g/ml
Per Serving
%DI
Energy
160
240
Protein
Less than 1g
Less than 1g
Total Fat
1.0g
1.6g
Saturated Fat
1.0g
1.5g
Carbohydrate
6.8g
10.2g
Sugars
4.9g
7.4g
Sodium
37mg
56mg
Energy (Cal)
38
57
Dietary Fibre (total)
Less than 1g
Less than 1g
* Percentage Daily Intakes are based on an average adult diet of 8700 kJ. Your daily intakes may be higher or lower depending on your energy needs.",,https://www.coles.com.au/product/moccona-cafe-classics-caramel-latte-sachets-10-pack-4405536,,,2024-06-16T09:18:25.262265-04:00
Ind55SColes_ADrinks_SACoffee_INescafe Gold Smooth Mild Ground Coffee | 90g,Nescafe Gold Smooth Mild Ground Coffee | 90g,Nescafe,Drinks,Coffee,Instant Coffee,,$5.75,,$11.50,$6.39 per 100g,3208165,"Smooth taste with a golden crema. Made from Arabica beans. Soluble coffee with finely ground roasted coffee (3%).Through using 100% responsibly sourced coffee, we are supporting coffee farmers to improve their lands and livelihoods. To learn more visit nescafe.com.au or nescafe.co.nz.
Smooth Taste & Silky Crema

- Smooth taste & silky crema.

- 90g makes 52 cups of coffee based on 1.7g per cup.

- NESCAFE Gold caps and glass jars are 100% recyclable.",,,,Soluble Coffee With Finely Ground Roasted Coffee (3%),https://www.coles.com.au/product/nescafe-gold-smooth-mild-ground-coffee-90g-3208165,,,2024-06-16T09:18:33.948538-04:00
Ind55SColes_ADrinks_SACoffee_ILavazza Espresso Barista Gran Crema Coffee Beans | 1kg,Lavazza Espresso Barista Gran Crema Coffee Beans | 1kg,Lavazza,Drinks,Coffee,Coffee beans,,$40.00,,,$4.00 per 100g,3756513,"Espresso Barista Gran Crema is a professional drum roast, offering a rich and rounded flavour.
Espresso Barista Gran Crema gives a genuine espresso experience, its professional drum roast, espresso grinding and intense taste, offering floral notes with a persistent aftertaste of dried fruits and nuts.
Intensity: 7/10
Aroma: Floral, Dried Fruits, Nuts
Roast: Drum Roast to Medium
Origin: South-East Asia & Central & South America",,,,,https://www.coles.com.au/product/lavazza-espresso-barista-gran-crema-coffee-beans-1kg-3756513,,,2024-06-16T09:18:43.619139-04:00
Ind55SColes_ADrinks_SACoffee_IVittoria Nespresso Compatible Capsules Variety Pack | 40 pack,Vittoria Nespresso Compatible Capsules Variety Pack | 40 pack,Vittoria,Drinks,Coffee,Capsules,,$21.00,,,$0.53 per 1ea,6345050,"Vittoria's Extra Strong Variety Pack is a collection of our strongest 100% Arabica capsule blends, including Italian, Latte, Mountain Grown and Espresso.",,,,,https://www.coles.com.au/product/vittoria-nespresso-compatible-capsules-variety-pack-40-pack-6345050,,,2024-06-16T09:18:52.710164-04:00
Ind55SColes_ADrinks_SACoffee_INescafe Hazelnut Latte Coffee Sachets | 26 pack,Nescafe Hazelnut Latte Coffee Sachets | 26 pack,Nescafe,Drinks,Coffee,Coffee mixes,,$11.00,,,$0.42 per 1ea,4156861,"Have a little something for yourself and enjoy a special moment of coffee delight and flavours of freshly roasted hazelnuts with NESCAFE Hazelnut Latte. With a delectable layer of velvety froth and quality coffee, enjoy a cafe style creamy hazelnut latte and treat yourself at any time in the comfort of your own home. All you need to do is add hot water and give it a good stir. The result is a delightfully creamy coffee that you can enjoy from the first to the last sip. So whatever you're up to, Now's good for a deliciously creamy NESCAFE Hazelnut Latte. NESCAFE. Make Your World.
Available in 10 sachets per pack or in our value pack of 26 sachets.

We go beyond the cup. We're committed to sustainable sourcing and packaging so our coffee not only tastes good but also does good. Our coffee beans are roasted right here in Australia and 100% sustainably sourced.

We've also made the commitment to convert all of our packaging to 100% recyclable by 2025.",,,"Per 100g/ml
Per Serving
%DI
Energy
210kJ
320 kJ as prepared
4%
Protein
1g
1 g as prepared
1%
Total Fat
1.5g
2.2 g As Prepared
3%
Saturated Fat
1.3g
2 g as prepared
8%
Carbohydrate
9.5g
14.3 g as prepared
5%
Sugars
6.1g
9.1 g as prepared
10%
Sodium
52mg
78 mg as prepared
3%
* Percentage Daily Intakes are based on an average adult diet of 8700 kJ. Your daily intakes may be higher or lower depending on your energy needs.",,https://www.coles.com.au/product/nescafe-hazelnut-latte-coffee-sachets-26-pack-4156861,,,2024-06-16T09:19:04.096125-04:00
Ind55SColes_ADrinks_SACoffee_ILavazza Barista Intenso Ground Coffee | 250g,Lavazza Barista Intenso Ground Coffee | 250g,Lavazza,Drinks,Coffee,Ground coffee,,,,,,8087691,,,,,,https://www.coles.com.au/product/lavazza-barista-intenso-ground-coffee-250g-8087691,,,2024-06-16T09:19:13.496579-04:00
Ind55SColes_ADrinks_SACoffee_IColes Coffee Machine Descaler | 250mL,Coles Coffee Machine Descaler | 250mL,Coles,Drinks,Coffee,Coffee accessories,,$4.00,,,$1.60 per 100mL,3209077,"1. Removes hard water scale. 2. For all machine types. Capsule or Pod, Manual or Fully automatic machines",,,,,https://www.coles.com.au/product/coles-coffee-machine-descaler-250ml-3209077,,,2024-06-16T09:19:22.547081-04:00
Ind55SColes_ADrinks_SACoffee_IVittoria Special Italian Blend Coffee Beans | 1kg,Vittoria Special Italian Blend Coffee Beans | 1kg,Vittoria,Drinks,Coffee,Coffee beans,,$20.00,,$24.00,$2.00 per 100g,443770,"Italian is one of Vittoria's original blends, reminiscent of Italian style coffee. Italian blend is a roast of 100% Arabica coffee beans with a medium body delivering a smooth finish with rich crema. Italian blend is perfect as a short black or with milk.
Blend: 100% Arabica
Roast: Medium
Tasting Notes: Honey & Toasty
Origins: Central and South America
Best Served as: Perfect as a short black or with milk",,,,,https://www.coles.com.au/product/vittoria-special-italian-blend-coffee-beans-1kg-443770,,,2024-06-16T09:19:31.408627-04:00
Ind55SColes_ADrinks_SACoffee_ILavazza Qualita Oro A Modo Mio Coffee Pods | 16 pack,Lavazza Qualita Oro A Modo Mio Coffee Pods | 16 pack,Lavazza,Drinks,Coffee,Capsules,,,,,,8087670,,,,,,https://www.coles.com.au/product/lavazza-qualita-oro-a-modo-mio-coffee-pods-16-pack-8087670,,,2024-06-16T09:19:40.778335-04:00
Ind55SColes_ADrinks_SACoffee_IColes Urban Coffee Culture Strong Beans | 1kg,Coles Urban Coffee Culture Strong Beans | 1kg,Coles,Drinks,Coffee,Coffee beans,,$13.00,,,$1.30 per 100g,7656656,"Intensity 10Stamp: Batch roasted in Melbourne, Victoria. Balance of dark cocoa and vanilla flavour with hints of aniseed and clove, full bodied and ideal with milk Our specially crafted coffee is sourced and roasted with passion for your enjoyment.",,,,INGREDIENTS: Rainforest Alliance Certified Roast Coffee Beans.,https://www.coles.com.au/product/coles-urban-coffee-culture-strong-beans-1kg-7656656,,,2024-06-16T09:19:49.632688-04:00
Ind55SColes_ADrinks_SACoffee_IJed's No.X Extreme Ground Coffee | 200g,Jed's No.X Extreme Ground Coffee | 200g,Jeds,Drinks,Coffee,Ground coffee,,$7.00,,$10.00,$3.50 per 100g,6314522,"Here at Jed's, we love coffee, and we want you to love coffee too! That's why we source high quality beans from Brazil, India and Tanzania and batch roast locally in Sydney on a drum roaster. To give you the ultimate flavour experience and ensure freshness, Jed's coffee is roasted weekly and nitro flushed. Jed's blends range from medium to dark roast and are suitable for milk and milk alternative drinks so you can enjoy a cappuccino, flat white, latte or mocha.
Intense, smoky cocoa notes without the bitterness. Full bodied

Made from Brazil, India & Tanzania beans

Roasted in Sydney on a drum roaster

Coffee is nitro flushed

Suitable for milk & milk alternative drinks

Packaging is 100% recyclable via Redcycle.",,,,,https://www.coles.com.au/product/jed's-no.x-extreme-ground-coffee-200g-6314522,,,2024-06-16T09:19:58.523606-04:00
Ind55SColes_ADrinks_SACoffee_IColes Coffee Whitener Regular | 500g,Coles Coffee Whitener Regular | 500g,Coles,Drinks,Coffee,Coffee accessories,,$3.20,,,$0.64 per 100g,4487359,"Coles Coffee whitener A smooth & creamy addition to your coffee, tea or hot chocolate",,,"Per 100g/ml
Per Serving
%DI
Energy
2320.30
92.81
Protein
2.80
0.11
Carbohydrate
56.00
2.24
Sugars
15.00
0.60
Sodium
200.00
8.00
Saturated
34.00
1.36
Energy (Cal)
555.10
22.20
Fat
35.50
1.42
Dietary Fibre (total)
0.90
0.04
* Percentage Daily Intakes are based on an average adult diet of 8700 kJ. Your daily intakes may be higher or lower depending on your energy needs.",,https://www.coles.com.au/product/coles-coffee-whitener-regular-500g-4487359,,,2024-06-16T09:20:09.732657-04:00
Ind55SColes_ADrinks_SACoffee_INescafe Blend 43 Instant Coffee | 500g,Nescafe Blend 43 Instant Coffee | 500g,Nescafe,Drinks,Coffee,Instant Coffee,,$26.00,,,$5.20 per 100g,202672,"Every cup you drink can make a difference. Creating the perfect cup of bold and smooth coffee NESCAFE Blend 43 is proudly made from 100% responsibly sourced coffee beans. We take care & craft in individually roasting our Bold Robusta & Smooth Arabica coffee beans, bringing out their unique flavour & aroma. They are then blended to create the perfect cup. Through using 100% responsibly sourced coffee beans in NESCAFE Blend 43, we are making a difference for coffee farmers, helping to improve their lands and livelihoods.We are making a difference by sourcing 100% renewable electricity and using coffee grounds left over from the brewing process to help power our NESCAFE factory in Gympie, Queensland. What makes a NESCAFE Blend 43 cup of coffee more enjoyable is that every time you enjoy a cup, you are not just enjoying your favourite cup of coffee, you are also making a difference.
Intensity Score: 5 (Medium Roast)

-Roasted and blended right here in country Queensland, Australia.

-100% of NESCAF BLEND 43 coffee beans are sustainably sourced.

-NESCAF BLEND 43 tin, caps and glass jars are 100% recyclable. Plus, 60% of the energy powering our NESCAF factory comes from renewable energy, including used coffee grounds.

-A 500g Tin makes 294 cups of coffee and is great value, perfect for the household or small office of coffee lovers and great for spaces where you want the safety of no glass.",,,,100% Natural Coffee Beans.,https://www.coles.com.au/product/nescafe-blend-43-instant-coffee-500g-202672,,,2024-06-16T09:20:19.083901-04:00
Ind55SColes_ADrinks_SACoffee_IStarbucks White Cafe Latte NDG Capsules | 12 pack,Starbucks White Cafe Latte NDG Capsules | 12 pack,Starbucks,Drinks,Coffee,Capsules,,$10.00,,,$0.83 per 1ea,3984052,"Discover STARBUCKS by NESCAFE DOLCE GUSTO Caffe Latte.Inspired by the iconic Starbucks Caffe Latte, we've crafted this smooth and creamy beverage using the same high quality 100% Arabica beans as our coffeehouses. With velvety smooth tasting notes.The box contains 12 capsules designed for NESCAFE DOLCE GUSTO coffee machines and allows you to prepare 12 cups of Caffe Latte. Slide a single STARBUCKS Caffe Latte capsule into your NESCAFE DOLCE GUSTO machine and prepare your perfect Caffe Latte right away.Years of focus and expertise have led to the STARBUCKS Roast Spectrum. Each coffee bean requires a unique balance of temperature and time to reach its individual peak of aroma, acidity, body and flavour.STARBUCKS is committed to 100% Ethical Coffee Sourcing in partnership with Conservation International.
Inspired by the iconic Starbucks Caff Latte, we've crafted this smooth and creamy beverage using the same high quality 100% Arabica beans as our coffeehouses. With velvety smooth tasting notes.

The box contains 12 capsules designed for NESCAF DOLCE GUSTO coffee machines and allows you to prepare 12 cups of Caff Latte.

Years of focus and expertise have led to the STARBUCKS Roast Spectrum. Each coffee bean requires a unique balance of temperature and time to reach its individual peak of aroma, acidity, body and flavour.

STARBUCKS is committed to 100% Ethical Coffee Sourcing in partnership with Conservation International.",,,"Per 100g/ml
Per Serving
%DI
Energy
97 kJ
190 kJ as prepared
2%
Protein
1.1 g
2.2 g as prepared
4%
Total Fat
0.9 g
2.0g
3%
Saturated Fat
0.6 g
1.1 g as prepared
5%
Carbohydrate
2 g
5 g as prepared
2%
Sugars
1.9 g
3.7 g as prepared
4%
Sodium
20 mg
40 mg as prepared
2%
Energy (Cal)
23kcal
44kcal
2%
Dietary Fibre (total)
0.2 g
0.4 g As Prepared
1%
* Percentage Daily Intakes are based on an average adult diet of 8700 kJ. Your daily intakes may be higher or lower depending on your energy needs.",,https://www.coles.com.au/product/starbucks-white-cafe-latte-ndg-capsules-12-pack-3984052,,,2024-06-16T09:20:30.052397-04:00
Ind55SColes_ADrinks_SACoffee_IVittoria Inca Peru Nespresso Compatible Coffee Capsules | 10 pack,Vittoria Inca Peru Nespresso Compatible Coffee Capsules | 10 pack,Vittoria,Drinks,Coffee,Capsules,,$4.50,,$7.50,$0.45 per 1ea,4204024,"This Vittoria Riserva blend features 100% Arabica beans from Brazil, Costa Rica and the mountainous Cajamarca, Chirinos and Cuzco regions of Peru. Vittoria sources the beans from farms Certified by the Rainforest Alliance as environmentally, socially and economically sustainable. Vittoria Inca Peru is a medium-dark roast that delivers a delicately balanced espresso, which tastes even sweeter with milk.
100% Arabica - Blend
Best Served: With Milk
Tasting Notes: Maple syrup, Roasted peanuts, Blossoms
Origins: Brazil, Costa Rica and the mountainous Cajamarca, Chirinos and Cuzco regions of Peru
Intensity: 15
Compatible with: Nespresso* Original Machines
Australian Made: Our aluminium capsules are roasted and packed locally in Australia for optimal freshness.
By purchasing this product and other Vittoria packs bearing the OzHarvest mark you're helping to eliminate food waste and feed vulnerable Australians. For every kilo of coffee prepared for this pack, Vittoria donates $1 to OzHarvest which enables them to deliver two meals to people in need.
*Nespresso is a trademark of Societe des Produits Nestle SA. Neither that company nor its affiliates have manufactured or endorsed this product in any way and have no association to Vittoria Food & Beverage or the Vittoria Coffee brand. Compatible with Nespresso original machines (not compatible with the Vertuo System).",,,,,https://www.coles.com.au/product/vittoria-inca-peru-nespresso-compatible-coffee-capsules-10-pack-4204024,,,2024-06-16T09:20:39.251122-04:00
Ind55SColes_ADrinks_SACoffee_INescafe Blend 43 Instant Coffee | 150g,Nescafe Blend 43 Instant Coffee | 150g,Nescafe,Drinks,Coffee,Instant Coffee,,$5.75,,$11.50,$3.83 per 100g,116322,"Every cup you drink can make a difference. Creating the perfect cup of bold and smooth coffee NESCAFE Blend 43 is proudly made from 100% responsibly sourced coffee beans. We take care & craft in individually roasting our Bold Robusta & Smooth Arabica coffee beans, bringing out their unique flavour & aroma. They are then blended to create the perfect cup. Through using 100% responsibly sourced coffee beans in NESCAFE Blend 43, we are making a difference for coffee farmers, helping to improve their lands and livelihoods.We are making a difference by sourcing 100% renewable electricity and using coffee grounds left over from the brewing process to help power our NESCAFE factory in Gympie, Queensland. What makes a NESCAFE Blend 43 cup of coffee more enjoyable is that every time you enjoy a cup, you are not just enjoying your favourite cup of coffee, you are also making a difference.
Intensity Score: 5 (Medium Roast)

The team at NESCAF knows how Australians like coffee and that is why NESCAF BLEND 43 is roasted and blended right here in country Queensland, Australia.

NESCAF work closely with farmers and communities to ensure the best tasting coffee made with care and respect, which means 100% of NESCAF BLEND 43 coffee beans are sustainably sourced.

NESCAF BLEND 43 tin, caps and glass jars are 100% recyclable. Plus, 60% of the energy powering our NESCAF factory comes from renewable energy, including used coffee grounds.

A 150g Jar is recyclable and makes approx. 88 cups of coffee based on 1.7g per cup. It's perfect for smaller households and the ideal companion for holidays or getaways. This perfect blend of coffee is great for a quick recharge to keep you energised during a busy schedule.",,,,,https://www.coles.com.au/product/nescafe-blend-43-instant-coffee-150g-116322,,,2024-06-16T09:20:49.057800-04:00
Ind55SColes_ADrinks_SACoffee_IColes Simply Coffee Beans | 1kg,Coles Simply Coffee Beans | 1kg,Coles,Drinks,Coffee,Coffee beans,,,,,,7647305,intense & full bodied,,,,,https://www.coles.com.au/product/coles-simply-coffee-beans-1kg-7647305,,,2024-06-16T09:20:58.196121-04:00
Ind55SColes_ADrinks_SACoffee_IDaley Street Medium Coffee Ground | 200g,Daley Street Medium Coffee Ground | 200g,Daley Street,Drinks,Coffee,Ground coffee,,$9.00,,,$4.50 per 100g,3752590,Daley StPROUDLY DEVELOPED & ROASTED IN PRESTON MELBOURNEMedium RoastGroundStrong 10COLOMBIAN & KENYAN ARABICA BEANSDELIVER NOTES OF CHOCOLATE - LIQUORICE TOFFEE,,,,INGREDIENTS: Roast and Ground Coffee^.,https://www.coles.com.au/product/daley-street-medium-coffee-ground-200g-3752590,,,2024-06-16T09:21:07.385482-04:00
Ind55SColes_ADrinks_SACoffee_IJarrah French Vanilla Latte Instant Coffee | 250g,Jarrah French Vanilla Latte Instant Coffee | 250g,Jarrah,Drinks,Coffee,Coffee mixes,,$3.75,,$7.50,$1.50 per 100g,5436900,,,,,,https://www.coles.com.au/product/jarrah-french-vanilla-latte-instant-coffee-250g-5436900,,,2024-06-16T09:21:16.556761-04:00
Ind55SColes_ADrinks_SACoffee_IVittoria Black Valley Nespresso Compatible Coffee Capsules | 10 pack,Vittoria Black Valley Nespresso Compatible Coffee Capsules | 10 pack,Vittoria,Drinks,Coffee,Capsules,,$4.50,,$7.50,$0.45 per 1ea,4204035,"Our highest-strength capsule, this Riserva blend has been created for espresso drinkers. This dark roast is a blend of 100% Arabica beans from Brazil, Colombia, and Honduras, that delivers a syrupy coffee for anyone searching for an intense, full-flavoured capsule.
100% Arabica - Blend
Best Served: With Milk
Tasting Notes: Dark Chocolate, Syrup, Toast, Smokey
Origins: Brazil, Colombia, Honduras
Intensity: 15
Compatible with: Nespresso* Original Machines
Australian Made: Our aluminium capsules are roasted and packed locally in Australia for optimal freshness.
By purchasing this product and other Vittoria packs bearing the OzHarvest mark you're helping to eliminate food waste and feed vulnerable Australians. For every kilo of coffee prepared for this pack, Vittoria donates $1 to OzHarvest which enables them to deliver two meals to people in need.
*Nespresso is a trademark of Societe des Produits Nestle SA. Neither that company nor its affiliates have manufactured or endorsed this product in any way and have no association to Vittoria Food & Beverage or the Vittoria Coffee brand. Compatible with Nespresso original machines (not compatible with the Vertuo System).",,,,,https://www.coles.com.au/product/vittoria-black-valley-nespresso-compatible-coffee-capsules-10-pack-4204035,,,2024-06-16T09:21:25.394350-04:00
Ind55SColes_ADrinks_SACoffee_ISt Remio Coffee Expressi/Caffitaly Compatible Classic Capsules | 10 pack,St Remio Coffee Expressi/Caffitaly Compatible Classic Capsules | 10 pack,St Remio,Drinks,Coffee,Capsules,,$4.15,,,$0.42 per 1ea,3224886,"St Remio CLASSIC blend is a medium-dark roast with notes of almond, caramel and plum. This smooth and creamy blend is the perfect base for an espresso, long black or latte. Compatible with Expressi*/ K-fee* and Caffitaly* coffee machines.
Every purchase of St Remio Coffee goes toward funding projects that empower coffee growing communities at origin.",,,,Ground Coffee,https://www.coles.com.au/product/st-remio-coffee-expressicaffitaly-compatible-classic-capsules-10-pack-3224886,,,2024-06-16T09:21:35.476691-04:00
Ind55SColes_ADrinks_SACoffee_ILavazza Qualita Oro Ground Coffee | 250g,Lavazza Qualita Oro Ground Coffee | 250g,Lavazza,Drinks,Coffee,Ground coffee,,$7.35,,$10.50,$2.94 per 100g,3790635,"Qualita Oro is a combination of 6 varieties of Arabica beans from Central & South America. The perfect symphony of taste you can enjoy every day.

Qualita Oro is the very first Lavazza blend, created in 1956 by Luigi Lavazza in his small roasting lab in Turin, with a dark colour, velvety texture, notes of fruit and flowers.

Intensity: 5/10
Aroma: Fruity & Floral
Roast: Medium
Blend: 100% Arabica
Origin: Central & South America",,,,,https://www.coles.com.au/product/lavazza-qualita-oro-ground-coffee-250g-3790635,,,2024-06-16T09:21:44.313059-04:00
Ind55SColes_ADrinks_SACoffee_INescafe Skim Cappuccino Coffee Sachets | 10 pack,Nescafe Skim Cappuccino Coffee Sachets | 10 pack,Nescafe,Drinks,Coffee,Coffee mixes,,$7.60,,,$0.76 per 1ea,4976854,"No need to compromise with a delicious cup of NESCAFE Skim Cappuccino. With a delectable layer of velvety froth and quality coffee, enjoy a light and creamy skim cappuccino and treat yourself at any time in the comfort of your own home. All you need to do is add hot water, give it a good stir and top it off with a sprinkle of some choc topping. The result is a delightfully creamy coffee that you can enjoy from the first to the last sip. So whatever you're up to, Now's good for a deliciously creamy NESCAFE Skim Cappuccino. NESCAFE. Make Your World.
Available in 10 sachets per pack or in our value pack of 26 sachets.

We go beyond the cup. We're committed to sustainable sourcing and packaging so our coffee not only tastes good but also does good. Our coffee beans are roasted right here in Australia and 100% sustainably sourced.

We've also made the commitment to convert all of our packaging to 100% recyclable by 2025.

Includes a chocolate shaker.",,,"Per 100g/ml
Per Serving
%DI
Energy
120kJ
185 kJ as prepared
2%
Protein
1.6g
2.3 g as prepared
5%
Total Fat
1g
<1g
1%
Saturated Fat
1g
1 g as prepared
2%
Carbohydrate
5.7g
8.5 g as prepared
3%
Sugars
3.6g
5.5 g as prepared
6%
Sodium
52mg
75 mg as prepared
3%
* Percentage Daily Intakes are based on an average adult diet of 8700 kJ. Your daily intakes may be higher or lower depending on your energy needs.",,https://www.coles.com.au/product/nescafe-skim-cappuccino-coffee-sachets-10-pack-4976854,,,2024-06-16T09:21:55.831343-04:00
Ind55SColes_ADrinks_SABeverages_IVittoria Italian Nespresso Compatible Coffee Capsules | 20 pack,Vittoria Italian Nespresso Compatible Coffee Capsules | 20 pack,Vittoria,Drinks,Beverages,Coffee & tea,,$9.00,,,"$0.45 per 1ea
Was $13.00 on Apr 2024",4151960,"Vittoria Italian blend is a medium roast of 100% Arabica coffee beans from Central and South America with a balanced body and taste. Italian blend is a milder cup compared to darker roasts like Vittoria Espresso.
100% Arabica - Blend
Best Served: Espresso, With Milk
Tasting Notes: Raisin, Pear, Almond
Origins: Central and South America
Intensity: 11
Compatible with: Nespresso* Original Machines
Australian Made: Our aluminium capsules are roasted and packed locally in Australia for optimal freshness.
By purchasing this product and other Vittoria packs bearing the OzHarvest mark you're helping to eliminate food waste and feed vulnerable Australians. For every kilo of coffee prepared for this pack, Vittoria donates $1 to OzHarvest which enables them to deliver two meals to people in need.
*Nespresso is a trademark of Societe des Produits Nestle SA. Neither that company nor its affiliates have manufactured or endorsed this product in any way and have no association to Vittoria Food & Beverage or the Vittoria Coffee brand. Compatible with Nespresso original machines (not compatible with the Vertuo System).",,,,,https://www.coles.com.au/product/vittoria-italian-nespresso-compatible-coffee-capsules-20-pack-4151960,,,2024-06-16T09:22:05.130605-04:00
Ind55SColes_ADrinks_SACoffee_INescafe Cappuccino Coffee Sachets | 26 Pack,Nescafe Cappuccino Coffee Sachets | 26 Pack,Nescafe,Drinks,Coffee,Coffee mixes,,$11.00,,,$0.42 per 1ea,2868023,"Elevate your daily coffee routine with a delicious cup of NESCAFE Cappuccino. With a delectable layer of velvety froth and quality coffee, enjoy a cafe style creamy cappuccino and treat yourself at any time in the comfort of your own home. All you need to do is add hot water, give it a good stir and top it off with a sprinkle of some choc topping. The result is a delightfully creamy coffee that you can enjoy from the first to the last sip. So whatever you're up to, Now's good for a deliciously creamy NESCAFE Cappuccino. NESCAFE. Make Your World.
Available in 10 sachets per pack or in our value pack of 26 sachets.

We go beyond the cup. We're committed to sustainable sourcing and packaging so our coffee not only tastes good but also does good. Our coffee beans are roasted right here in Australia and 100% sustainably sourced.

We've also made the commitment to convert all of our packaging to 100% recyclable by 2025.

Includes a chocolate shaker.",,,"Per 100g/ml
Per Serving
%DI
Energy
150kJ
220 kJ As Prepared
3%
Protein
1g
1 g As Prepared
2%
Total Fat
1.3g
1.9g
3%
Saturated Fat
1.2g
1.8 g As Prepared
7%
Carbohydrate
6.4g
9.6 g As Prepared
3%
Sugars
2.8g
4.2 g As Prepared
5%
Sodium
51mg
77 mg As Prepared
3%
* Percentage Daily Intakes are based on an average adult diet of 8700 kJ. Your daily intakes may be higher or lower depending on your energy needs.",,https://www.coles.com.au/product/nescafe-cappuccino-coffee-sachets-26-pack-2868023,,,2024-06-16T09:22:16.632639-04:00
Ind55SColes_ADrinks_SACoffee_INescafe Coffee 98% Sugar Free Hazelnut | 10 pack,Nescafe Coffee 98% Sugar Free Hazelnut | 10 pack,Nescafe,Drinks,Coffee,Coffee mixes,,,,,,8059776,"Enjoy the simply delightful NESCAFE 98% Sugar Free* Hazelnut Latte. This delicious blend perfectly balances the creaminess of coffee with the smoothness of Hazelnut flavour creating a perfect cup -that's a little nutty too! All you need to do is add hot water and give it a good stir. The result is a delightfully creamy coffee that you can enjoy from the first to the last sip. So whatever you're up to, Now's good for a deliciously creamy NESCAFE Sugar Free* Hazelnut Latte. NESCAFE. Make Your World.
Available in 10 sachets per pack.",,,"Per 100g/ml
Per Serving
%DI
Energy
130kJ
190 kJ as prepared
2%
Protein
1g
1 g as prepared
1%
Total Fat
1g
2%
Saturated Fat
1g
1.3 g as prepared
5%
Carbohydrate
2.8g
4.2 g as prepared
1%
Sugars
1g
1.5 g as prepared
2%
Sodium
72mg
108 mg as prepared
5%
Dietary Fibre (total)
1g
1 g as prepared
2%
* Percentage Daily Intakes are based on an average adult diet of 8700 kJ. Your daily intakes may be higher or lower depending on your energy needs.",,https://www.coles.com.au/product/nescafe-coffee-98percent-sugar-free-hazelnut-10-pack-8059776,,,2024-06-16T09:22:27.813020-04:00
Ind55SColes_ADrinks_SACoffee_IGrinders Cafe Q Cremello Coffee Beans | 1kg,Grinders Cafe Q Cremello Coffee Beans | 1kg,Grinders Cafe,Drinks,Coffee,Coffee beans,,$23.50,,$47.00,$2.35 per 100g,6330788,"Grinders Coffee Roasters, crafted by Master Roasters. Since 1962 we have been delivering quality coffee with passion and expertise.

Grinders Coffee Cafe-Q Beans Cremello has been specially selected, batch roasted and blended by our Grinders Master Roaster for a cafe-quality coffee at home. The blend is well-rounded and versatile and has a  sweet flavour profile with nut, milk chocolate, and caramel notes.
Blend: 100% imported green coffee beans roasted and packed in Australia

Roast: Medium

Origins: 100% imported green coffee beans roasted and packed in Australia

Tasting Notes: Milk Chocolate, Caramel, Nutty

Best Brewed: Espresso machine or grind accordingly for other preparations",,,,,https://www.coles.com.au/product/grinders-cafe-q-cremello-coffee-beans-1kg-6330788,,,2024-06-16T09:22:36.763285-04:00
Ind55SColes_ADrinks_SACoffee_IRobert Timms Intense Coffee Bags | 28 pack,Robert Timms Intense Coffee Bags | 28 pack,Robert Timms,Drinks,Coffee,Instant Coffee,,$9.45,,$13.50,$0.34 per 1ea,6313020,Rich full bodied dark roasted coffee flavour,,,,,https://www.coles.com.au/product/robert-timms-intense-coffee-bags-28-pack-6313020,,,2024-06-16T09:22:46.322486-04:00
Ind55SColes_ADrinks_SA_INescafe Strong Cappuccino Coffee Sachets | 10 pack,Nescafe Strong Cappuccino Coffee Sachets | 10 pack,Nescafe,Drinks,,,,$7.60,,,$0.76 per 1ea,5694097,"Add a kick to your regular cappuccino with a delicious cup of NESCAFE Strong Cappuccino. With a delectable layer of velvety froth and intense coffee flavour, enjoy a cafe style creamy cappuccino and treat yourself at any time in the comfort of your own home. All you need to do is add hot water, give it a good stir and top it off with a sprinkle of some choc topping. The result is a delightfully creamy coffee that you can enjoy from the first to the last sip. So whatever you're up to, Now's good for a deliciously creamy NESCAFE Strong Cappuccino. NESCAFE. Make Your World.
Available in 10 sachets per pack or in our value pack of 26 sachets.

We go beyond the cup. We're committed to sustainable sourcing and packaging so our coffee not only tastes good but also does good. Our coffee beans are roasted right here in Australia and 100% sustainably sourced.

We've also made the commitment to convert all of our packaging to 100% recyclable by 2025.

Includes a chocolate shaker.",,,"Per 100g/ml
Per Serving
%DI
Energy
140kJ
210 kJ as prepared
2%
Protein
1g
1.2 g as prepared
2%
Total Fat
1.2g
1.8g
3%
Saturated Fat
1.1g
1.6 g as prepared
7%
Carbohydrate
6.4g
9.6 g as prepared
3%
Sugars
2.6g
3.9 g as prepared
4%
Sodium
41mg
62 mg as prepared
3%
* Percentage Daily Intakes are based on an average adult diet of 8700 kJ. Your daily intakes may be higher or lower depending on your energy needs.",,https://www.coles.com.au/product/nescafe-strong-cappuccino-coffee-sachets-10-pack-5694097,,,2024-06-16T09:22:57.941349-04:00
Ind55SColes_ADrinks_SACoffee_IVittoria Espresso Coffee Beans | 1kg,Vittoria Espresso Coffee Beans | 1kg,Vittoria,Drinks,Coffee,Coffee beans,,$22.00,,$37.00,$2.20 per 100g,9184897,"Vittoria's original and iconic blend, Espresso has remained unchanged for over 50 years. This blend of 100% Arabica coffee beans is darkly roasted to deliver the strong flavour of traditional Italian espresso.
Blend: 100% Arabica
Roast: Medium to Dark
Origins: Central and South America
Tasting Notes: Honey, Toasty
Best Served as: Enjoy as an espresso or with milk",,,,,https://www.coles.com.au/product/vittoria-espresso-coffee-beans-1kg-9184897,,,2024-06-16T09:23:07.647544-04:00
Ind55SColes_ADrinks_SACoffee_INescafe 98% Sugar Free Caramel Latte Coffee Sachets 13.5g | 26 pack,Nescafe 98% Sugar Free Caramel Latte Coffee Sachets 13.5g | 26 pack,Nescafe,Drinks,Coffee,Coffee mixes,,$11.00,,,$0.42 per 1ea,4929515,"What's something smooth, rich and simply deLIGHTful? Introducing, NESCAFE 98% SUGAR FREE CARAMEL LATTE, the perfect combo of smooth coffee, rich caramel flavour and a layer of silky froth. With a delectable layer of velvety froth and quality coffee, enjoy a cafe style creamy caramel latte and treat yourself at any time in the comfort of your own home. All you need to do is add hot water and give it a good stir. The result is a delightfully creamy coffee that you can enjoy from the first to the last sip. So whatever you're up to, Now's good for a deliciously creamy NESCAFE 98% SUGAR FREE CARAMEL LATTE. NESCAFE. Make Your World.
Available in 10 sachets per pack or in our value pack of 26 sachets.

We go beyond the cup. We're committed to sustainable sourcing and packaging so our coffee not only tastes good but also does good. Our coffee beans are roasted right here in Australia and 100% sustainably sourced.

We've also made the commitment to convert all of our packaging to 100% recyclable by 2025.",,,"Per 100g/ml
Per Serving
%DI
Energy
140kJ
200 kJ as prepared
2%
Protein
1g
1 g as prepared
1%
Total Fat
1.3g
1.8g
3%
Saturated Fat
1.2g
1.8 g as prepared
7%
Carbohydrate
2.9g
4.4 g as prepared
1%
Sugars
1g
1.4 g as prepared
2%
Sodium
60mg
85 mg as prepared
4%
Dietary Fibre (total)
1g
1 g as prepared
2%
* Percentage Daily Intakes are based on an average adult diet of 8700 kJ. Your daily intakes may be higher or lower depending on your energy needs.",,https://www.coles.com.au/product/nescafe-98percent-sugar-free-caramel-latte-coffee-sachets-13.5g-26-pack-4929515,,,2024-06-16T09:23:18.566998-04:00
Ind55SColes_ADrinks_SACoffee_IL'or Classique Coffee Beans | 500g,L'or Classique Coffee Beans | 500g,Lor,Drinks,Coffee,Coffee beans,,,,,,8057668,"Stimulate your senses with L'OR Espresso Classique Coffee Beans. Roasted locally in Australia, this elegant blend balances notes of hazelnut with soft and zesty layers of fruit.
Tasting notes: smooth with light notes of nuts & dried fruit

Roast: medium

Origins: Brazil and other coffee regions of South America, Central America, South-East Asia, South Asia, East Africa & Papua New Guinea

Intensity: 6

Size: 500g

Usage: best brewed in fully automatic coffee machines.",,,,,https://www.coles.com.au/product/l'or-classique-coffee-beans-500g-8057668,,,2024-06-16T09:23:27.588828-04:00
Ind55SColes_ADrinks_SACoffee_ILavazza Medium Roast Smooth And Aromatic Coffee Beans | 1kg,Lavazza Medium Roast Smooth And Aromatic Coffee Beans | 1kg,Lavazza,Drinks,Coffee,Coffee beans,,$26.60,,$38.00,$2.66 per 100g,8967050,"Qualita Oro is a combination of 6 varieties of Arabica beans from Central & South America. The perfect symphony of taste you can enjoy every day, like every Italian family.

Qualita Oro is the very first Lavazza blend, created in 1956 by Luigi Lavazza in his small roasting lab in Turin, with a dark colour, velvety texture, notes of fruit and flowers.

Intensity: 5/10
Aroma: Fruity & Floral
Roast: Medium
Blend: 100% Arabica
Origin: Central & South America",,,,,https://www.coles.com.au/product/lavazza-medium-roast-smooth-and-aromatic-coffee-beans-1kg-8967050,,,2024-06-16T09:23:36.384201-04:00
Ind55SColes_ADrinks_SACoffee_INescafe Farmers Origins South Asia | 10 pack,Nescafe Farmers Origins South Asia | 10 pack,Nescafe,Drinks,Coffee,Capsules,,,,,,8055640,"In NESCAFE South Asia Espresso, two leading origins, iconic to the NESCAFE brand, come together to bring you a great Italian espresso experience. Delivering all the roasty boldness, full body and thick, syrupy texture you want in this classic shot, Vietnam and India each offer their unique characteristics to win you over in a quick sip. Woody and spicy notes set this one apart.",,,,Contents: 10 Capsules of Roast and Ground Coffee for the Nespresso System.,https://www.coles.com.au/product/nescafe-farmers-origins-south-asia-10-pack-8055640,,,2024-06-16T09:23:45.586092-04:00
Ind55SColes_ADrinks_SACoffee_IColes Urban Coffee Culture Dolce Gusto Ristretto Capsules | 16 pack,Coles Urban Coffee Culture Dolce Gusto Ristretto Capsules | 16 pack,Coles,Drinks,Coffee,Capsules,,$6.50,,,$0.41 per 1ea,3209066,Strong & Intense16 capsulesIntensity 11Dark Roasted with overtone of creamy caramel and a hint of chocolate.,,,,INGREDIENTS: Ground Roasted Coffee^ in capsules,https://www.coles.com.au/product/coles-urban-coffee-culture-dolce-gusto-ristretto-capsules-16-pack-3209066,,,2024-06-16T09:23:54.532973-04:00
Ind55SColes_ADrinks_SACoffee_IVittoria Mountain Grown Blend Coffee Bags | 20 pack,Vittoria Mountain Grown Blend Coffee Bags | 20 pack,Vittoria,Drinks,Coffee,Instant Coffee,,$7.50,,$12.50,$0.38 per 1ea,3988643,"A full-strength coffee with a rich flavour and a delicate finish, Mountain Grown is a premium blend of high altitude 100% Arabica beans delivering a fine, full-bodied cup.
For over 60 years, our ambition has been to provide Australians with the finest coffee in any format they choose. That's why our convenient, single-serve coffee bags contain only 100% Arabica coffee to produce the flavour and aroma you would expect from a barista made coffee.
Tasting notes: Honey, Toasty",,,,,https://www.coles.com.au/product/vittoria-mountain-grown-blend-coffee-bags-20-pack-3988643,,,2024-06-16T09:24:03.386304-04:00
Ind55SColes_ADrinks_SACoffee_ILavazza Qualita Oro Medium Roast Smooth Coffee Beans | 500g,Lavazza Qualita Oro Medium Roast Smooth Coffee Beans | 500g,Lavazza,Drinks,Coffee,Coffee beans,,$20.00,,,$4.00 per 100g,6851099,"Qualita Oro is a combination of 6 varieties of Arabica beans from Central & South America. The perfect symphony of taste you can enjoy every day, like every Italian family.
Qualita Oro is the very first Lavazza blend, created in 1956 by Luigi Lavazza in his small roasting lab in Turin, with a dark colour, velvety texture, notes of fruit and flowers.
Intensity: 5/10
Aroma: Fruity & Floral
Roast: Medium
Blend: 100% Arabica
Origin: Central & South America",,,,,https://www.coles.com.au/product/lavazza-qualita-oro-medium-roast-smooth-coffee-beans-500g-6851099,,,2024-06-16T09:24:12.769882-04:00
Ind55SColes_ADrinks_SACoffee_IStarbucks Espresso Roast Decaf Capsules | 10 pack,Starbucks Espresso Roast Decaf Capsules | 10 pack,Starbucks,Drinks,Coffee,Capsules,,$7.90,Pick any 3 for $18,,$0.79 per 1ea,3891177,"Every espresso beverage we handcraft for you started right here. The quest began in 1975 with a search for the perfect melding of beans and roast, ending months of intense experimentation later with the coffee you're holding in your hand. A recipe for caramelly sweetness so right it's never been changed.Years of focus and expertise have led to the Starbucks Roast Spectrum. Each coffee bean requires a unique balance of temperature and time to reach its individual peak of aroma, acidity, body and flavour.Dark Roast: Fuller-bodied and bold, our dark-roast coffees feature robust flavours and the characteristic essence of an intense roast.Enjoy STARBUCKS at home. The coffee you love without leaving the house.Coffee capsules compatible with NESPRESSO coffee machines.Rich & carmelly notes. Intense and caramelly sweet, this coffee is at the heart of our handcrafted decaf latte.Intensity: 11Cup Recommendation: Ristretto (25ml) / Espresso (40ml)Committed to 100% Ethical Coffee Sourcing in partnership with Conservation International.For NESPRESSO Machines.
- STARBUCKS coffee Pods by NESPRESSO with rich & caramelly notes

- Intensity: 11

- Intense and caramelly sweet, this coffee is at the heart of our handcrafted decaf latte

- Coffee Pods compatible with NESPRESSO coffee machines

- Enjoy STARBUCKS at home. The coffee you love without leaving the house

- Committed to 100% Ethical Coffee Sourcing in partnership with Conservation International.",,,,100% Arabica,https://www.coles.com.au/product/starbucks-espresso-roast-decaf-capsules-10-pack-3891177,,,2024-06-16T09:24:22.692736-04:00
Ind55SColes_ADrinks_SACoffee_IColes Urban Coffee Culture Strong Ground Coffee | 250g,Coles Urban Coffee Culture Strong Ground Coffee | 250g,Coles,Drinks,Coffee,Ground coffee,,$4.50,,,$1.80 per 100g,3616401,"Intensity 10Stamp: Batch roasted in Melbourne, Victoria.Balance of dark cocoa and vanilla flavour with hints of aniseed and clove, full bodied and ideal with milkOur specially crafted coffee is sourced and roasted with passion for your enjoyment.",,,,,https://www.coles.com.au/product/coles-urban-coffee-culture-strong-ground-coffee-250g-3616401,,,2024-06-16T09:24:32.656336-04:00
Ind55SColes_ADrinks_SACoffee_IL'Or Espresso Vanilla Capsules | 10 pack,L'Or Espresso Vanilla Capsules | 10 pack,LOr,Drinks,Coffee,Capsules,,$5.50,,$7.50,$0.55 per 1ea,4823682,"A thrilling but delicate flavoured espresso. Magnificent vanilla scent greets you in the aroma, like a freshly sliced vanilla pod. Pleasantly round taste gives way to subtle zesty notes in the aftertaste. A perfectly balanced blend with rich and deep vanilla flavour.

Blended by L'OR coffee artists.
Round, delicate and rich vanilla ground coffee in single-dose capsules

Designed to blend perfectly with milk for a velvety creation

Contains natural flavours to craft a beautiful and smooth espresso

Ideal preparation is espresso (40mL)

Compatible with L'OR Barista and Nespresso* original coffee machines

100% Rainforest Alliance certified coffee beans.

100% recyclable capsules via partnership with Terracycle.",,,,,https://www.coles.com.au/product/l'or-espresso-vanilla-capsules-10-pack-4823682,,,2024-06-16T09:24:41.613931-04:00
Ind55SColes_ADrinks_SACoffee_IDaley Street Dark Coffee Ground | 200g,Daley Street Dark Coffee Ground | 200g,Daley Street,Drinks,Coffee,Ground coffee,,$9.00,,,$4.50 per 100g,3956170,"Daley StProudly developed &roasted in Preston, MelbourneDark RoastGroundIntense 12Brazilian, Honduran & Ethiopian Arabica BeansDeliver notes of Cocoa - Blackcurrant - Clove",,,,INGREDIENTS: Rainforest Alliance Certified Roasted and Ground Coffee.,https://www.coles.com.au/product/daley-street-dark-coffee-ground-200g-3956170,,,2024-06-16T09:24:51.623665-04:00
Ind55SColes_ADrinks_SACoffee_IColes Urban Coffee Culture Dolce Gusto Americano Capsules | 16 pack,Coles Urban Coffee Culture Dolce Gusto Americano Capsules | 16 pack,Coles,Drinks,Coffee,Capsules,,$6.50,,,$0.41 per 1ea,3209055,"At Urban Coffee Culture, we're passionate curators. First, we carefully select our coffee beans. The beans are then blended, and batch roasted to bring out their full potential and flavour. The result is a delicious premium coffee that you can enjoy every day, knowing that the coffee has been sourced from Rainforest Alliance certified farms. Flavour Profile: highlight on spider graph. ACIDIC HERBAL FRUITY: Our specially crafted coffee is sourced and roasted with passion for your enjoyment. *NESCAF(R) DOLCE GUSTO(R) MACHINE COMPATIBLE. Intended use: Hot Water Serving size setting coffee: 7 of 7 (200mL) *NESCAF AND DOLCE GUSTO ARE TRADE MARKS OF SOCIT DES PRODUITS NESTL S.A. NEITHER THAT COMPANY NOR ITS AFFILIATES HAVE MANUFACTURED OR ENDORSED THIS PRODUCT IN ANY WAY.",,,,,https://www.coles.com.au/product/coles-urban-coffee-culture-dolce-gusto-americano-capsules-16-pack-3209055,,,2024-06-16T09:25:00.411820-04:00
Ind55SColes_ADrinks_SACoffee_INescafe Dolce Gusto Espresso Intenso Coffee Capsules 16 pack | 96g,Nescafe Dolce Gusto Espresso Intenso Coffee Capsules 16 pack | 96g,Nescafe,Drinks,Coffee,Capsules,,$10.00,,,$0.63 per 1ea,3354510,"Our talented coffee creators have blended fruity South American Arabica with Robusta coffee beans to create NESCAF DOLCE GUSTO Espresso Intenso with a unique combination of intense aroma and smooth body.One of our medium roast coffee pod drinks, Intenso has a deliciously nutty aroma that adds something extra special to your espresso cup.

The box contains 16 capsules designed for NESCAF DOLCE GUSTO capsule coffee machines for you to prepare 16 cups of Espresso Intenso. Simply slide your Espresso intenso capsule into your NESCAF DOLCE GUSTO machine.

Our expertise is creating great-looking, great-tasting coffee.

The team at NESCAF DOLCE GUSTO has joined forces with TerraCycle, to collect and recycle your used capsules, preventing them from ending up in landfill and giving the capsule materials a second life!
Our talented coffee creators have blended fruity South American Arabica with Robusta coffee beans to create NESCAF DOLCE GUSTO Espresso Intenso with a unique combination of intense aroma and smooth body.

.One of our medium roast coffee pod drinks, Intenso has a deliciously nutty aroma that adds something extra special to your espresso cup.

The box contains 16 capsules designed for NESCAF DOLCE GUSTO capsule coffee machines for you to prepare 16 cups of Espresso Intenso.

Our expertise is creating great-looking, great-tasting coffee.

The team at NESCAF DOLCE GUSTO has joined forces with TerraCycle, to collect and recycle your used capsules, preventing them from ending up in landfill and giving the capsule materials a second life!",,,,,https://www.coles.com.au/product/nescafe-dolce-gusto-espresso-intenso-coffee-capsules-16-pack-96g-3354510,,,2024-06-16T09:25:09.645194-04:00
Ind55SColes_ADrinks_SACoffee_INescafe Dolce Gusto Americano Coffee Capsules 16 pack | 128g,Nescafe Dolce Gusto Americano Coffee Capsules 16 pack | 128g,Nescafe,Drinks,Coffee,Capsules,,$10.00,,,$0.63 per 1ea,3354509,"[Discover NESCAFE DOLCE GUSTO Americano Rich Aroma.Our talented coffee creators have blended Vietnam origin Arabica and Robusta coffee beans. This long cup is an elegant coffee with fruity and floral notes, a medium body and a fine crema. Americano Rich Aroma is enjoyed best in a large mug. With or Without milk.The box contains 16 capsules designed for NESCAFE DOLCE GUSTO capsule coffee machines for you to prepare 16 cups of Americano Rich Aroma. Simply slide your Americano capsule into your NESCAFE DOLCE GUSTO machine. Our expertise is creating great-looking, great-tasting coffee.The team at NESCAFE DOLCE GUSTO has joined forces with TerraCycle, to collect and recycle your used capsules, preventing them from ending up in landfill and giving the capsule materials a second life!, null]
Our talented coffee creators have blended Vietnam origin Arabica and Robusta coffee beans.

This long cup is an elegant coffee with fruity and floral notes, a medium body and a fine crema. Americano Rich Aroma is enjoyed best in a large mug. With or Without milk.

The box contains 16 capsules designed for NESCAF DOLCE GUSTO capsule coffee machines for you to prepare 16 cups of Americano Rich Aroma.

Our expertise is creating great-looking, great-tasting coffee.

The team at NESCAF DOLCE GUSTO has joined forces with TerraCycle, to collect and recycle your used capsules, preventing them from ending up in landfill and giving the capsule materials a second life!",,,,Roast & Ground Coffee,https://www.coles.com.au/product/nescafe-dolce-gusto-americano-coffee-capsules-16-pack-128g-3354509,,,2024-06-16T09:25:19.116774-04:00
Ind55SColes_ADrinks_SACoffee_IColes Urban Coffee Culture Organic Ground | 250g,Coles Urban Coffee Culture Organic Ground | 250g,Coles,Drinks,Coffee,Ground coffee,,$5.00,,,$2.00 per 100g,2262336,"Intensity 10Stamp: Batch roasted in Melbourne, Victoria.A MEDIUM ROAST GIVING A SWEET FLAVOUR OF DELICIOUS CARAMEL AND MAPLE SYRUP NOTESOur specially crafted coffee is sourced and roasted with passion for your enjoyment.",,,,INGREDIENTS: Organic Roast and Ground Coffee^.,https://www.coles.com.au/product/coles-urban-coffee-culture-organic-ground-250g-2262336,,,2024-06-16T09:25:28.096876-04:00
Ind55SColes_ADrinks_SACoffee_IMoccona Hot/Cold Vanilla Latte Sachets | 8 pack,Moccona Hot/Cold Vanilla Latte Sachets | 8 pack,Moccona,Drinks,Coffee,Coffee mixes,,,,,,8057635,,,,,,https://www.coles.com.au/product/moccona-hotcold-vanilla-latte-sachets-8-pack-8057635,,,2024-06-16T09:25:37.167911-04:00
Ind55SColes_ADrinks_SACoffee_IVittoria Freeze Dried Espresso No 3 Coffee 500g | 500g,Vittoria Freeze Dried Espresso No 3 Coffee 500g | 500g,Vittoria Freeze Dried,Drinks,Coffee,Instant Coffee,,,,,,8078158,,,,,,https://www.coles.com.au/product/vittoria-freeze-dried-espresso-no-3-coffee-500g-500g-8078158,,,2024-06-16T09:25:46.417927-04:00
Ind55SColes_ADrinks_SACoffee_IMoccona Indulgence Speciality Blend Coffee | 200g,Moccona Indulgence Speciality Blend Coffee | 200g,Moccona,Drinks,Coffee,Instant Coffee,,$13.50,,$20.50,$6.75 per 100g,3232465,"A blend of choice specialty 100% Arabica beans have been selected to give Moccona Indulgence a full-bodied and velvety flavour.
Indulgence is a dark roasted the most indulgent coffee experience.
At Moccona, we care about coffee, the people who grow it and the planet it comes from. Working together with our preferred partners like UTZ Certified, we help farmers prosper and help to preserve the environment.
Freeze Dried Instant Coffee.
8.",,,,100% Coffee Beans.,https://www.coles.com.au/product/moccona-indulgence-speciality-blend-coffee-200g-3232465,,,2024-06-16T09:25:55.426472-04:00
Ind55SColes_ADrinks_SACoffee_IDaley Street Q-graders Batch Cremorne Ground Coffee | 250g,Daley Street Q-graders Batch Cremorne Ground Coffee | 250g,Daley Street,Drinks,Coffee,Ground coffee,,$12.00,,,$4.80 per 100g,5993258,,,,,,https://www.coles.com.au/product/daley-street-q-graders-batch-cremorne-ground-coffee-250g-5993258,,,2024-06-16T09:26:04.598564-04:00
Ind55SColes_ADrinks_SACoffee_IVittoria Mountain Grown Ground Coffee | 500g,Vittoria Mountain Grown Ground Coffee | 500g,Vittoria,Drinks,Coffee,Ground coffee,,$16.00,,$24.00,$3.20 per 100g,3984380,"One of Vittoria's premium blends, Mountain Grown is a full-strength coffee with a full rich flavour and a delicate finish. A 100% premium Arabica blend of high-altitude coffee beans gives a fine espresso taste whether served as an espresso or with milk.

Blend: 100% Arabica

Roast: Dark

Origins: Central and South America

Tasting Notes: Caramel, Dark chocolate, Smokey, Toasty

Best brewed with: Filter machines, stove top brewers, plungers & pour overs",,,,,https://www.coles.com.au/product/vittoria-mountain-grown-ground-coffee-500g-3984380,,,2024-06-16T09:26:13.515275-04:00
Ind55SColes_ADrinks_SACoffee_IStarbucks By Nespresso Single Origin Coffee Sumatra Capsules | 10 pack,Starbucks By Nespresso Single Origin Coffee Sumatra Capsules | 10 pack,Starbucks,Drinks,Coffee,Capsules,,$7.90,Pick any 3 for $18,,$0.79 per 1ea,3613040,"Like the lush Indonesian island of its origin, this spicy coffee stands alone. Full-bodied with a smooth mouthfeel, lingering flavours of dried herbs and fresh earth, and almost no acidity. Coffee from Sumatra is the foundation of our most treasured blends, and something we've been honoured to share with you for four decades.Years of focus and expertise have led to the Starbucks Roast Spectrum. Each coffee bean requires a unique balance of temperature and time to reach its individual peak of aroma, acidity, body and flavour.Dark Roast: Fuller-bodied and bold, our dark-roast coffees feature robust flavours and the characteristic essence of an intense roast.Enjoy Starbucks at home. The coffee you love without leaving the house.Coffee capsules for Nespresso coffee machines.Earthy & Herbal notes. Full-bodied, spicy coffee with a smooth mouthfeel.Intensity: 10Cup Recommendation: Espresso (40ml)Committed to 100% Ethical Coffee Sourcing in partnership with Conservation International.For Nespresso Machines.
- STARBUCKS coffee Pods by NESPRESSO with earthy & herbal notes

- Intensity: 10

- Full-bodied, spicy coffee with a smooth mouthfeel

- Coffee Pods compatible with NESPRESSO coffee machines

- Enjoy STARBUCKS at home. The coffee you love without leaving the house

- Lingering flavours of dried herbs and fresh earth, and almost no acidity.

- Committed to 100% Ethical Coffee Sourcing in partnership with Conservation International.",,,,100% Arabica,https://www.coles.com.au/product/starbucks-by-nespresso-single-origin-coffee-sumatra-capsules-10-pack-3613040,,,2024-06-16T09:26:22.575859-04:00
Ind55SColes_ADrinks_SA_IL'or Latte Coffee | 220g,L'or Latte Coffee | 220g,Lor,Drinks,,,,,,,,8057726,"Experience a luxurious and indulgent moment to awaken your senses.

L'OR Latte is velvety and rich with layers of flavour and aroma.

Preperation Instructions:
Add 3-4 teaspoons to your favourite mug
Stir as your pour in 170ml of hot, not boiling water
Stir well and enjoy
Premium indulgdent coffee

Rich and velvety coffee

15 serves per tin

Ideal preparation is with 170 ml of hot water

Reycable tin and lid",,,,,https://www.coles.com.au/product/l'or-latte-coffee-220g-8057726,,,2024-06-16T09:26:31.769298-04:00
Ind55SColes_ADrinks_SABeverages_IMoccona Cafe Classics Latte Sachets | 10 pack,Moccona Cafe Classics Latte Sachets | 10 pack,Moccona Cafe,Drinks,Beverages,Coffee & tea,,$5.00,,,"$0.50 per 1ea
Was $6.00 on Jun 2024",4405638,"Indulge in a little me-time while enjoying the new smooth taste of a sweet creamy Latte style coffee from Moccona. Finished with a thick layer of velvety froth for that indulgent cafe style experience that's perfect any time of day.
98% Fat Free (as prepared with water)
Gluten Free
63 Calories per serve
Smooth taste and velvety froth",,,"Per 100g/ml
Per Serving
%DI
Energy
175
263
Protein
Less than 1g
1.2g
Total Fat
1.5g
2.3g
Saturated Fat
1.5g
2.3g
Carbohydrate
6.1g
9.2g
Sugars
2.6g
3.9g
Sodium
43mg
64mg
Energy (Cal)
42
63
Dietary Fibre (total)
Less than 1g
Less than 1g
* Percentage Daily Intakes are based on an average adult diet of 8700 kJ. Your daily intakes may be higher or lower depending on your energy needs.",,https://www.coles.com.au/product/moccona-cafe-classics-latte-sachets-10-pack-4405638,,,2024-06-16T09:26:42.940098-04:00
Ind55SColes_ADrinks_SACoffee_INescafe Farmers Origins Brazil Lungo Capsules | 10 pack,Nescafe Farmers Origins Brazil Lungo Capsules | 10 pack,Nescafe,Drinks,Coffee,Capsules,,$7.00,,,$0.70 per 1ea,3890629,"Brazilian farmers know a thing or two about growing and harvesting their coffee to bring you one of the smoothest, most balanced long cups. One of the biggest coffee producers the world has seen, Brazil's passion and sunshine shines in the cup. Savour the toasted and cereal notes of NESCAFE Lungo Brazil.",,,,contents: 10 Capsules of Roast and Ground Coffee for the Nespresso System.,https://www.coles.com.au/product/nescafe-farmers-origins-brazil-lungo-capsules-10-pack-3890629,,,2024-06-16T09:26:52.297132-04:00
Ind55SColes_ADrinks_SACoffee_IStarbucks Medium House Blend Coffee Capsules By Nespresso 205g | 36 pack,Starbucks Medium House Blend Coffee Capsules By Nespresso 205g | 36 pack,Starbucks,Drinks,Coffee,Capsules,,$16.80,,,$0.47 per 1ea,4926674,"STARBUCKS by Nespresso House Blend Coffee Pods 36pkMedium RoastRich & Toffee NotesIntensity 8 Lungo (110ml) 100% ArabicaA blend of fine Latin American beans roasted to a glistening, dark chestnut colour. Loaded with flavour, balancing tastes of nut and cocoa, just a touch of sweetness from the roast. This coffee is our beginning, the very first blend we ever created for you back in 1971. A true reflection of us and a delicious cup of coffee, period. For Nespresso Machines.Committed to 100% Ethical Coffee Sourcing in partnership with Conservation International.
- STARBUCKS coffee Pods by NESPRESSO, rich with toffee notes

- Intensity: 8

- Aroma, body and flavour all in balance with tastes of nuts and cocoa

- Coffee Pods compatible with NESPRESSO Coffee Machines

- Enjoy STARBUCKS at home. The coffee you love without leaving the house

- A blend of fine Latin American beans roasted to a glistening, dark chestnut colour.

- Committed to 100% Ethical Coffee Sourcing in partnership with Conservation International.",,,,,https://www.coles.com.au/product/starbucks-medium-house-blend-coffee-capsules-by-nespresso-205g-36-pack-4926674,,,2024-06-16T09:27:01.135146-04:00
Ind55SColes_ADrinks_SACoffee_INestle Coffee & Milk | 395g,Nestle Coffee & Milk | 395g,Nestle,Drinks,Coffee,Coffee mixes,,$5.00,,,$1.27 per 100g,3995999,"Nestle Coffee and Milk provides you with the convenience of coffee, milk and sugar all in one pack. Just add hot water for an instant cup of coffee. It is perfect for the outdoors as it is made from long life milk, so you can take it with you camping, fishing, hiking or boating. Nestle Coffee and Milk is also handy for work when coffee facilities are limited. It can also be used in a coffee dessert.",,,"Per 100g/ml
Per Serving
%DI
Energy
1300kJ
325kJ
4%
Protein
6.8g
1.7g
3%
Total Fat
7.1g
1.8g
3%
Saturated Fat
4.1g
1g
4%
Carbohydrate
54g
13.5g
4%
Sugars
53.6g
13.4g
15%
Sodium
180mg
45mg
2%
* Percentage Daily Intakes are based on an average adult diet of 8700 kJ. Your daily intakes may be higher or lower depending on your energy needs.","Milk , Sugar, Instant Coffee (3.5%), Milk Solids, Water, Salt. Contains Milk",https://www.coles.com.au/product/nestle-coffee-and-milk-395g-3995999,,,2024-06-16T09:27:12.158388-04:00
Ind55SColes_ADrinks_SACoffee_INescafe Roastery Dark Roast | 95g,Nescafe Roastery Dark Roast | 95g,Nescafe,Drinks,Coffee,Instant Coffee,,,,,,8055516,,,,,,https://www.coles.com.au/product/nescafe-roastery-dark-roast-95g-8055516,,,2024-06-16T09:27:21.383871-04:00
Ind55SColes_ADrinks_SACoffee_IGrinders Espresso Coffee Beans | 1kg,Grinders Espresso Coffee Beans | 1kg,Grinders,Drinks,Coffee,Coffee beans,,$35.00,,,$3.50 per 100g,2686933,,,,,,https://www.coles.com.au/product/grinders-espresso-coffee-beans-1kg-2686933,,,2024-06-16T09:27:30.234332-04:00
Ind55SColes_ADrinks_SACoffee_IL'OR Espresso Onyx Intensity 12 Coffee Capsules 52g | 10 pack,L'OR Espresso Onyx Intensity 12 Coffee Capsules 52g | 10 pack,LOR,Drinks,Coffee,Capsules,,$5.50,,$7.50,$0.55 per 1ea,2951058,"Notes of chocolate and spicy bitter cocoa flavours are layered with a lingering aftertaste. Coffee's darkest character - roasted and extreme.

Blended by L'OR Coffee Artists
Dark, smoky and intense ground coffee in single-dose capsules
Ideal preparation is espresso (40mL)
Compatible with L'OR Barista and Nespresso* original coffee machines
100% Rainforest Alliance certified coffee beans
100% recyclable capsules via partnership with Terracycle",,,,,https://www.coles.com.au/product/l'or-espresso-onyx-intensity-12-coffee-capsules-52g-10-pack-2951058,,,2024-06-16T09:27:40.347135-04:00
Ind55SColes_ADrinks_SACoffee_IRobert Timms Italian Espresso Style Coffee Bags 160g | 28 Pack,Robert Timms Italian Espresso Style Coffee Bags 160g | 28 Pack,Robert Timms,Drinks,Coffee,Instant Coffee,,$9.45,,$13.50,$0.34 per 1ea,4965756,"Rich, dark and aromatic",,,,coffee,https://www.coles.com.au/product/robert-timms-italian-espresso-style-coffee-bags-160g-28-pack-4965756,,,2024-06-16T09:27:49.365716-04:00
Ind55SColes_ADrinks_SABeverages_IMoccona Classic Dark Roast Instant Coffee | 400g,Moccona Classic Dark Roast Instant Coffee | 400g,Moccona,Drinks,Beverages,Coffee & tea,,$22.00,,,"$5.50 per 100g
Was $28.00 on Jun 2024",6835015,"The perfect coffee to enjoy every day.

The heritage behind Moccona was born half a world away in the quaint Netherlands' village of Joure in 1753. Originally sold in delicatessens and small specialty stores, it symbolised the little indulgence from Europe that added to the pleasures of everyday.

Known for its premium taste and elegant glass jar, Moccona has become a much-loved classic in homes all over Australia.

Moccona blends are created by bringing together the world's finest beans: Arabica and the Robusta. The Arabica has a softer sweeter taste with berry and fruit tones while the Robusta bean has a deep rich flavour.

Together they bring the magical blend and character you expect from the perfect cup of coffee. Every time you smell the aroma of Moccona, you'll be reminded of the great passion that drives us to create moments of pure indulgence - just for you.

Experience the rich taste of Moccona Classic Dark Roast.

Its bold, full-bodied flavour and intense aroma make it the perfect coffee to enjoy everyday.

At Moccona, we care about coffee, the people who grow it and the planet it comes from.

Working together with our preferred partners like UTZ Certified, we help farmers prosper and help to preserve the environment.",,,,100% coffee beans.,https://www.coles.com.au/product/moccona-classic-dark-roast-instant-coffee-400g-6835015,,,2024-06-16T09:27:58.312714-04:00
Ind55SColes_ADrinks_SACoffee_IColes Coffee Decaffeinated | 100g,Coles Coffee Decaffeinated | 100g,Coles,Drinks,Coffee,Instant Coffee,,$4.00,,,$4.00 per 100g,5334660,Coles decaffinated coffee ideal for that morning coffee break or afternoon cuppa with friends enjoy the smooth bold flavour,,,,,https://www.coles.com.au/product/coles-coffee-decaffeinated-100g-5334660,,,2024-06-16T09:28:11.004220-04:00
Ind55SColes_ADrinks_SACoffee_IMoccona Espresso Style Bold & Intense Instant Coffee | 200g,Moccona Espresso Style Bold & Intense Instant Coffee | 200g,Moccona,Drinks,Coffee,Instant Coffee,,$16.00,,,$8.00 per 100g,7479357,"The perfect coffee to enjoy every day.

The heritage behind Moccona was born half a world away in the quaint Netherlands' village of Joure in 1753. Originally sold in delicatessens and small specialty stores, it symbolised the little indulgence from Europe that added to the pleasures of everyday.

Known for its premium taste and elegant glass jar, Moccona has become a much-loved classic in homes all over Australia.

Moccona blends are created by bringing together the world's finest beans: Arabica and the Robusta. The Arabica has a softer sweeter taste with berry and fruit tones while the Robusta bean has a deep rich flavour.

Together they bring the magical blend and character you expect from the perfect cup of coffee. Every time you smell the aroma of Moccona, you'll be reminded of the great passion that drives us to create moments of pure indulgence - just for you.

At Moccona, we care about coffee, the people who grow it and the planet it comes from.

Working together with our preferred partners like UTZ Certified, we help farmers propers and help to preserve the environment.",,,,100% Coffee beans.,https://www.coles.com.au/product/moccona-espresso-style-bold-and-intense-instant-coffee-200g-7479357,,,2024-06-16T09:28:19.989514-04:00
Ind55SColes_ADrinks_SACoffee_IColes Organic Fairtrade Gold Freeze Dried Coffee | 100g,Coles Organic Fairtrade Gold Freeze Dried Coffee | 100g,Coles,Drinks,Coffee,Instant Coffee,,$4.00,,,$4.00 per 100g,7393433,Coles organic fair trade gold freeze dried coffee a smooth and silky coffee blend. Delicious,,,,INGREDIENTS: Fairtrade Certified (TM) Organic Coffee. Made from 100% Arabica Beans.,https://www.coles.com.au/product/coles-organic-fairtrade-gold-freeze-dried-coffee-100g-7393433,,,2024-06-16T09:28:29.397882-04:00
Ind55SColes_ADrinks_SACoffee_IMoccona Cafe Classics Caramel Latte Sachets | 30 pack,Moccona Cafe Classics Caramel Latte Sachets | 30 pack,Moccona Cafe,Drinks,Coffee,Coffee mixes,,$12.00,,,$0.40 per 1ea,4405591,"Relax and enjoy a little me-time while enjoying the new smooth taste of a creamy Caramel Latte style coffee from Moccona. Finished with a thick layer of velvety froth for that indulgent cafe style experience that's perfect any time of day.
98% Fat Free (as prepared with water)
Gluten Free
57 Calories per serve
Smooth Caramel taste and velvety froth",,,"Per 100g/ml
Per Serving
%DI
Energy
160kJ
240kJ
Protein
Less than 1g
Less than 1g
Total Fat
1.0g
1.6g
Saturated Fat
1.0g
1.5g
Carbohydrate
6.8g
10.2g
Sugars
4.9g
7.4g
Sodium
37mg
56mg
Energy (Cal)
38Cal
57Cal
Dietary Fibre (total)
Less than 1g
Less than 1g
Gluten
0.0g
0.0g
* Percentage Daily Intakes are based on an average adult diet of 8700 kJ. Your daily intakes may be higher or lower depending on your energy needs.",,https://www.coles.com.au/product/moccona-cafe-classics-caramel-latte-sachets-30-pack-4405591,,,2024-06-16T09:28:40.696405-04:00
Ind55SColes_ADrinks_SACoffee_IRobert Timms Mocha Kenya Style Coffee Bags 160g | 28 Pack,Robert Timms Mocha Kenya Style Coffee Bags 160g | 28 Pack,Robert Timms,Drinks,Coffee,Instant Coffee,,$9.45,,$13.50,$0.34 per 1ea,5698633,"Rich, dark and aromatic",,,,coffee,https://www.coles.com.au/product/robert-timms-mocha-kenya-style-coffee-bags-160g-28-pack-5698633,,,2024-06-16T09:28:49.571708-04:00
Ind55SColes_ADrinks_SACoffee_IVittoria Freeze Dried Mountain Grown Instant Coffee | 100g,Vittoria Freeze Dried Mountain Grown Instant Coffee | 100g,Vittoria,Drinks,Coffee,Instant Coffee,,$7.50,,$12.50,$7.50 per 100g,4737365,"A full-strength coffee with a rich flavour and delicate finish. Mountain Grown is a premium blend of high-altitude 100% Arabica beans delivering a fine, full-bodied cup.
Blend: High altitude growing regions
Roast: Medium-Dark
Intensity: 14/15
Brewing Guide: Add 1-2 tbs to 85-92 water",,,,,https://www.coles.com.au/product/vittoria-freeze-dried-mountain-grown-instant-coffee-100g-4737365,,,2024-06-16T09:28:58.359048-04:00
Ind55SColes_ADrinks_SACoffee_IGrinders Ground Coffee | 200g,Grinders Ground Coffee | 200g,Grinders,Drinks,Coffee,Ground coffee,,,,,,8059630,"Enjoy our classic and full bodied Espresso blend, crafted by our master roaster with notes of cocoa and nuts.
Tasting Notes: Fruity and chocolate flavour notes, creating mild sweetness with a full-bodied mouth feel. Higher roasting maintains medium acidity and delivers a nutty and dark cocoa after-taste.

Aroma: The aroma is distinctly nutty.

Roast: Medium - Dark Roast.

From crop to cup, we are about creating a better coffee that's more sustainable for everyone to enjoy. Made from 100% Rainforest Alliance sourced beans.

Nothing but freshly roasted, 100% ethically certified coffee.",,,,,https://www.coles.com.au/product/grinders-ground-coffee-200g-8059630,,,2024-06-16T09:29:07.767851-04:00
Ind55SColes_ADrinks_SACoffee_IL'or Espresso Breakfast Variety Capsules | 40 pack,L'or Espresso Breakfast Variety Capsules | 40 pack,Lor,Drinks,Coffee,Capsules,,,,,,8057588,"The L'OR Espresso Breakfast Collection includes four rich and full-bodied capsules from our ristretto and espresso ranges. Let yourself be tempted by our selection of intense coffees and savor rich and powerful aromas that will delight your taste buds.

Ultimo 11
Ultimo reveals the smoothest characteristics of dark-roasted coffee with balanced intensity. Its fruity notes survive the high roast for an intriguing coffee experience. 
Smooth - Intense - Fruity

Lungo Estremo 10
An exciting blend of sharp, red fruit notes contrasted with hints of soft vanilla. A full-bodied, roasted profile with touches of smokiness. Its flavours move in different directions, full of action and movement.
Fruity - Smokey - Complex

Lungo Profondo 8
The journey is an adventure in taste and aroma. As it departs, it leaves behind a distinct aftertaste, lingering for long enough to draw you in and keep you yearning for more.
Toasty - Fruity - Distinct

Colombia 8
This smooth and sweet blend captures that warmth with it's citrus fruit notes, complexity at the core, tangy and elegant velvetey aftertaste.
Smooth - Sweet - Fruity

Blended by L'OR Coffee Artists
Rich and full-bodied ground coffees in single-dose capsules

Ideal preparation is espresso (40mL) and lungo (110mL)

Compatible with L'OR Barista and Nespresso* original coffee machines

100% Rainforest Alliance certified coffee beans

100% recyclable capsules via partnership with Terracycle",,,,,https://www.coles.com.au/product/l'or-espresso-breakfast-variety-capsules-40-pack-8057588,,,2024-06-16T09:29:16.395397-04:00
Ind55SColes_ADrinks_SACoffee_IMoccona Cafe Classics Strong Cappuccino Sachets | 30 pack,Moccona Cafe Classics Strong Cappuccino Sachets | 30 pack,Moccona Cafe,Drinks,Coffee,Coffee mixes,,$12.00,,,$0.40 per 1ea,4405570,"If you like your cappuccino with a kick, then this coffee has your name on it. Indulge in a little me-time while enjoying the new smooth taste and bold coffee flavour of a Strong Cappuccino style coffee from Moccona. Finished with a thick layer of velvety froth for that indulgent cafe style experience that's perfect any time of day.
97% Sugar Free (as prepared with water)
98% Fat Free (as prepared with water)
Gluten Free
53 Calories per serve
Smooth taste and velvety froth",,,"Per 100g/ml
Per Serving
%DI
Energy
147kJ
220kJ
Protein
Less than 1g
1.1g
Total Fat
1.2g
1.9g
Saturated Fat
1.2g
1.9g
Carbohydrate
5.1g
7.6g
Sugars
2.4g
3.6g
Sodium
35mg
53mg
Energy (Cal)
35Cal
53Cal
Dietary Fibre (total)
Less than 1g
Less than 1g
Gluten
0.0g
0.0g
* Percentage Daily Intakes are based on an average adult diet of 8700 kJ. Your daily intakes may be higher or lower depending on your energy needs.",,https://www.coles.com.au/product/moccona-cafe-classics-strong-cappuccino-sachets-30-pack-4405570,,,2024-06-16T09:29:27.774633-04:00
Ind55SColes_ADrinks_SACoffee_IRepublica Organic Melbourne Capsules | 20 pack,Republica Organic Melbourne Capsules | 20 pack,Republica Organic,Drinks,Coffee,Capsules,,$11.50,,,$0.58 per 1ea,3985340,"Nespresso Compatible*
*Republica Coffee Capsules are made to fit your Nespresso coffee machines.
Move Mountains
But First... Coffee
Whether you like it tall or short, Republica's Melbourne Coffee Pods are certainly dark and handsome. Coffee beans from PNG and Peru are dark-roasted to create a blend that ticks every box - bold, strong, and rich. Let this brew lead you to adventures through Melbourne's laneways.",,,,,https://www.coles.com.au/product/republica-organic-melbourne-capsules-20-pack-3985340,,,2024-06-16T09:29:37.689579-04:00
Ind55SColes_ADrinks_SACoffee_IDaley Street Intense Aluminium Nespresso Compatible Coffee Capsules | 10 pack,Daley Street Intense Aluminium Nespresso Compatible Coffee Capsules | 10 pack,Daley Street,Drinks,Coffee,Capsules,,$5.00,,,$0.50 per 1ea,3928663,"IN THE HEART OF INNER-CITY PRESTON, OUR MELBOURNE ROASTERS HAVE TAKEN THEIR PASSION FOR COFFEE TO DEVELOP A SUSTAINABLE, SPECIALTY BLEND.MADE WITH QUALITY COLOMBIAN ARABICA & VIETNAMESE ROBUSTA BEANS, DALEY ST IS READY FOR YOU TO SAVOUR AT HOME.",,,,INGREDIENTS: Rainforest Alliance Certified Roasted and Ground Coffee in Capsules.,https://www.coles.com.au/product/daley-street-intense-aluminium-nespresso-compatible-coffee-capsules-10-pack-3928663,,,2024-06-16T09:29:46.681567-04:00
Ind55SColes_ADrinks_SACoffee_IDaley Street Medium/Dark Aluminium Nespresso Compatible Coffee Capsules | 30 pack,Daley Street Medium/Dark Aluminium Nespresso Compatible Coffee Capsules | 30 pack,Daley Street,Drinks,Coffee,Capsules,,,,,,3928561,"Medium/Dark Roast 30x Aluminium Capsules BOLD 9 Brazilian, Colombian & Kenyan Arabica beans DELIVER NOTES OF HONEY - ALMOND - RASPBERRY Nespresso Machine Compatible*",,,,,https://www.coles.com.au/product/daley-street-mediumdark-aluminium-nespresso-compatible-coffee-capsules-30-pack-3928561,,,2024-06-16T09:29:57.492297-04:00
Ind55SColes_ADrinks_SACoffee_INescafe Iced Vanilla Coffee Sachets | 8 pack,Nescafe Iced Vanilla Coffee Sachets | 8 pack,Nescafe,Drinks,Coffee,Coffee mixes,,$7.60,,,$0.95 per 1ea,4407269,"We all know coffee is cool, but here's proof. NESCAFE Vanilla Iced Cappuccino is a seriously chill blend of rich coffee and smooth vanilla flavour topped with a refreshing layer of creamy froth. It's an icy cold pick-me-up that's perfect any time. All you need to do is add cold water and give it a good stir. The result is a delightfully creamy coffee that you can enjoy from the first to the last sip. So whatever you're up to, Now's good for a deliciously creamy NESCAFE Vanilla Iced Cappuccino. NESCAFE. Make Your World.
Available in 8 sachets per pack.

We go beyond the cup. We're committed to sustainable sourcing and packaging so our coffee not only tastes good but also does good. Our coffee beans are roasted right here in Australia and 100% sustainably sourced.

We've also made the commitment to convert all of our packaging to 100% recyclable by 2025.",,,"Per 100g/ml
Per Serving
%DI
Energy
180kJ
270 kJ As Prepared
3%
Protein
1.4g
2 g As Prepared
4%
Total Fat
1g
<1g
1%
Saturated Fat
1g
1 g As Prepared
2%
Carbohydrate
9.1g
13.7 g As Prepared
4%
Sugars
6.8g
10.2 g As Prepared
11%
Sodium
60mg
100 mg As Prepared
4%
* Percentage Daily Intakes are based on an average adult diet of 8700 kJ. Your daily intakes may be higher or lower depending on your energy needs.","Sugar, Milk Solids, Glucose Syrup, Soluble Coffee (6%), Vegetable Oil, Flavours, Salt, Stabilisers (340, 341).",https://www.coles.com.au/product/nescafe-iced-vanilla-coffee-sachets-8-pack-4407269,,,2024-06-16T09:30:08.691129-04:00
Ind55SColes_ADrinks_SACoffee_ICaffe Aurora Italian Blend Ground Coffee | 1kg,Caffe Aurora Italian Blend Ground Coffee | 1kg,Caffe Aurora,Drinks,Coffee,Ground coffee,,$19.00,,,$1.90 per 100g,4824404,"Boasting a strong, well-rounded flavour, Caffe Aurora Italian Blend is a dark roast that has been expertly crafted with the espresso drinker in mind. An intense, full-bodied cup producing an authentic Italian-style coffee. Tasting Notes: Dark Chocolate, Smokey",,,,,https://www.coles.com.au/product/caffe-aurora-italian-blend-ground-coffee-1kg-4824404,,,2024-06-16T09:30:17.757953-04:00
Ind55SColes_ADrinks_SACoffee_IStarbucks Breakfast Blend Capsules By Nespresso | 10 pack,Starbucks Breakfast Blend Capsules By Nespresso | 10 pack,Starbucks,Drinks,Coffee,Capsules,,$7.90,Pick any 3 for $18,,$0.79 per 1ea,4405693,"STARBUCKS BREAKFAST BLEND by NESPRESSO Coffee Pods 10pkMedium RoastLively and Citrusy NotesIntensity 7Espresso 40ml / Lungo 110ml100% Arabica CoffeeWe introduced this blend in 1998 for those who prefer a milder cup of coffee in the morning. Sitting on the lighter side of medium roast; Starbucks Breakfast Blend is the result of playing with the roast and taste profile for a flavour that appeals to a wider range of palates. Perfect if you appeciate a less intense coffee with lots of character, it's lively and citrusy with a clean finish.For NESPRESSO Machines. Committed to 100% Ethical Coffee Sourcing in partnership with Conservation International
- STARBUCKS coffee Pods by NESPRESSO, lively and citrusy notes.

- Intensity: 7

- Espresso 40ml / Lungo 110ml

- Coffee Pods compatible with NESPRESSO Coffee Machines

- Enjoy STARBUCKS at home. The coffee you love without leaving the house

- A blend of fine Latin American beans roasted to a glistening, dark chestnut colour.

- Committed to 100% Ethical Coffee Sourcing in partnership with Conservation International.",,,,100% Arabica Roast & Ground Coffee,https://www.coles.com.au/product/starbucks-breakfast-blend-capsules-by-nespresso-10-pack-4405693,,,2024-06-16T09:30:26.928991-04:00
Ind55SColes_ADrinks_SABeverages_IRepublica Organic South American Medium Roast Freeze Dried Instant Coffee | 100g,Republica Organic South American Medium Roast Freeze Dried Instant Coffee | 100g,Republica Organic,Drinks,Beverages,Coffee & tea,,$9.50,,,"$9.50 per 100g
Was $12.00 on May 2024",8649077,"Move Mountains
But First... Coffee
Good things aren't just for those who wait, get great coffee - instantly. With a rich caramel aroma and velvety smooth finish, it's obvious why Republica's South American blend was selected as Australia's best tasting instant coffee*.
*As judged by Good Food 2020.",,,,,https://www.coles.com.au/product/republica-organic-south-american-medium-roast-freeze-dried-instant-coffee-100g-8649077,,,2024-06-16T09:30:36.171753-04:00
Ind55SColes_ADrinks_SACoffee_IL'OR Espresso Lungo Profondo Intensity 8 Coffee Capsules 52g | 10 pack,L'OR Espresso Lungo Profondo Intensity 8 Coffee Capsules 52g | 10 pack,LOR,Drinks,Coffee,Capsules,,$5.50,,$7.50,$0.55 per 1ea,2951047,"A journey of taste from start to finish with a medium roast taken right to the edge of dark. Deeper hints of chocolate and nuts, then light toasty notes, contrasted with soft fruitiness. A lingering, distinct aftertaste keeps you yearning for more.

Blended by L'OR Coffee Artists
Toasty, fruity and distinct ground coffee in single-dose capsules
Ideal preparation is espresso (40mL)
Compatible with L'OR Barista and Nespresso* original coffee machines
100% Rainforest Alliance certified coffee beans
100% recyclable capsules via partnership with Terracycle",,,,,https://www.coles.com.au/product/l'or-espresso-lungo-profondo-intensity-8-coffee-capsules-52g-10-pack-2951047,,,2024-06-16T09:30:45.428546-04:00
Ind55SColes_ADrinks_SACoffee_IL'OR Espresso Ristretto Intensity 11 Coffee Capsules 52g | 10 pack,L'OR Espresso Ristretto Intensity 11 Coffee Capsules 52g | 10 pack,LOR,Drinks,Coffee,Capsules,,$5.50,,$7.50,$0.55 per 1ea,2959286,"Layers of light spice contrast sharp freshness inspired by the markets of Sumatra. Created to unfold and reveal its complexity in an instant, it is a quick and bold blend.

Blended by L'OR Coffee Artists
Fresh, spicy and complex ground coffee in single-dose capsules
Ideal preparation is ristretto (25mL) and espresso (40mL)
Compatible with L'OR Barista and Nespresso* original coffee machines
100% Rainforest Alliance certified coffee beans
100% recyclable capsules via partnership with Terracycle",,,,,https://www.coles.com.au/product/l'or-espresso-ristretto-intensity-11-coffee-capsules-52g-10-pack-2959286,,,2024-06-16T09:30:54.333849-04:00
Ind55SColes_ADrinks_SA_ILavazza Qualita Oro Ground Coffee | 500g,Lavazza Qualita Oro Ground Coffee | 500g,Lavazza,Drinks,,,,$20.00,,,$4.00 per 100g,8411676,,,,,,https://www.coles.com.au/product/lavazza-qualita-oro-ground-coffee-500g-8411676,,,2024-06-16T09:31:03.183738-04:00
Ind55SColes_ADrinks_SACoffee_IBean Ground & Drunk Organic Decaffeinated Medium Roast Fairtrade Coffee | 250g,Bean Ground & Drunk Organic Decaffeinated Medium Roast Fairtrade Coffee | 250g,Bean Ground&Drunk,Drinks,Coffee,Ground coffee,,$8.75,,$11.00,$3.50 per 100g,2007099,"Roast Profile: Medium - Full
Strength: Light - Medium
Taste Profile
Ultra-clean and smooth, as espresso this certified Swiss Water Decaffeinated presents with an overall bright and fruity taste balanced with cashew and almond notes. This coffee sans caffeine is pleasantly tart and has a delicious viscosity on the palate.",,,,PERU,https://www.coles.com.au/product/bean-ground-and-drunk-organic-decaffeinated-medium-roast-fairtrade-coffee-250g-2007099,,,2024-06-16T09:31:12.058963-04:00
Ind55SColes_ADrinks_SACoffee_IL'OR Espresso Caramel Capsules | 10 pack,L'OR Espresso Caramel Capsules | 10 pack,LOR,Drinks,Coffee,Capsules,,$5.50,,$7.50,$0.55 per 1ea,4823693,"An aromatic flavoured espresso that delivers a blend of delicate and dark caramel notes, delicious balance and light sweetness. A taste reminiscent of buttery caramel, with layers of indulgent but subtle, velvety flavour.

Blended by L'OR coffee artists.
Velvety, juicy and subtle caramel ground coffee in single-dose capsules

Designed to blend perfectly with milk for a velvety creation

Contains natural flavours to craft a beautiful and smooth espresso

Ideal preparation is espresso (40mL)

Compatible with L'OR Barista and Nespresso* original coffee machines

100% Rainforest Alliance certified coffee beans.

100% recyclable capsules via partnership with Terracycle.",,,,,https://www.coles.com.au/product/l'or-espresso-caramel-capsules-10-pack-4823693,,,2024-06-16T09:31:21.524965-04:00
Ind55SColes_ADrinks_SACoffee_IUrban Coffee Culture Freeze Dried | 100g,Urban Coffee Culture Freeze Dried | 100g,Urban Coffee Culture,Drinks,Coffee,Instant Coffee,,,,,,7647688,,,,,,https://www.coles.com.au/product/urban-coffee-culture-freeze-dried-100g-7647688,,,2024-06-16T09:31:30.595846-04:00
Ind55SColes_ADrinks_SACoffee_INescafe Vanilla Latte Coffee Sachets | 10 pack,Nescafe Vanilla Latte Coffee Sachets | 10 pack,Nescafe,Drinks,Coffee,Coffee mixes,,$7.60,,,$0.76 per 1ea,4462846,"Indulge yourself with a divine vanilla moment with NESCAFE Vanilla Latte. With a delectable layer of velvety froth and quality coffee, enjoy a cafe style creamy vanilla latte and treat yourself at any time in the comfort of your own home. All you need to do is add hot water and give it a good stir. The result is a delightfully creamy coffee that you can enjoy from the first to the last sip. So whatever you're up to, Now's good for a deliciously creamy NESCAFE Vanilla Latte. NESCAFE. Make Your World.
Available in 10 sachets per pack or in our value pack of 26 sachets.

We go beyond the cup. We're committed to sustainable sourcing and packaging so our coffee not only tastes good but also does good. Our coffee beans are roasted right here in Australia and 100% sustainably sourced.

We've also made the commitment to convert all of our packaging to 100% recyclable by 2025.",,,"Per 100g/ml
Per Serving
%DI
Energy
220kJ
330 kJ as prepared
4%
Protein
1g
1 g as prepared
1%
Total Fat
1.6g
2.5g
4%
Saturated Fat
1.5g
2.2 g as prepared
9%
Carbohydrate
9.6g
14.4 g as prepared
5%
Sugars
5.8g
8.6 g as prepared
10%
Sodium
46mg
69 mg as prepared
3%
* Percentage Daily Intakes are based on an average adult diet of 8700 kJ. Your daily intakes may be higher or lower depending on your energy needs.","Sugar, Glucose Syrup, Vegetable Oil, Soluble Coffee (11%), Milk Solids, Flavours, Stabilisers (340, 451, 331,452), Emulsifiers (471, 472e), Salt. Stick: Sucre, Sirop de Glucose, Huile Vegetale, Cafe Soluble (11%), Matieres Seches Du Lait, Aromes, Stabilisants (340, 451, 331, 452), emulsifiants (471, 472e), Sel .",https://www.coles.com.au/product/nescafe-vanilla-latte-coffee-sachets-10-pack-4462846,,,2024-06-16T09:31:41.645811-04:00
Ind55SColes_ADrinks_SACoffee_IGrinders Rich Espresso Coffee Beans | 1kg,Grinders Rich Espresso Coffee Beans | 1kg,Grinders,Drinks,Coffee,Coffee beans,,$35.00,,,$3.50 per 100g,3516065,,,,,,https://www.coles.com.au/product/grinders-rich-espresso-coffee-beans-1kg-3516065,,,2024-06-16T09:31:52.129552-04:00
Ind55SColes_ADrinks_SA_ISt Remio Coffee Expressi/Caffitaly Supreme Capsules | 10 Pack,St Remio Coffee Expressi/Caffitaly Supreme Capsules | 10 Pack,St Remio,Drinks,,,,$4.15,,,$0.42 per 1ea,3513464,"St Remio SUPREME is a robust and full-bodied blend. With notes of fruit and berry, this dark roast is the ideal base for a strong espresso, long black, cappuccino or latte. Compatible with Expressi * and Caffitaly* coffee machines.
Every purchase of St Remio Coffee goes toward funding projects that empower coffee growing communities at origin.",,,,Ground Coffee,https://www.coles.com.au/product/st-remio-coffee-expressicaffitaly-supreme-capsules-10-pack-3513464,,,2024-06-16T09:34:58.209694-04:00
Ind55SColes_ADrinks_SA_INescafe Milkybar White Chocolate Mocha Coffee Sachets | 8 pack,Nescafe Milkybar White Chocolate Mocha Coffee Sachets | 8 pack,Nescafe,Drinks,,,,$7.60,,,$0.95 per 1ea,4926630,"White choc lovers rejoice! We've created this Milkybar inspired NESCAFE White Choc Mocha just for you. This cheeky blend of thick, velvety froth, smooth white choc and rich creamy coffee is a frothy favourite match made in heaven. All you need to do is add hot water and give it a good stir. The result is a delightfully creamy coffee that you can enjoy from the first to the last sip. So whatever you're up to, Now's good for a deliciously creamy NESCAFE Flat White. If you love this, try the rest of our delicious range.
Available in 8 sachets per pack.

We go beyond the cup. We're committed to sustainable sourcing and packaging so our coffee not only tastes good but also does good. Our coffee beans are roasted right here in Australia and 100% sustainably sourced.

We've also made the commitment to convert all of our packaging to 100% recyclable by 2025.",,,"Per 100g/ml
Per Serving
%DI
Energy
210 kJ
310 kJ As Prepared
4%
Protein
1 g
1 g As Prepared
1%
Total Fat
1.5 g
3%
Saturated Fat
1.4 g
2.1 g As Prepared
9%
Carbohydrate
6.6 g
9.9 g As Prepared
3%
Sugars
5.8 g
8.6 g As Prepared
10%
Sodium
68 mg
100 mg As Prepared
4%
* Percentage Daily Intakes are based on an average adult diet of 8700 kJ. Your daily intakes may be higher or lower depending on your energy needs.",,https://www.coles.com.au/product/nescafe-milkybar-white-chocolate-mocha-coffee-sachets-8-pack-4926630,,,2024-06-16T09:35:09.587840-04:00
Ind55SColes_ADrinks_SACoffee_IVittoria Espresso Nespresso Compatible Coffee Capsules | 10 pack,Vittoria Espresso Nespresso Compatible Coffee Capsules | 10 pack,Vittoria,Drinks,Coffee,Capsules,,$4.50,,$7.50,$0.45 per 1ea,3984336,"Vittoria Espresso is the original Vittoria blend first created over 60 years ago. This iconic blend of 100% Arabica coffee beans is a dark roast delivering a smooth, strong flavour of traditional Italian espresso.
100% Arabica - Blend
Best Served: Espresso, With Milk
Tasting Notes: Honey, Toasty
Origins: Central and South America
Intensity: 14
Compatible with: Nespresso* Original Machines
Australian Made: Our aluminium capsules are roasted and packed locally in Australia for optimal freshness.
By purchasing this product and other Vittoria packs bearing the OzHarvest mark you're helping to eliminate food waste and feed vulnerable Australians. For every kilo of coffee prepared for this pack, Vittoria donates $1 to OzHarvest which enables them to deliver two meals to people in need.
*Nespresso is a trademark of Societe des Produits Nestle SA. Neither that company nor its affiliates have manufactured or endorsed this product in any way and have no association to Vittoria Food & Beverage or the Vittoria Coffee brand. Compatible with Nespresso original machines (not compatible with the Vertuo System).",,,,,https://www.coles.com.au/product/vittoria-espresso-nespresso-compatible-coffee-capsules-10-pack-3984336,,,2024-06-16T09:35:18.804891-04:00
Ind55SColes_ADrinks_SACoffee_IVittoria Mountain Grown Ground Coffee | 1kg,Vittoria Mountain Grown Ground Coffee | 1kg,Vittoria,Drinks,Coffee,Ground coffee,,$22.00,,$44.00,$2.20 per 100g,9180375,"One of Vittoria's premium blends, Mountain Grown is a full-strength coffee with a full rich flavour and a delicate finish. A 100% premium Arabica blend of high-altitude coffee beans gives a fine espresso taste whether served as an espresso or with milk.
Blend: 100% Arabica
Roast: Dark
Origins: Central and South America
Tasting Notes: Caramel, Dark chocolate, Smokey, Toasty
Best brewed with: Filter machines, stove top brewers, plungers & pour overs",,,,,https://www.coles.com.au/product/vittoria-mountain-grown-ground-coffee-1kg-9180375,,,2024-06-16T09:35:32.737305-04:00
Ind55SColes_ADrinks_SACoffee_INescafe Gold Original Blend | 400g,Nescafe Gold Original Blend | 400g,Nescafe,Drinks,Coffee,Instant Coffee,,$28.00,,,$7.00 per 100g,5578314,"A blend of Arabica and Robusta Beans gives a balanced coffee with sweet aromatic notes and a subtle roastiness. 100% soluble coffee.Through using 100% responsibly sourced coffee, we are supporting coffee farmers to improve their lands and livelihoods. To learn more visit nescafe.com.au or nescafe.co.nz.
Rich Aroma & Smooth Taste

Made from 100% Sustainable Coffee Beans.

Also available in a 200g and 100g jar.",,,,100% Soluble Coffee.,https://www.coles.com.au/product/nescafe-gold-original-blend-400g-5578314,,,2024-06-16T09:35:41.620772-04:00
Ind55SColes_ADrinks_SACoffee_IVittoria Espresso Ground Coffee | 500g,Vittoria Espresso Ground Coffee | 500g,Vittoria,Drinks,Coffee,Ground coffee,,$14.00,,$20.00,$2.80 per 100g,8830566,"Vittoria's original and iconic blend, Espresso has remained unchanged for over 50 years. This blend of 100% Arabica coffee beans is darkly roasted to deliver the strong flavour of traditional Italian espresso.
Blend: 100% Arabica
Roast: Medium to Dark
Origins: Central and South America
Tasting Notes: Honey, Toasty
Best brewed with: Filter machines, stove top brewers, plungers & pour overs",,,,,https://www.coles.com.au/product/vittoria-espresso-ground-coffee-500g-8830566,,,2024-06-16T09:35:50.507329-04:00
Ind55SColes_ADrinks_SACoffee_IVittoria Freeze Dried Classic Instant Coffee | 100g,Vittoria Freeze Dried Classic Instant Coffee | 100g,Vittoria,Drinks,Coffee,Instant Coffee,,$7.50,,$12.50,$7.50 per 100g,4737401,"Original Classic is a blend that has been designed for everyday enjoyment. This 100% Arabica freeze dried blend delivers a full-bodied, smooth cup with an intense aroma.
Blend: Central & South America
Roast: Dark Roast
Intensity: 13/15
Brewing Guide: Add 1-2 tbs to 85-92 water",,,,,https://www.coles.com.au/product/vittoria-freeze-dried-classic-instant-coffee-100g-4737401,,,2024-06-16T09:35:59.408281-04:00
Ind55SColes_ADrinks_SACoffee_IVittoria Espresso Decaffeinated Ground Coffee | 200g,Vittoria Espresso Decaffeinated Ground Coffee | 200g,Vittoria,Drinks,Coffee,Ground coffee,,$8.80,,$12.00,$4.40 per 100g,91549,"This 100% Arabica coffee blend is decaffeinated naturally without chemicals using the Water Decaffeination process. The sweet aroma and medium body gives this coffee an excellent espresso flavour.
99.9% caffeine free and 100% chemical-free.
Blend: 100% Arabica
Roast: Medium to Dark
Tasting Notes: Delivers a rich full flavoursome cup, reminiscent of an Italian espresso
Best brewed with: Filter machines, stove top brewers, plungers & pour overs",,,,,https://www.coles.com.au/product/vittoria-espresso-decaffeinated-ground-coffee-200g-91549,,,2024-06-16T09:36:08.208759-04:00
Ind55SColes_ADrinks_SACoffee_IStarbucks Nescafe Dolce Gusto Capsules Caramel Macchiato | 12 pack,Starbucks Nescafe Dolce Gusto Capsules Caramel Macchiato | 12 pack,Starbucks,Drinks,Coffee,Capsules,,$10.00,,,$0.83 per 1ea,3777127,"Discover STARBUCKS by NESCAFE DOLCE GUSTO Caramel Macchiato.Inspired by the STARBUCKS Caramel Macchiato you love, and indulge in the creamy bliss of dairy and caramel flavour.The box contains 12 capsules (6 coffee capsules and 6 milk capsules) designed for NESCAFE Dolce Gusto coffee machines and allows you to prepare 6 cups of Caramel Macchiato. Slide your STARBUCKS Caramel Macchiato capsules into your NESCAFE DOLCE GUSTO machine and prepare your perfect Caramel Macchiato right away.Years of focus and expertise have led to the STARBUCKS Roast Spectrum. Each coffee bean requires a unique balance of temperature and time to reach its individual peak of aroma, acidity, body and flavour.STARBUCKS is committed to 100% Ethical Coffee Sourcing in partnership with Conservation International.
Inspired by the STARBUCKS Caramel Macchiato you love, and indulge in the creamy bliss of dairy and caramel flavour.

The box contains 12 capsules (6 coffee capsules and 6 milk capsules) designed for NESCAF Dolce Gusto coffee machines and allows you to prepare 6 cups of Caramel Macchiato.

Years of focus and expertise have led to the STARBUCKS Roast Spectrum. Each coffee bean requires a unique balance of temperature and time to reach its individual peak of aroma, acidity, body and flavour.

STARBUCKS is committed to 100% Ethical Coffee Sourcing in partnership with Conservation International.",,,"Per 100g/ml
Per Serving
%DI
Energy
155kJ
310 kJ as prepared
4%
Protein
1.5g
2.9 g as prepared
6%
Total Fat
1.3g
2.8g
4%
Saturated Fat
0.8g
1.6 g as prepared
7%
Carbohydrate
4.6g
9.2 g as prepared
3%
Sugars
4.3g
8.5 g as prepared
9%
Sodium
12mg
24 mg as prepared
1%
Energy (Cal)
36Cal
72Cal
Dietary Fibre (total)
0.1g
0.2g
0.7%
* Percentage Daily Intakes are based on an average adult diet of 8700 kJ. Your daily intakes may be higher or lower depending on your energy needs.",,https://www.coles.com.au/product/starbucks-nescafe-dolce-gusto-capsules-caramel-macchiato-12-pack-3777127,,,2024-06-16T09:36:19.834382-04:00
Ind55SColes_ADrinks_SACoffee_IColes Urban Coffee Culture Medium Roast Ground | 250g,Coles Urban Coffee Culture Medium Roast Ground | 250g,Coles,Drinks,Coffee,Ground coffee,,$4.50,,,$1.80 per 100g,3616387,"Intensity: 7 Stamp: Batch roasted in Melbourne, Victoria. Well balanced and full bodied with hints of milk chocolate and cinnamon, leaving a sweet caramel aftertaste. Our specially crafted coffee is sourced and roasted with passion for your enjoyment.",,,,INGREDIENTS: Rainforest Alliance Certified Roast and Ground Coffee.,https://www.coles.com.au/product/coles-urban-coffee-culture-medium-roast-ground-250g-3616387,,,2024-06-16T09:36:29.198232-04:00
Ind55SColes_ADrinks_SACoffee_ILavazza Qualita Oro Ground Coffee | 1kg,Lavazza Qualita Oro Ground Coffee | 1kg,Lavazza,Drinks,Coffee,Ground coffee,,$26.60,,$38.00,$2.66 per 100g,8411698,,,,,,https://www.coles.com.au/product/lavazza-qualita-oro-ground-coffee-1kg-8411698,,,2024-06-16T09:36:38.035672-04:00
Ind55SColes_ADrinks_SACoffee_INescafe Gold Short Black Strong Instant Coffee | 100g,Nescafe Gold Short Black Strong Instant Coffee | 100g,Nescafe,Drinks,Coffee,Instant Coffee,,$10.50,,$13.50,$10.50 per 100g,8050829,"Smooth taste, with a rich velvety dark golden crema. Made from 100% Arabica coffee beans, a perfect black coffee. 100% Soluble coffee. Through using 100% responsibly sourced coffee, we are supporting coffee farmers to improve their lands and livelihoods. To learn more visit nescafe.com.au or nescafe.co.nz.
Rich Taste & Silky Crema

- Rich taste & silky crema.

- 100% Arabica beans.

- 100g Jar makes 58 cups of coffee based on 1.7g per cup.

- NESCAFE Gold caps and glass jars are 100% recyclable.",,,,100% Soluble Coffee,https://www.coles.com.au/product/nescafe-gold-short-black-strong-instant-coffee-100g-8050829,,,2024-06-16T09:36:47.469088-04:00
Ind55SColes_ADrinks_SACoffee_INescafe Gold Coffee Refill Pouch | 180g,Nescafe Gold Coffee Refill Pouch | 180g,Nescafe,Drinks,Coffee,Instant Coffee,,,,,,8076436,"Refill and reusue your NESCAFE Gold jar to give them a second life. Filled with the same great tasting blend of Arabica and Robusta Beans creating this perfectly blaance coffee with sweet aromatic notes and a subtle roastinesss. Through using 100% responsibly sourced coffee, we are supporting coffee farmers to improve their lands and livelihoods. To learn more visit nescafe.com.au
Rich Aroma & Smooth Taste",,,,,https://www.coles.com.au/product/nescafe-gold-coffee-refill-pouch-180g-8076436,,,2024-06-16T09:36:56.626165-04:00
Ind55SColes_ADrinks_SABeverages_IMoccona Cafe Classics Strong Cappuccino Sachets | 10 pack,Moccona Cafe Classics Strong Cappuccino Sachets | 10 pack,Moccona Cafe,Drinks,Beverages,Coffee & tea,,$5.00,,,"$0.50 per 1ea
Was $6.00 on Jun 2024",4405649,"If you like your cappuccino with a kick, then this coffee has your name on it. Indulge in a little me-time while enjoying the new smooth taste and bold coffee flavour of a Strong Cappuccino style coffee from Moccona. Finished with a thick layer of velvety froth for that indulgent cafe style experience that's perfect any time of day.
97% Sugar Free (as prepared with water)
98% Fat Free (as prepared with water)
Gluten Free
53 Calories per serve
Smooth taste and velvety froth",,,"Per 100g/ml
Per Serving
%DI
Energy
147
220
Protein
Less than 1g
1.1g
Total Fat
1.2g
1.9g
Saturated Fat
1.2g
1.9g
Carbohydrate
5.1g
7.6g
Sugars
2.4g
3.6g
Sodium
35mg
53mg
Energy (Cal)
35
53
Dietary Fibre (total)
Less than 1g
Less than 1g
* Percentage Daily Intakes are based on an average adult diet of 8700 kJ. Your daily intakes may be higher or lower depending on your energy needs.",,https://www.coles.com.au/product/moccona-cafe-classics-strong-cappuccino-sachets-10-pack-4405649,,,2024-06-16T09:37:07.615812-04:00
Ind55SColes_ADrinks_SACoffee_IStarbucks By Nespresso Caffe Verona Capsules | 10 pack,Starbucks By Nespresso Caffe Verona Capsules | 10 pack,Starbucks,Drinks,Coffee,Capsules,,$7.90,Pick any 3 for $18,,$0.79 per 1ea,3613083,"This is a coffee of one true love, and three names. We created it for a Seattle restaurant in 1975, as Jake's Blend. People loved it so much we began scooping it in our stores as 80/20 Blend, after the recipe. The love was so strong we finally made it official, calling it Verona after the city that inspires so many.Years of focus and expertise have led to the Starbucks Roast Spectrum. Each coffee bean requires a unique balance of temperature and time to reach its individual peak of aroma, acidity, body and flavour.Dark Roast: Fuller-bodied and bold, our dark-roast coffees feature robust flavours and the characteristic essence of an intense roast.Enjoy Starbucks at home. The coffee you love without leaving the house.Coffee capsules for Nespresso coffee machines. Roasty Sweet & Dark Cocoa notes. A seductive blend of beans with a touch of Italian Roast for depth, soul and sweetness.Intensity: 10Cup Recommendation: Espresso (40ml)Committed to 100% Ethical Coffee Sourcing in partnership with Conservation International.For Nespresso Machines.
- STARBUCKS coffee Pods by NESPRESSO, roasty sweet & dark cocoa

- Intensity: 10

- Well-balanced and rich coffee with a dark cocoa texture

- Coffee Pods compatible with NESPRESSO coffee machines

- Enjoy STARBUCKS at home. The coffee you love without leaving the house

- A seductive blend of beans with a touch of Italian Roast for depth, soul and sweetness.

- Committed to 100% Ethical Coffee Sourcing in partnership with Conservation International.",,,,100% Arabica,https://www.coles.com.au/product/starbucks-by-nespresso-caffe-verona-capsules-10-pack-3613083,,,2024-06-16T09:37:16.736479-04:00
Ind55SColes_ADrinks_SACoffee_ILavazza Decaffeinated Ground Coffee Medium Roast | 250g,Lavazza Decaffeinated Ground Coffee Medium Roast | 250g,Lavazza,Drinks,Coffee,Ground coffee,,$7.70,,$11.00,$3.08 per 100g,3208631,Our finest quality beans are decaffeinated through a natural method by using the state of the art CO2 decaffeination process. The resulting coffee is full in flavour and rich in body. The ideal choice for those who love the pleasure of a superior decaffeinated coffee.,,,,,https://www.coles.com.au/product/lavazza-decaffeinated-ground-coffee-medium-roast-250g-3208631,,,2024-06-16T09:37:25.658501-04:00
Ind55SColes_ADrinks_SACoffee_IMoccona Caramel Flavor Infused Instant Coffee | 95g,Moccona Caramel Flavor Infused Instant Coffee | 95g,Moccona,Drinks,Coffee,Instant Coffee,,$11.50,,,$12.11 per 100g,9928848,Moscone Coffee Caramel Experience a more indulgent coffee moment with a delicious hint of natural flavour.,,,,"Coffee Beans, Natural Flavouring.",https://www.coles.com.au/product/moccona-caramel-flavor-infused-instant-coffee-95g-9928848,,,2024-06-16T09:37:35.598906-04:00
Ind55SColes_ADrinks_SACoffee_IColes Urban Coffee Culture Intense Aluminium | 10 pack,Coles Urban Coffee Culture Intense Aluminium | 10 pack,Coles,Drinks,Coffee,Capsules,,$4.00,,,$0.40 per 1ea,5020887,"Our Story At Urban Coffee Culture, we're passionate coffee curators. First, we carefully select our beans from some of the world's best coffee growing regions. The beans are then blended, and batch roasted at our Melbourne roastery to bring out their full potential and flavour. The result is a delicious premium coffee that you can enjoy every day, knowing that each bean has been sourced from Rainforest Alliance Certified farms. Nespresso is a trade mark of Societe Des Products Nestle SA. Neither that company not its affiliates have manufactured or endorsed this product in any way.",,,,,https://www.coles.com.au/product/coles-urban-coffee-culture-intense-aluminium-10-pack-5020887,,,2024-06-16T09:37:44.803552-04:00
Ind55SColes_ADrinks_SACoffee_IDC Coffee Beans Darkness | 250g,DC Coffee Beans Darkness | 250g,DC,Drinks,Coffee,Coffee beans,,$8.00,,$10.00,$3.20 per 100g,3354746,,,,,,https://www.coles.com.au/product/dc-coffee-beans-darkness-250g-3354746,,,2024-06-16T09:37:54.245522-04:00
Ind55SColes_ADrinks_SACoffee_INescafe 98% Sugar Free Latte Coffee Sachets | 10 pack,Nescafe 98% Sugar Free Latte Coffee Sachets | 10 pack,Nescafe,Drinks,Coffee,Coffee mixes,,$7.60,,,$0.76 per 1ea,3984096,"Let's talk latte. The NESCAFE 98% SUGAR FREE LATTE is naturally sweetened, bringing you creamy coffee goodness that is simply deLIGHTful. With a delectable layer of velvety froth and quality coffee, enjoy a cafe style creamy latte and treat yourself at any time in the comfort of your own home. All you need to do is add hot water and give it a good stir. The result is a delightfully creamy coffee that you can enjoy from the first to the last sip. So whatever you're up to, Now's good for a deliciously creamy NESCAFE 98% SUGAR FREE LATTE. NESCAFE. Make Your World.",,,"Per 100g/ml
Per Serving
%DI
Energy
130kJ
195kJ
2%
Protein
<1g
<1g
1%
Total Fat
1.2g
1.8g
3%
Saturated Fat
1.1g
1.6g
7%
Carbohydrate
2.8g
4.1g
1%
Sugars
<1g
1.4g
2%
Sodium
60mg
90mg
4%
Dietary Fibre (total)
<1g
<1g
2%
* Percentage Daily Intakes are based on an average adult diet of 8700 kJ. Your daily intakes may be higher or lower depending on your energy needs.",,https://www.coles.com.au/product/nescafe-98percent-sugar-free-latte-coffee-sachets-10-pack-3984096,,,2024-06-16T09:38:05.436319-04:00
Ind55SColes_ADrinks_SACoffee_ILavazza Qualita Rossa A Modo Mio Coffee Pods | 16 pack,Lavazza Qualita Rossa A Modo Mio Coffee Pods | 16 pack,Lavazza,Drinks,Coffee,Capsules,,$12.50,,,$0.78 per 1ea,3514490,"A Modo Mio Qualita Rossa offers a richly flavoured coffee with a persistent flavour, chocolate flavour notes. Made for Lavazza A Modo Mio machines, Qualita Rossa is a selected blend of Brazilian Arabica beans for body and sweetness with African and South-East Asian Robusta beans for intensity and warm notes of cocoa, richly flavoured coffee in a medium roast.

Intensity: 10/13
Aroma: Chocolate
Roast: Medium
Blend: Arabica & Robusta
Origin: Brazil & African and South-East Asia",,,,,https://www.coles.com.au/product/lavazza-qualita-rossa-a-modo-mio-coffee-pods-16-pack-3514490,,,2024-06-16T09:38:14.646306-04:00
Ind55SColes_ADrinks_SACoffee_IStarbucks Nespresso Compatible Capsules Vanilla | 10 pack,Starbucks Nespresso Compatible Capsules Vanilla | 10 pack,Starbucks,Drinks,Coffee,Capsules,,$7.90,Pick any 3 for $18,,$0.79 per 1ea,6190215,"Sit back and savour the simply delicious flavour of sweet vanilla and biscuit notes in every cup of Starbucks Creamy Vanilla by Nespresso. Every Starbucks by Nespresso coffee pod contains a careful selection of blonde roasted Starbucks coffee. Enjoy with or without milk for a sweet and delightful cup. 
Blonde 
- STARBUCKS coffee Pods by NESPRESSO with sweet vanilla and biscuit notes

- Intensity: 6

- Enjoy STARBUCKS at home. The coffee you love without leaving the house",,,,,https://www.coles.com.au/product/starbucks-nespresso-compatible-capsules-vanilla-10-pack-6190215,,,2024-06-16T09:38:24.480022-04:00
Ind55SColes_ADrinks_SACoffee_ILavazza Tales Of Italy Eternal Roma Premium Coffee Beans | 500g,Lavazza Tales Of Italy Eternal Roma Premium Coffee Beans | 500g,Lavazza,Drinks,Coffee,Coffee beans,,$25.00,,,$5.00 per 100g,6277878,"Explore the coffee stories of the most iconic and authentic Italian cities.

Roasted right here in Australia, Lavazza Eternal Roma is a premium blend of handpicked Brazilian Arabica coffee, washed Colombian Arabica and Vietnamese Robusta beans renowned for their exceptional quality. The blend's captivating aroma transports you to the timeless streets of the eternal city.

Intensity: 8/10
Aroma: Hazelnut & Dark Chocolate
Roast: Medium
Blend: Late Harvest Brazilian Arabica
Origin: South America & Asia",,,,,https://www.coles.com.au/product/lavazza-tales-of-italy-eternal-roma-premium-coffee-beans-500g-6277878,,,2024-06-16T09:38:33.313061-04:00
Ind55SColes_ADrinks_SACoffee_IMoccona Classic Medium Roast Instant Coffee | 50g,Moccona Classic Medium Roast Instant Coffee | 50g,Moccona,Drinks,Coffee,Instant Coffee,,$7.00,,,$14.00 per 100g,173144,"Moccona Classic Instant Coffee Classic, 50g. The place where Arabica and Robusta beans meet for a rounded, balanced flavour is called Moccona Medium Roast. We think of it as the happy medium. It's full bodied, richly aromatic and just right for your everyday coffee moment.",,,,,https://www.coles.com.au/product/moccona-classic-medium-roast-instant-coffee-50g-173144,,,2024-06-16T09:38:42.856245-04:00
Ind55SColes_ADrinks_SACoffee_IL'or Cappuccino Coffee | 210g,L'or Cappuccino Coffee | 210g,Lor,Drinks,Coffee,Coffee mixes,,,,,,8058081,"Experience a luxurious and indulgent moment to awaken your senses.

L'OR Cappuccino is a delicious balance of powerful coffee notes and creaminess. 

Preperation Instructions:
Add 3-4 teaspoons to your favourite mug
Stir as your pour in 170ml of hot, not boiling water
Stir well and enjoy
Premium indulgent coffee

Creamy and intense coffee

15 serves per tin

Ideal preparation is with 170 ml of hot water

Reycable tin and lid",,,,,https://www.coles.com.au/product/l'or-cappuccino-coffee-210g-8058081,,,2024-06-16T09:38:52.289250-04:00
Ind55SColes_ADrinks_SACoffee_IDaley Street Freeze Dried Instant Coffee | 100g,Daley Street Freeze Dried Instant Coffee | 100g,Daley Street,Drinks,Coffee,Instant Coffee,,$9.00,,,$9.00 per 100g,6495391,,,,,INGREDIENTS: Freeze Dried Instant Arabica Coffee^.,https://www.coles.com.au/product/daley-street-freeze-dried-instant-coffee-100g-6495391,,,2024-06-16T09:39:01.210823-04:00
Ind55SColes_ADrinks_SACoffee_INescafe Gold Original Instant Coffee Jar | 200g,Nescafe Gold Original Instant Coffee Jar | 200g,Nescafe,Drinks,Coffee,Instant Coffee,,$16.00,,,$8.00 per 100g,8048033,"A blend of Arabica and Robusta Beans gives a balanced coffee with sweet aromatic notes and a subtle roastiness. 100% soluble coffee.
Through using 100% responsibly sourced coffee, we are supporting coffee farmers to improve their lands and livelihoods. To learn more visit nescafe.com.au or nescafe.co.nz.",,,,100% Soluble Coffee.,https://www.coles.com.au/product/nescafe-gold-original-instant-coffee-jar-200g-8048033,,,2024-06-16T09:39:10.717072-04:00
Ind55SColes_ADrinks_SACoffee_INescafe Gold 98% Sugar Free Vanilla Malt Latte Sachets | 10 pack,Nescafe Gold 98% Sugar Free Vanilla Malt Latte Sachets | 10 pack,Nescafe,Drinks,Coffee,Coffee mixes,,$7.60,,,$0.76 per 1ea,6316594,"Reignite the spark with this twist on an old school classic. NESCAFE 98% Sugar Free* Vanilla Malt Latte is a warming blend of creamy coffee, smooth vanilla and toasty malt flavours - the perfect campfire companion. Get adventurous with this frothy favourite! With a delectable layer of velvety froth and quality coffee, enjoy a cafe style latte and treat yourself at any time in the comfort of your own home. All you need to do is add hot water and give it a good stir. The result is a delightfully creamy coffee that you can enjoy from the first to the last sip. So whatever you're up to, Now's good for a deliciously creamy NESCAFE 98% SUGAR FREE VANILLA MALT LATTE. If you love this, try the rest of our delicious range.
Available in 10 sachets per pack.

We go beyond the cup. We're committed to sustainable sourcing and packaging so our coffee not only tastes good but also does good. Our coffee beans are roasted right here in Australia and 100% sustainably sourced.

We've also made the commitment to convert all of our packaging to 100% recyclable by 2025.",,,"Per 100g/ml
Per Serving
%DI
Energy
140 kJ
210 kJ As Prepared
2%
Protein
1 g
1 g As Prepared
1%
Total Fat
1.3 g
3%
Saturated Fat
1.1 g
1.7 g As Prepared
7%
Carbohydrate
3 g
4.6 g As Prepared
1%
Sugars
1 g
1.6 g As Prepared
2%
Sodium
65 mg
95 mg As Prepared
4%
Dietary Fibre (total)
1 g
1 g As Prepared
2%
* Percentage Daily Intakes are based on an average adult diet of 8700 kJ. Your daily intakes may be higher or lower depending on your energy needs.",,https://www.coles.com.au/product/nescafe-gold-98percent-sugar-free-vanilla-malt-latte-sachets-10-pack-6316594,,,2024-06-16T09:39:21.550699-04:00
Ind55SColes_ADrinks_SABeverages_ILavazza Prontissimo Espresso Premium Instant Coffee | 95g,Lavazza Prontissimo Espresso Premium Instant Coffee | 95g,Lavazza,Drinks,Beverages,Coffee & tea,,$8.25,,,"$8.68 per 100g
Was $11.00 on Apr 2024",3756524,"Lavazza Prontissimo! brings you the real Italian taste in an instant.
Much more than an instant coffee, Prontissimo! in an extraordinary blend enriched with selected Arabica and finely ground coffee, for an authentic Italian taste experience.
Everything we love in espresso: lingering crema, long-tasting and intense flavor.",,,,"Instant Coffee (95%), Roasted Ground Coffee (5%)",https://www.coles.com.au/product/lavazza-prontissimo-espresso-premium-instant-coffee-95g-3756524,,,2024-06-16T09:39:30.573822-04:00
Ind55SColes_ADrinks_SACoffee_ILavazza Espresso Barista Intenso Coffee Beans | 1kg,Lavazza Espresso Barista Intenso Coffee Beans | 1kg,Lavazza,Drinks,Coffee,Coffee beans,,$40.00,,,$4.00 per 100g,3756557,"Espresso Barista Intenso is a professional drum roast, offering the taste of a genuine Italian Espresso.

Espresso Barista Intenso offers an intense taste of the of the original Italian Espresso, offering notes of cocoa and wood with a persistent and balanced aftertaste.
Intensity: 9/10
Aroma: Cocoa & Wood
Roast: Drum roasted to medium
Blend: Arabica & Robusta
Origin: South-East Asia, Africa & Central & South America",,,,,https://www.coles.com.au/product/lavazza-espresso-barista-intenso-coffee-beans-1kg-3756557,,,2024-06-16T09:39:39.653885-04:00
Ind55SColes_ADrinks_SACoffee_INescafe Blend 43 Smooth & Creamy Instant Coffee | 140g,Nescafe Blend 43 Smooth & Creamy Instant Coffee | 140g,Nescafe,Drinks,Coffee,Instant Coffee,,$5.75,,$11.50,$4.11 per 100g,2125460,"Every cup you drink can make a differenceEscape on an aromatic journey with this silky smooth roast of NESCAFE Blend 43. Each cup is delicate in flavour, topped with a velvety barista-inspired layer of golden crema. Through using 100% responsibly sourced coffee beans in NESCAFE Blend 43, we are making a difference for coffee farmers, helping to improve their lands and livelihoods. We are making a difference by sourcing 100% renewable electricity and using coffee grounds left over from the brewing process to help power our NESCAFE factory in Gympie, Queensland. What makes a NESCAFE Blend 43 cup of coffee more enjoyable is that every time you enjoy a cup, you are not just enjoying your favourite cup of coffee, you are also making a difference.
Intensity score: 3 (Smooth Roast)

-Smooth roast with a creamy layer of crema.

-NESCAFE BLEND 43 tin, caps and glass jars are 100% recyclable.

-The 140g jar makes 82 cups of coffee and is the perfect size for single and small households or to take on holidays in a larger household.",,,,100% Natural Coffee Beans. Soluble Coffee.,https://www.coles.com.au/product/nescafe-blend-43-smooth-and-creamy-instant-coffee-140g-2125460,,,2024-06-16T09:39:48.891571-04:00
Ind55SColes_ADrinks_SACoffee_INescafe Iced Cappuccino Coffee Sachets | 8 pack,Nescafe Iced Cappuccino Coffee Sachets | 8 pack,Nescafe,Drinks,Coffee,Coffee mixes,,$7.60,,,$0.95 per 1ea,4406164,"Is it getting hot in here, or is it just you? Either way, it sounds like it's time for the COOL, CREAMY GOODNESS of NESCAFE Iced Cappuccino. Be your own barista with this easy-to-make blend of smooth, superior coffee and icy cold froth. All you need to do is add cold water and give it a good stir. The result is a delightfully creamy coffee that you can enjoy from the first to the last sip. So whatever you're up to, Now's good for a deliciously creamy NESCAFE Iced Cappuccino. NESCAFE. Make Your World.
Available in 8 sachets per pack.

We go beyond the cup. We're committed to sustainable sourcing and packaging so our coffee not only tastes good but also does good. Our coffee beans are roasted right here in Australia and 100% sustainably sourced.

We've also made the commitment to convert all of our packaging to 100% recyclable by 2025.",,,"Per 100g/ml
Per Serving
%DI
Energy
180kJ
270 kJ as prepared
3%
Protein
1g
1.6 g as prepared
3%
Total Fat
1g
1g
1%
Saturated Fat
1g
1 g as prepared
4%
Carbohydrate
9.1g
13.6 g as prepared
4%
Sugars
5.9g
8.9 g as prepared
10%
Sodium
50mg
80 mg as prepared
3%
* Percentage Daily Intakes are based on an average adult diet of 8700 kJ. Your daily intakes may be higher or lower depending on your energy needs.",,https://www.coles.com.au/product/nescafe-iced-cappuccino-coffee-sachets-8-pack-4406164,,,2024-06-16T09:39:59.973858-04:00
Ind55SColes_ADrinks_SACoffee_IChicco D'Oro Premium Blend Delta Ground Coffee | 200g,Chicco D'Oro Premium Blend Delta Ground Coffee | 200g,Chicco DOro,Drinks,Coffee,Ground coffee,,$4.00,,,$2.00 per 100g,7397638,Chicco D'oro coffee premium blend is an exclusive blend of fine coffees. The dark roast and fine grind of Chicco d'oro Premium Blend ensures a full bodied strong coffee with every cup.,,,,,https://www.coles.com.au/product/chicco-d'oro-premium-blend-delta-ground-coffee-200g-7397638,,,2024-06-16T09:40:08.830073-04:00
Ind55SColes_ADrinks_SACoffee_INescafe Dolce Gusto Cafe Au Lait Coffee Capsules 16 Pack | 160g,Nescafe Dolce Gusto Cafe Au Lait Coffee Capsules 16 Pack | 160g,Nescafe,Drinks,Coffee,Capsules,,$10.00,,,$0.63 per 1ea,9928338,"Discover NESCAF Dolce Gusto Cafe au Lait, a balanced combination of intense coffee and smooth milk in one capsule, best served in a mug (at 180ml).
Our talented coffee creators have combined the intensity of pure Robusta coffee with the soft creaminess of milk to create a harmonious and balanced cup, with caramel notes, toasted cereal undertones and round texture.
Create professional quality coffees with a thick velvety crema, thanks to the machine's high pressure (up to 15 bars).
With our hermetically sealed capsules, which preserve coffee freshness, you'll enjoy rich aromatic cups every time.
Simply slide your Cafe au Lait capsule into your NESCAF Dolce Gusto machine. Your coffee will be ready right away.
With NESCAF Dolce Gusto you can enjoy over 14 premium coffee creations, whether you like your coffee short or long, black or white. Enjoy a choice of bold Ristretto, intense Espresso and full-bodied Americano or frothy Cappuccino, smooth Latte Macchiato, or even hot chocolate and teas.
The box contains 16 capsules designed for NESCAF Dolce Gusto capsule coffee machines for you to prepare
16 cups of Cafe au Lait.


Not just a regular cocoa drink.
Discover an intense chocolate taste, creamy texture and deliciously dense and chocolaty froth.

More creations: dolce-gusto.com
Our talented coffee creators have combined the intensity of pure Robusta coffee with the soft creaminess of milk to create a harmonious and balanced cup, with caramel notes, toasted cereal undertones and round texture.

One of our most classic coffee pod drinks, Cafe au Lait has the iconic taste of milky coffee that's brilliant for any occasion - from the everyday to the extra special.

The box contains 16 capsules designed for NESCAF DOLCE GUSTO capsule coffee machines for you to prepare 16 cups of Cafe au Lait.

Our expertise is creating great-looking, great-tasting coffee.

The team at NESCAF DOLCE GUSTO has joined forces with TerraCycle, to collect and recycle your used capsules, preventing them from ending up in landfill and giving the capsule materials a second life!",,,"Per 100g/ml
Per Serving
%DI
Energy
270kJ
570kJ
Protein
2.2g
4.7g
9%
Total Fat
2.2g
4.6g
7%
Saturated Fat
1.3g
2.8g
12%
Carbohydrate
8.5g
17.9g
6%
Sugars
8.2g
17.3g
19%
Sodium
24mg
51mg
2%
Energy (Cal)
65kcal
136kcal
7%
Dietary Fibre (total)
0.8g
1.7g
6%
* Percentage Daily Intakes are based on an average adult diet of 8700 kJ. Your daily intakes may be higher or lower depending on your energy needs.",,https://www.coles.com.au/product/nescafe-dolce-gusto-cafe-au-lait-coffee-capsules-16-pack-160g-9928338,,,2024-06-16T09:40:20.128044-04:00
Ind55SColes_ADrinks_SACoffee_IHarris Coffee Filter Papers 10-12 Cup Size 4 | 1 pack,Harris Coffee Filter Papers 10-12 Cup Size 4 | 1 pack,Harris,Drinks,Coffee,Coffee accessories,,$3.00,,,$0.08 per 1ea,47955,"Harris 10-12 Cup Size 4 Coffee Filter Papers
Unbleached natural papers for coffee. Specifically designed for filter coffee brewers, Harris filter papers brew without clogging and don't over extract. A low mess filter, for brewing a brighter cup of coffee with a cleaner flavour.

Harris Coffee Story
At Harris, our passion is providing Australians with great coffee. Since 1883 we've been blending and roasting coffee in our Sydney Roastery. As one of Australia's original coffee roasters, we continue to perfect our blends whilst keeping to our tried and tested philosophy that continues to serve us well: Good beans, locally roasted, and packed fresh for you to brew a great cup of coffee.

Visit harriscoffee.com.au for more information.",,,,,https://www.coles.com.au/product/harris-coffee-filter-papers-10-12-cup-size-4-1-pack-47955,,,2024-06-16T09:40:29.336541-04:00
Ind55SColes_ADrinks_SACoffee_IRobert Timms Gold Colombia Coffee Bags Strong 160g | 28 Pack,Robert Timms Gold Colombia Coffee Bags Strong 160g | 28 Pack,Robert Timms,Drinks,Coffee,Instant Coffee,,$9.45,,$13.50,$0.34 per 1ea,3511630,"Rich, dark and aromatic, this blend is full-bodied with deep chocolate and nutty flavours.",,,,coffee,https://www.coles.com.au/product/robert-timms-gold-colombia-coffee-bags-strong-160g-28-pack-3511630,,,2024-06-16T09:40:38.661314-04:00
Ind55SColes_ADrinks_SACoffee_INescafe Farmers Origins India Espresso Capsules | 10 pack,Nescafe Farmers Origins India Espresso Capsules | 10 pack,Nescafe,Drinks,Coffee,Capsules,,$7.00,,,$0.70 per 1ea,3890640,"NESCAFE India Espresso is an outstanding blend of coffees from some of India's finest farmers. The lush, tropical lands of southern India are home to coffee, but also to all sorts of spices and fruit trees. NESCAFE India Espresso captures this biodiversity with its enticing cocoa and roasted notes.",,,,,https://www.coles.com.au/product/nescafe-farmers-origins-india-espresso-capsules-10-pack-3890640,,,2024-06-16T09:40:48.154075-04:00
Ind55SColes_ADrinks_SACoffee_IVittoria Italian Nespresso Compatible Coffee Capsules | 10 pack,Vittoria Italian Nespresso Compatible Coffee Capsules | 10 pack,Vittoria,Drinks,Coffee,Capsules,,$4.50,,$7.50,$0.45 per 1ea,3984314,"Vittoria Italian blend is a medium roast of 100% Arabica coffee beans from Central and South America with a balanced body and taste. Italian blend is a milder cup compared to darker roasts like Vittoria Espresso.
100% Arabica - Blend
Best Served: Espresso, With Milk
Tasting Notes: Raisin, Pear, Almond
Origins: Central and South America
Intensity: 11
Compatible with: Nespresso* Original Machines
Australian Made: Our aluminium capsules are roasted and packed locally in Australia for optimal freshness.
By purchasing this product and other Vittoria packs bearing the OzHarvest mark you're helping to eliminate food waste and feed vulnerable Australians. For every kilo of coffee prepared for this pack, Vittoria donates $1 to OzHarvest which enables them to deliver two meals to people in need.
*Nespresso is a trademark of Societe des Produits Nestle SA. Neither that company nor its affiliates have manufactured or endorsed this product in any way and have no association to Vittoria Food & Beverage or the Vittoria Coffee brand. Compatible with Nespresso original machines (not compatible with the Vertuo System).",,,,,https://www.coles.com.au/product/vittoria-italian-nespresso-compatible-coffee-capsules-10-pack-3984314,,,2024-06-16T09:40:58.643179-04:00
Ind55SColes_ADrinks_SAMilk_IA2 Dairy Full Cream Milk | 2L,A2 Dairy Full Cream Milk | 2L,A2,Drinks,Milk,Full cream milk,,$6.90,,,$3.45 per 1L,9760091,"a2 Milk is no ordinary milk!

It is real milk that may be easier on digestion for some people*.

As the number 1 producer of A1 protein free milk in Australia, our purpose is to pioneer the future of dairy for good.


For more information on the a2 Milk difference visit www.a2milk.com.au

*a2 Milk comes from cows specially selected to naturally produce milk with only the A2-type beta-casein protein so may be easier on digestion than ordinary milk for some milk intolerant individuals when consumed as part of a healthy, varied diet.
All natural with no additives, this delicious and creamy fresh milk with less than 4g of fat per 100mL

Easier on digestion for some**a2 Milk comes from cows specially selected to naturally produce milk with only the A2-type beta-casein protein so may be easier on digestion than regular milk for some milk intolerant individuals when consumed as part of a healthy, varied diet.

Naturally all A2-type beta-casein protein type, and no A1Some people may be sensitive to a protein called A1 beta-casein commonly found in milk.

The perfect milk for all occasions! Use a2 Milk in tea and coffee, baking, cooking, with cereal, with cookies, or simply enjoy on its own.

a2 Milk has been proudly partnering with Landcare Australia since 2017 to support our farmers with initiatives to protect, enhance and restore the natural environment

Good source of calcium.

Contains Protein.",,,"Per 100g/ml
Per Serving
%DI
Energy
275kJ
688kJ
0
Protein
3.3g
8.3g
0
Total Fat
3.5g
8.8g
0
Saturated Fat
2.4g
6.0g
0
Carbohydrate
5.0g
12.5g
0
Sugars
4.7g
11.8g
0
Calcium
109mg
273mg
34.0%
Sodium
33mg
83mg
0
Monounsaturated
0
0
0
Energy (Cal)
65 Cal
163 Cal
0
Dietary Fibre (total)
0
0
0
Polyunsaturated
0
0
0
Potassium
147mg
368mg
0
Trans
0
0
0
* Percentage Daily Intakes are based on an average adult diet of 8700 kJ. Your daily intakes may be higher or lower depending on your energy needs.",,https://www.coles.com.au/product/a2-dairy-full-cream-milk-2l-9760091,,,2024-06-16T09:41:10.245047-04:00
Ind55SColes_ADrinks_SACoffee_IDaley Street Dark/Intense Aluminium Nespresso Compatible Coffee Capsules | 10 pack,Daley Street Dark/Intense Aluminium Nespresso Compatible Coffee Capsules | 10 pack,Daley Street,Drinks,Coffee,Capsules,,$5.00,,,$0.50 per 1ea,4299950,Daley Street Dark Intense Aluminium Nespresso Compatible Coffee Capsules 10 Pack. For a delicious coffee at home,,,,,https://www.coles.com.au/product/daley-street-darkintense-aluminium-nespresso-compatible-coffee-capsules-10-pack-4299950,,,2024-06-16T09:41:19.134145-04:00
Ind55SColes_ADrinks_SACoffee_IDaley Street Medium/Dark Beans | 1kg,Daley Street Medium/Dark Beans | 1kg,Daley Street,Drinks,Coffee,Coffee beans,,$35.00,,,$3.50 per 100g,5556286,"Medium/Dark Roast Brewing Tips: To get the best brewing results, use fresh filtered water and ensure your machine is thoroughly clean. Each machine will vary, so ensure that you follow the manufacturer's guidelines and adjust to meet your preferences to achieve the best brew. Storage: Once opened store coffee in an airtight container in a cool dark place. We suggest to avoid storing coffee in the fridge as it can absorb other flavours or freezer as it can introduce moisture, which will potentially degrade the quality. Consider recycling the grounds into the garden Espresso Machine Visual. IN THE HEART OF INNER-CITY PRESTON, WE'VE PASSIONATELY BLENDED AND ROASTED A SUSTAINABLE, SPECIALTY COFFEE. MADE WITH QUALITY BRAZILIAN, COLOMBIAN & KENYAN ARABICA BEANS, DALEY ST IS READY FOR YOU TO SAVOUR AT HOME. Espresso Roast Best Served with milk Recommended for: Espresso Machine.",,,,INGREDIENTS: Roast Coffee Beans^.,https://www.coles.com.au/product/daley-street-mediumdark-beans-1kg-5556286,,,2024-06-16T09:41:28.081871-04:00
Ind55SColes_ADrinks_SACoffee_IVittoria Freeze Dried Italian Instant Coffee | 400g,Vittoria Freeze Dried Italian Instant Coffee | 400g,Vittoria,Drinks,Coffee,Instant Coffee,,$37.00,Pick any 2 for $36,,$9.25 per 100g,4824255,A medium roast of 100% Arabica coffee beans predominately from Central and South America with a balanced body and taste. Italian blend is a milder cup compared to the darker roasts in our range.,,,,100% Arabica Freeze Dried Instant Coffee,https://www.coles.com.au/product/vittoria-freeze-dried-italian-instant-coffee-400g-4824255,,,2024-06-16T09:41:38.369223-04:00
Ind55SColes_ADrinks_SABeverages_IVittoria Espressotoria Italian Blend Coffee Capsules 12 pack | 78g,Vittoria Espressotoria Italian Blend Coffee Capsules 12 pack | 78g,Vittoria,Drinks,Beverages,Coffee & tea,,$5.00,,,"$0.42 per 1ea
Was $10.00 on Apr 2024",2279893,"Vittoria Italian blend is a medium roast of 100% Arabica coffee beans from Central and South America with a balanced body and taste. Italian blend is a milder cup compared to darker roasts like Vittoria Espresso.
100% Arabica - Blend
Best Served: Espresso, With Milk
Tasting Notes: Raisin, Pear, Almond
Origins: Central and South America
Intensity: 11
Compatible with: Espressotoria System coffee capsule machines",,,,,https://www.coles.com.au/product/vittoria-espressotoria-italian-blend-coffee-capsules-12-pack-78g-2279893,,,2024-06-16T09:41:47.636756-04:00
Ind55SColes_ADrinks_SACoffee_INestle Coffee Mate Whitener | 400g,Nestle Coffee Mate Whitener | 400g,Nestle,Drinks,Coffee,Coffee accessories,,$4.50,,,$1.13 per 100g,9693948,COFFEE MATE is the original rich and deliciously creamy non-dairy creamer. Perfect anytime you want to enjoy a velvety-smooth cup of coffee.,,,"Per 100g/ml
Per Serving
%DI
Energy
2300 kJ
90 kJ
1%
Protein
1.2 g
1 g
0.1%
Total Fat
34.9 g
2%
Saturated Fat
32 g
1.3 g
5%
Carbohydrate
57.1 g
2.3 g
0.7%
Sugars
8.8 g
1 g
0.4%
Sodium
225 mg
9 mg
0.4%
* Percentage Daily Intakes are based on an average adult diet of 8700 kJ. Your daily intakes may be higher or lower depending on your energy needs.","Glucose Syrup, Vegetable Fat, Mineral Salts (E340, E451), Milk Protein, Emulsifiers (E471, E472e), Anticaking Agent (E170), Salt, Flavours. Contains Milk Protein",https://www.coles.com.au/product/nestle-coffee-mate-whitener-400g-9693948,,,2024-06-16T09:41:58.816141-04:00
Ind55SColes_ADrinks_SACoffee_IVittoria Long Black Coffee Bags | 20 pack,Vittoria Long Black Coffee Bags | 20 pack,Vittoria,Drinks,Coffee,Instant Coffee,,$7.50,,$12.50,$0.38 per 1ea,6395229,,,,,,https://www.coles.com.au/product/vittoria-long-black-coffee-bags-20-pack-6395229,,,2024-06-16T09:42:08.321108-04:00
Ind55SColes_ADrinks_SACoffee_IRobert Timms Premium Espresso Extra Dark Roasted Granulated Coffee | 200g,Robert Timms Premium Espresso Extra Dark Roasted Granulated Coffee | 200g,Robert Timms,Drinks,Coffee,Instant Coffee,,$10.70,,,$5.35 per 100g,8639925,"A unique blend of dark roasted beans, with an authentic continental aroma and full-bodied flavour.",,,,coffee,https://www.coles.com.au/product/robert-timms-premium-espresso-extra-dark-roasted-granulated-coffee-200g-8639925,,,2024-06-16T09:42:17.587662-04:00
Ind55SColes_ADrinks_SACoffee_IRepublica Organic Capsules Paris | 20 pack,Republica Organic Capsules Paris | 20 pack,Republica Organic,Drinks,Coffee,Capsules,,$11.50,,,$0.58 per 1ea,3766197,"Nespresso Compatible*
*Republica Coffee Capsules are made to fit your Nespresso coffee machines.
Move Mountains
But First... Coffee
Bonjour flavour. This velvety, sweet blend will take you to Paris in a sip. Republica's Paris Coffee Pods are best enjoyed with a fresh croissant, while booking flights to Europe.",,,,,https://www.coles.com.au/product/republica-organic-capsules-paris-20-pack-3766197,,,2024-06-16T09:42:26.546190-04:00
Ind55SColes_ADrinks_SACoffee_IL'OR Espresso Lungo Estremo Intensity 10 Coffee Capsules 52g | 10 pack,L'OR Espresso Lungo Estremo Intensity 10 Coffee Capsules 52g | 10 pack,LOR,Drinks,Coffee,Capsules,,$5.50,,$7.50,$0.55 per 1ea,3193217,"An exciting blend of sharp, red fruit notes contrasted with hints of soft vanilla. A full-bodied, roasty profile with touches of smokiness. Its flavours move in different directions, full of action and movement.

Blended by L'OR Coffee Artists
Fruity, smoky and complex ground coffee in single-dose capsules
Ideal preparation is espresso (40mL)
Compatible with L'OR Barista and Nespresso* original coffee machines
100% Rainforest Alliance certified coffee beans
100% recyclable capsules via partnership with Terracycle",,,,,https://www.coles.com.au/product/l'or-espresso-lungo-estremo-intensity-10-coffee-capsules-52g-10-pack-3193217,,,2024-06-16T09:42:38.518234-04:00
Ind55SColes_ADrinks_SACoffee_IL'Or Espresso Onyx Capsules 208g | 40 pack,L'Or Espresso Onyx Capsules 208g | 40 pack,LOr,Drinks,Coffee,Capsules,,$22.00,,,$0.55 per 1ea,4501267,"Notes of chocolate and spicy bitter cocoa flavours are layered with a lingering aftertaste. Coffee's darkest character - roasted and extreme.

Blended by L'OR Coffee Artists
Dark, smoky and intense ground coffee in single-dose capsules

Ideal preparation is espresso (40mL)

Compatible with L'OR Barista and Nespresso* original coffee machines

100% Rainforest Alliance certified coffee beans

100% recyclable capsules via partnership with Terracycle",,,,,https://www.coles.com.au/product/l'or-espresso-onyx-capsules-208g-40-pack-4501267,,,2024-06-16T09:42:47.443789-04:00
Ind55SColes_ADrinks_SACoffee_IL'OR Espresso Colombia Intensity 8 Coffee Capsules 52g | 10 pack,L'OR Espresso Colombia Intensity 8 Coffee Capsules 52g | 10 pack,LOR,Drinks,Coffee,Capsules,,$5.50,,$7.50,$0.55 per 1ea,2951091,"A smooth and sweet blend that is as warm and welcoming as lush Colombia. Citrus fruit notes give way to complexity at the core and an elegant aftertaste.

Blended by L'OR Coffee Artists.
Smooth, sweet and fruity ground coffee in single-dose capsules

Ideal preparation is espresso (40mL)

Compatible with L'OR Barista and Nespresso* original coffee machines

100% Rainforest Alliance certified coffee beans

100% recyclable capsules via partnership with Terracycle",,,,,https://www.coles.com.au/product/l'or-espresso-colombia-intensity-8-coffee-capsules-52g-10-pack-2951091,,,2024-06-16T09:42:56.333944-04:00
Ind55SColes_ADrinks_SACoffee_IVittoria Espresso Coffee Beans | 500g,Vittoria Espresso Coffee Beans | 500g,Vittoria,Drinks,Coffee,Coffee beans,,$14.00,,$20.00,$2.80 per 100g,3208358,"Vittoria's original and iconic blend, Espresso has remained unchanged for over 50 years. This blend of 100% Arabica coffee beans is darkly roasted to deliver the strong flavour of traditional Italian espresso.
Blend: 100% Arabica
Roast: Medium to Dark
Origins: Central and South America
Tasting Notes: Honey, Toasty
Best Served as: Enjoy as an espresso or with milk",,,,,https://www.coles.com.au/product/vittoria-espresso-coffee-beans-500g-3208358,,,2024-06-16T09:43:06.585955-04:00
Ind55SColes_ADrinks_SACoffee_INescafe Blend 43 Mild Roast Instant Coffee | 150g,Nescafe Blend 43 Mild Roast Instant Coffee | 150g,Nescafe,Drinks,Coffee,Instant Coffee,,$5.75,,$11.50,$3.83 per 100g,8228669,"Every cup you drink can make a difference. When you need to mellow out, try NESCAFE BLEND 43 Mild Roast, a smooth flavour with a gentle roast.Through using 100% responsibly sourced coffee beans in NESCAFE Blend 43, we are making a difference for coffee farmers helping to improve their lands and livelihoods.We are making a difference by sourcing 100% renewable electricity and using coffee grounds left over from the brewing process to help power our NESCAFE factory in Gympie, Queensland. What makes a NESCAFE Blend 43 cup of coffee more enjoyable is that every time you enjoy a cup, you are not just enjoying your favourite cup of coffee, you are also making a difference.
Intensity score: 3 (Smooth Roast)

- Roasted and blended right here in country Queensland, Australia.

- 100% of NESCAF BLEND 43 coffee beans are sustainably sourced.

- NESCAF BLEND 43 tin, caps and glass jars are 100% recyclable. Plus, 60% of the energy powering our NESCAF factory comes from renewable energy, including used coffee grounds.

- A 150g Jar is recyclable and makes approx. 88 cups of coffee based on 1.7g per cup. It's perfect for smaller households and the ideal companion for holidays or getaways.",,,,100% Natural Coffee Beans. Soluble Coffee.,https://www.coles.com.au/product/nescafe-blend-43-mild-roast-instant-coffee-150g-8228669,,,2024-06-16T09:43:16.805983-04:00
Ind55SColes_ADrinks_SACoffee_IVittoria Organic Espresso Coffee Beans | 1kg,Vittoria Organic Espresso Coffee Beans | 1kg,Vittoria,Drinks,Coffee,Coffee beans,,$22.00,,$44.00,$2.20 per 100g,2002095,"Vittoria's Organic Rainforest Alliance Espresso 100% Arabica is certified by the Rainforest Alliance and is approved to meet rigorous social and environmental standards that help to conserve forests, protect wildlife habitat, provide coffee workers with a healthy work environment, decent housing, access to education and health care.
Blend: 100% Arabica Coffee
Roast: Medium to Dark
Origins: Central & South America
Tasting Notes: Hazelnut, Wildberry, Honey, Lemon
Best Served as: Full-flavour cup, whether served as an espresso or with milk",,,,,https://www.coles.com.au/product/vittoria-organic-espresso-coffee-beans-1kg-2002095,,,2024-06-16T09:43:25.956280-04:00
Ind55SColes_ADrinks_SACoffee_INescafe Hazelnut Latte Coffee Sachets | 10 pack,Nescafe Hazelnut Latte Coffee Sachets | 10 pack,Nescafe,Drinks,Coffee,Coffee mixes,,$7.60,,,$0.76 per 1ea,4491550,"Have a little something for yourself and enjoy a special moment of coffee delight and flavours of freshly roasted hazelnuts with NESCAFE Hazelnut Latte. With a delectable layer of velvety froth and quality coffee, enjoy a cafe style creamy hazelnut latte and treat yourself at any time in the comfort of your own home. All you need to do is add hot water and give it a good stir. The result is a delightfully creamy coffee that you can enjoy from the first to the last sip. So whatever you're up to, Now's good for a deliciously creamy NESCAFE Hazelnut Latte. NESCAFE. Make Your World.
Available in 10 sachets per pack or in our value pack of 26 sachets.

We go beyond the cup. We're committed to sustainable sourcing and packaging so our coffee not only tastes good but also does good. Our coffee beans are roasted right here in Australia and 100% sustainably sourced.

We've also made the commitment to convert all of our packaging to 100% recyclable by 2025.",,,"Per 100g/ml
Per Serving
%DI
Energy
210kJ
320 kJ As Prepared
4%
Protein
1g
1 g As Prepared
1%
Total Fat
1.5g
2.2g
3%
Saturated Fat
1.3g
2 g As Prepared
8%
Carbohydrate
9.5g
14.3 g As Prepared
5%
Sugars
6.1g
9.1 g As Prepared
10%
Sodium
52mg
78 mg As Prepared
3%
* Percentage Daily Intakes are based on an average adult diet of 8700 kJ. Your daily intakes may be higher or lower depending on your energy needs.",,https://www.coles.com.au/product/nescafe-hazelnut-latte-coffee-sachets-10-pack-4491550,,,2024-06-16T09:43:38.069528-04:00
Ind55SColes_ADrinks_SACoffee_IDaley Street Q-graders Cremorne Coffee Beans | 250g,Daley Street Q-graders Cremorne Coffee Beans | 250g,Daley Street,Drinks,Coffee,Ground coffee,,$12.00,,,$4.80 per 100g,5993269,,,,,,https://www.coles.com.au/product/daley-street-q-graders-cremorne-coffee-beans-250g-5993269,,,2024-06-16T09:43:48.165689-04:00
