idx,name,brand,aisle,subaisle,subsubaisle,size,price,multi_price,old_price,pricePerUnit,itemNum,description,serving,img_urls,item_label,item_ingredients,url,SKU,UPC,timeStamp
Ind54SColes_ADrinks_SACordials_IBickfords Cordial Raspberry Ripple | 750mL,Bickfords Cordial Raspberry Ripple | 750mL,Bickfords,Drinks,Cordials,All cordials,,$5.00,,,$6.67 per 1L,7506631,,,,,,https://www.coles.com.au/product/bickfords-cordial-raspberry-ripple-750ml-7506631,,,2024-06-16T10:12:35.951117-04:00
Ind54SColes_ADrinks_SACordials_IViva Fruit Cup Cordial | 1L,Viva Fruit Cup Cordial | 1L,Viva,Drinks,Cordials,All cordials,,$2.40,,,$2.40 per 1L,3797623,"Viva Cordial Fruit Cup, 1L. Viva is the perfect cordial for the whole family. Available in 3 favourite flavours, it makes a refreshing drink at any time of the day.",,,"Per 100g/ml
Per Serving
%DI
Energy
29kJ
73kJ
0.80%
Protein
0g
0g
Total Fat
0g
0g
Saturated Fat
0g
0g
Carbohydrate
1.5g
3.7g
1%
Sugars
1.5g
3.7g
4%
Sodium
10mg
25mg
1%
* Percentage Daily Intakes are based on an average adult diet of 8700 kJ. Your daily intakes may be higher or lower depending on your energy needs.",,https://www.coles.com.au/product/viva-fruit-cup-cordial-1l-3797623,,,2024-06-16T10:12:48.410377-04:00
Ind54SColes_ADrinks_SA_IDiet Rite Apple Blackcurrant Cordial | 1L,Diet Rite Apple Blackcurrant Cordial | 1L,Diet Rite,Drinks,,,,$3.50,,,$3.50 per 1L,3696535,"Cordial an Australian institution, but due to our changing lifestyle, many of us are looking for better-for-you cordial alternatives. That's where Diet Rite comes in. Diet Rite is Australia's only 'low-joule' cordial brand. It is made from 50% fruit juice and contains no added sugar, no artificial colours or flavours and has the added goodness of Vitamin C. So drink rite with Diet Rite!",,,"Per 100g/ml
Per Serving
%DI
Energy
12kJ
30kJ
0.30%
Protein
<1g
<1g
1%
Total Fat
<1g
<1g
1%
Saturated Fat
0g
0g
0%
Carbohydrate
0.7g
1.8g
0.60%
Sugars
0.5g
1.3g
1.40%
Sodium
4mg
10mg
0.40%
Vitamin C
2mg
5mg
0%
Dietary Fibre (total)
<1g
<1g
1%
* Percentage Daily Intakes are based on an average adult diet of 8700 kJ. Your daily intakes may be higher or lower depending on your energy needs.",,https://www.coles.com.au/product/diet-rite-apple-blackcurrant-cordial-1l-3696535,,,2024-06-16T10:12:59.623950-04:00
Ind54SColes_ADrinks_SACordials_IBickford's Blackcurrant Fruit Juice Syrup Bottle | 750mL,Bickford's Blackcurrant Fruit Juice Syrup Bottle | 750mL,Bickfords,Drinks,Cordials,All cordials,,$6.00,,,$8.00 per 1L,5208836,"Masterfully crafted with our original recipe, Bickford's Blackcurrant Fruit Juice Syrup remains a trusted family favourite. The lush fruity blackcurrant flavour abounds in this delicious and refreshing thirst quencher.",,,"Per 100g/ml
Per Serving
%DI
Energy
184kJ
442kJ
Protein
0g
0g
Total Fat
0g
0g
Saturated Fat
0g
0g
Carbohydrate
10.8g
25.9g
Sugars
10.2g
24.5g
Sodium
3.8mg
9mg
Monounsaturated
0g
0g
Vitamin C
50mg
120mg
Polyunsaturated
0g
0g
Trans
0g
0g
* Percentage Daily Intakes are based on an average adult diet of 8700 kJ. Your daily intakes may be higher or lower depending on your energy needs.",,https://www.coles.com.au/product/bickford's-blackcurrant-fruit-juice-syrup-bottle-750ml-5208836,,,2024-06-16T10:13:10.422915-04:00
Ind54SColes_ADrinks_SACordials_ICottees Zero Sugar Cordial Apple & Raspberry | 1L,Cottees Zero Sugar Cordial Apple & Raspberry | 1L,Cottees,Drinks,Cordials,All cordials,,$5.90,Pick any 2 for $9.40,,$5.90 per 1L,4749138,"Introducing Cottee's Zero Sugar Cordial Apple & Raspberry Flavour, the perfect refreshing drink for all! This refreshing and delicious cordial is a perfect alternative to sugary, carbonated beverages.

Cottee's Zero Sugar Cordial Apple & Raspberry will add a burst of flavour to your plain water with its vibrant colour, making it a refreshing and tasty drink for any occasion.

Whether you are hosting a family gathering or having friends over, Cottee's Zero Sugar Cordial Apple & Raspberry Flavour is the perfect drink to share and is sure to be a hit amongst your guests. Take it up a notch by adding a slice of lemon and a mint sprig garnish for a touch of sophistication.

With a 1L bottle, Cottee's Zero Sugar Cordial Apple & Raspberry Flavour is perfect for those who love to entertain or enjoy a refreshing drink throughout the day. The bottle is easy to store and can be used to make multiple servings.

Cottee's Zero Sugar Cordial Apple & Raspberry Flavour is a delicious and refreshing drink that is perfect for any occasion. Try Cottee's Zero Sugar Cordial Apple & Raspberry Flavour today!
Fruity and refreshing flavor for a burst of taste

Adds a burst of flavor to your plain water

Perfect for sharing at any occasion

1L bottle for multiple servings and easy storage

A perfect alternative to sugary, carbonated beverages",,,"Per 100g/ml
Per Serving
%DI
Energy
3kJ
8kJ
Protein
0g
0g
Total Fat
0g
0g
Saturated Fat
0g
0g
Carbohydrate
0g
0g
Sugars
0g
0g
Sodium
6mg
15mg
Dietary Fibre (total)
0g
0g
* Percentage Daily Intakes are based on an average adult diet of 8700 kJ. Your daily intakes may be higher or lower depending on your energy needs.",,https://www.coles.com.au/product/cottees-zero-sugar-cordial-apple-and-raspberry-1l-4749138,,,2024-06-16T10:13:21.117363-04:00
Ind54SColes_ADrinks_SACordials_ISchweppes Zero Sugar Lemonade Soda Syrup Sugar Free Cordial | 300mL,Schweppes Zero Sugar Lemonade Soda Syrup Sugar Free Cordial | 300mL,Schweppes,Drinks,Cordials,All cordials,,$3.60,,$4.50,$12.00 per 1L,4807325,"Looking for a refreshing and sugar-free way to quench your thirst? Look no further than Schweppes Lemonade Zero Sugar Soda Syrup! This delicious syrup is the perfect addition to your Sodastream, giving you the ultimate fizzy drink with zero sugar.

Schweppes Lemonade Zero Sugar Soda Syrup is made from an original 1835 recipe, providing you with a clean and crisp taste that's sure to tantalize your taste buds. And with zero calories, you can enjoy this delicious beverage without any sugar or worry about impacting your waistline.

With just a few simple steps, you can easily make Schweppes Lemonade Zero Sugar from the comfort of your own home. Simply add the syrup to your Sodastream, carbonate to your desired level, and enjoy the refreshing taste of Schweppes Lemonade Zero Sugar. It's the perfect drink for any occasion, whether you're looking for a refreshing afternoon treat or a delicious beverage to serve at your next gathering.

So why wait? Add Schweppes Lemonade Zero Sugar Soda Syrup to your Sodastream today and enjoy the great taste of Schweppes lemonade without any of the sugar! With its delicious flavour, zero sugar, and easy preparation, it's the perfect choice for anyone looking for a refreshing and great drink option. Order now and experience the ultimate fizzy drink experience today!
Sweet and tangy flavours.

Sugar-free refreshment.

Original 1835 recipe provides refreshing and crisp taste every time.

Versatile drink that can be enjoyed in many ways.

Great for sharing.",,,"Per 100g/ml
Per Serving
%DI
Energy
6kJ
15kJ
Protein
0g
0g
Total Fat
0g
0g
Saturated Fat
0g
0g
Carbohydrate
0g
0g
Sugars
0g
0g
Sodium
10mg
25mg
Dietary Fibre (total)
0g
0g
* Percentage Daily Intakes are based on an average adult diet of 8700 kJ. Your daily intakes may be higher or lower depending on your energy needs.",,https://www.coles.com.au/product/schweppes-zero-sugar-lemonade-soda-syrup-sugar-free-cordial-300ml-4807325,,,2024-06-16T10:13:32.243780-04:00
Ind54SColes_ADrinks_SACordials_ISodastream Pepsi Max Flavour | 440mL,Sodastream Pepsi Max Flavour | 440mL,Sodastream,Drinks,Cordials,All cordials,,$5.60,,$7.00,$12.73 per 1L,3914920,"Pepsi Max for SodaStream
Great Taste. Just Add Bubbles
Each flavour bottle makes about 9L
440mL
With Max Taste, No Sugar - Pepsi Max is a low-calorie and sugar-free version of classic Pepsi.

Simply add to carbonated water for a refreshing drink

440ml - Makes up to 9 Litres",,,"Per 100g/ml
Per Serving
%DI
Energy
1 kj
3 kj
0.04%
Protein
0g
0g
0
Total Fat
0g
0g
0
Saturated Fat
0g
0g
0
Carbohydrate
0.1g
0.2g
0
Sugars
0g
0g
0
Sodium
6mg
15mg
0.70%
Monounsaturated
0g
0g
0
Energy (Cal)
0.3 kcal
0.8 kcal
0.04%
Polyunsaturated
0g
0g
0
Trans
0g
0g
0
* Percentage Daily Intakes are based on an average adult diet of 8700 kJ. Your daily intakes may be higher or lower depending on your energy needs.",,https://www.coles.com.au/product/sodastream-pepsi-max-flavour-440ml-3914920,,,2024-06-16T10:13:43.193472-04:00
Ind54SColes_ADrinks_SACordials_IRibena Blackcurrant Fruit Juice Syrup Bottle | 1L,Ribena Blackcurrant Fruit Juice Syrup Bottle | 1L,Ribena,Drinks,Cordials,All cordials,,$7.40,,,$7.40 per 1L,3407682,Ribena Light Fruit Juice Syrup Blackcurrant is made with New Zealand blackcurrants. Low in calories and has a rich source of Vitamin C.,,,,"Water, Blackcurrant Juice 23.8% (from Concentrate), Sucrose, Food Acid (330), Vitamin C (Ascorbic Acid), Sweeteners (955, 950), Preservatives (202, 223), Flavouring, Natural Colour (163).",https://www.coles.com.au/product/ribena-blackcurrant-fruit-juice-syrup-bottle-1l-3407682,,,2024-06-16T10:13:52.173282-04:00
Ind54SColes_ADrinks_SACordials_IDiet Rite Lime Cordial | 1L,Diet Rite Lime Cordial | 1L,Diet Rite,Drinks,Cordials,All cordials,,$3.50,,,$3.50 per 1L,3050107,"Cordial an Australian institution, but due to our changing lifestyle, many of us are looking for better-for-you cordial alternatives. That's where Diet Rite comes in. Diet Rite is Australia's only 'low-joule' cordial brand. It is made from 50% fruit juice and contains no added sugar, no artificial colours or flavours and has the added goodness of Vitamin C. So drink rite with Diet Rite!",,,"Per 100g/ml
Per Serving
%DI
Energy
4kJ
9kJ
0.10%
Protein
<1g
<1g
1%
Total Fat
<1g
<1g
1%
Saturated Fat
<1g
<1g
1%
Carbohydrate
0.1g
0.2g
0.10%
Sugars
0g
0g
0%
Sodium
2mg
5mg
0.20%
Vitamin C
2mg
5mg
0%
Dietary Fibre (total)
<1g
<1g
1%
* Percentage Daily Intakes are based on an average adult diet of 8700 kJ. Your daily intakes may be higher or lower depending on your energy needs.",,https://www.coles.com.au/product/diet-rite-lime-cordial-1l-3050107,,,2024-06-16T10:14:02.918197-04:00
Ind54SColes_ADrinks_SACordials_ISodastream Pepsi Max Mango Soda Mix | 440mL,Sodastream Pepsi Max Mango Soda Mix | 440mL,Sodastream,Drinks,Cordials,All cordials,,$5.60,,$7.00,$12.73 per 1L,7161857,"Pepsi Max Mango for SodaStream
Great Taste. Just Add Bubbles
Each flavour bottle makes about 9L
440mL
With Max Taste, No Sugar - Pepsi Max Mango is a low-calorie and sugar-free version of Pepsi.

Simply add to carbonated water for a refreshing drink

440ml - Makes up to 9 Litres",,,"Per 100g/ml
Per Serving
%DI
Energy
1.8
4.6
.05
Protein
.01
.03
.06
Total Fat
0
0
0
Saturated Fat
0
0
0
Carbohydrate
.07
.2
.1
Sugars
0
0
0
Sodium
6
15
1
Monounsaturated
0
0
0
Energy (Cal)
.4
1.1
.05
Dietary Fibre (total)
0
0
0
Polyunsaturated
0
0
0
Trans
0
0
0
* Percentage Daily Intakes are based on an average adult diet of 8700 kJ. Your daily intakes may be higher or lower depending on your energy needs.",,https://www.coles.com.au/product/sodastream-pepsi-max-mango-soda-mix-440ml-7161857,,,2024-06-16T10:14:14.103906-04:00
Ind54SColes_ADrinks_SACordials_IBickfords Cordial Pineapple Passionfruit | 750mL,Bickfords Cordial Pineapple Passionfruit | 750mL,Bickfords,Drinks,Cordials,All cordials,,$5.00,,,$6.67 per 1L,6596377,"An exotic blend of lush, sweet pineapple balanced with the subtle tartness of brightly fleshed passionfruit. Refreshing fruity aromas evoke the taste of the tropics.",,,"Per 100g/ml
Per Serving
%DI
Energy
124kJ
124kJ
Protein
0g
0g
Total Fat
0g
0g
Saturated Fat
0g
0g
Carbohydrate
7.3g
7.3g
Sugars
7.1g
7.1g
Sodium
5mg
5mg
Monounsaturated
0g
0g
Dietary Fibre (total)
0g
0g
Polyunsaturated
0g
0g
Trans
0g
0g
* Percentage Daily Intakes are based on an average adult diet of 8700 kJ. Your daily intakes may be higher or lower depending on your energy needs.",,https://www.coles.com.au/product/bickfords-cordial-pineapple-passionfruit-750ml-6596377,,,2024-06-16T10:14:26.968838-04:00
Ind54SColes_ADrinks_SA_IBickfords Cordial Raspberry Sugar Free | 750mL,Bickfords Cordial Raspberry Sugar Free | 750mL,Bickfords,Drinks,,,,$5.00,,,$6.67 per 1L,7207313,Bickford's Sugar Free Raspberry Flavoured Cordial is a vibrant and refreshing blend that contains absolutely no sugar while upholding our hundred-year-old tradition of taste and quality.,,,"Per 100g/ml
Per Serving
%DI
Energy
4kJ
10kJ
Protein
<0g
<0g
Total Fat
0g
0g
Saturated Fat
0g
0g
Carbohydrate
0.2g
0.5g
Sugars
0g
0g
Sodium
9mg
23mg
Dietary Fibre (total)
0g
0g
* Percentage Daily Intakes are based on an average adult diet of 8700 kJ. Your daily intakes may be higher or lower depending on your energy needs.","Water, Sweeteners (Erythritol, Stevia Extract), Acidity Regulators (330, 296, 331), Natural Flavours, Natural Colour (Anthocyanin), Preservatives (202, Sulphites), Xanthan Gum",https://www.coles.com.au/product/bickfords-cordial-raspberry-sugar-free-750ml-7207313,,,2024-06-16T10:14:38.953193-04:00
Ind54SColes_ADrinks_SACordials_ISoda Stream Gas Cylinder | 1pack,Soda Stream Gas Cylinder | 1pack,Soda Stream,Drinks,Cordials,All cordials,,$36.00,,,$36.00 per 1ea,3287503,One bottle of sodastream can save thousands of single use plastic bottles. Keep a Spare 60 Litre Cylinder on hand so you always have an abundance of sparkling water while you are exchanging your empty one.,,,,,https://www.coles.com.au/product/soda-stream-gas-cylinder-1pack-3287503,,,2024-06-16T10:14:47.621493-04:00
Ind54SColes_ADrinks_SA_IBickford's Lemon Cordial | 750ml,Bickford's Lemon Cordial | 750ml,Bickfords,Drinks,,,,$5.00,,,$6.67 per 1L,6875280,"Ideal for mixing or simply a great thirst quencher, Bickford's Lemon Juice Cordial has stood the test of time, melding the sumptuous citrus taste of ripe lemons with a perfectly balanced sweet finish to satisfy any thirst. Dilute with soda or plain water for a real thirst quenching taste, or use as a mixer with premium spirits or full flavoured cocktail ingredient.",,,"Per 100g/ml
Per Serving
%DI
Energy
160kJ
400kJ
Protein
<0g
<0g
Total Fat
0g
0g
Saturated Fat
0g
0g
Carbohydrate
9.4g
23.5g
Sugars
8g
20g
Sodium
8mg
20mg
Monounsaturated
0g
0g
Dietary Fibre (total)
0g
0g
Polyunsaturated
0g
0g
Trans
0g
0g
* Percentage Daily Intakes are based on an average adult diet of 8700 kJ. Your daily intakes may be higher or lower depending on your energy needs.",,https://www.coles.com.au/product/bickford's-lemon-cordial-750ml-6875280,,,2024-06-16T10:14:59.352048-04:00
Ind54SColes_ADrinks_SACordials_ISodastream Zeros Pink Grapefruit Water | 440mL,Sodastream Zeros Pink Grapefruit Water | 440mL,Sodastream,Drinks,Cordials,All cordials,,$6.00,,,$13.64 per 1L,3533563,"Zeros Pink Grapefruit for SodaStream
Naturally sweetened and coloured without the excess sugars.
Each flavour bottle makes about 9L
440mL
Naturally sweetened and coloured without the excess sugar.

Simply add to carbonated water for a refreshing drink

440ml - Makes up to 9 Litres",,,"Per 100g/ml
Per Serving
%DI
Energy
5.1kj
12.9kj
Protein
0g
0g
0%
Total Fat
0g
0g
0%
Saturated Fat
0g
0g
0%
Carbohydrate
0.1g
0.4g
Sugars
0.1g
0.4g
Sodium
4.3mg
10.7mg
Monounsaturated
0g
0g
0%
Energy (Cal)
1.2kcal
3.1kcal
Polyunsaturated
0g
0g
0%
Trans
0g
0g
0%
* Percentage Daily Intakes are based on an average adult diet of 8700 kJ. Your daily intakes may be higher or lower depending on your energy needs.",,https://www.coles.com.au/product/sodastream-zeros-pink-grapefruit-water-440ml-3533563,,,2024-06-16T10:15:10.418115-04:00
Ind54SColes_ADrinks_SACordials_IBickford's Lime Cordial | 750mL,Bickford's Lime Cordial | 750mL,Bickfords,Drinks,Cordials,All cordials,,$5.00,,,$6.67 per 1L,167924,"Bickford's famous Lime Juice Cordial is a true icon of Australian heritage. Dilute with soda or plain water for a real thirst quenching taste, or use as a mixer with premium spirits or full flavoured cocktail ingredient.",,,"Per 100g/ml
Per Serving
%DI
Energy
124kJ
309kJ
Protein
<0g
<0g
Total Fat
0g
0g
Saturated Fat
0g
0g
Carbohydrate
7.3g
18.2g
Sugars
7.3g
18.2g
Sodium
6.8mg
17.1mg
Monounsaturated
0g
0g
Dietary Fibre (total)
0g
0g
Polyunsaturated
0g
0g
Trans
0g
0g
* Percentage Daily Intakes are based on an average adult diet of 8700 kJ. Your daily intakes may be higher or lower depending on your energy needs.",,https://www.coles.com.au/product/bickford's-lime-cordial-750ml-167924,,,2024-06-16T10:15:21.495496-04:00
Ind54SColes_ADrinks_SACordials_IBickford's Peach Iced Tea Cordial | 750mL,Bickford's Peach Iced Tea Cordial | 750mL,Bickfords,Drinks,Cordials,All cordials,,$5.00,,,$6.67 per 1L,6007727,This uniquely blended cordial combines a traditional tea flavour with the mellowing undertones of fresh ripe peach for a truly refreshing experience. This is an ideal thirst quencher all year round.,,,"Per 100g/ml
Per Serving
%DI
Energy
119kJ
298kJ
Protein
<0g
<0g
Total Fat
0g
0g
Saturated Fat
0g
0g
Carbohydrate
7g
17.5g
Sugars
7g
17.5g
Sodium
5.3mg
13.3mg
Monounsaturated
0g
0g
Dietary Fibre (total)
0g
0g
Polyunsaturated
0g
0g
Trans
0g
0g
* Percentage Daily Intakes are based on an average adult diet of 8700 kJ. Your daily intakes may be higher or lower depending on your energy needs.",,https://www.coles.com.au/product/bickford's-peach-iced-tea-cordial-750ml-6007727,,,2024-06-16T10:15:32.156407-04:00
Ind54SColes_ADrinks_SACordials_IDiet Rite Apple Raspberry Cordial | 1L,Diet Rite Apple Raspberry Cordial | 1L,Diet Rite,Drinks,Cordials,All cordials,,$3.50,,,$3.50 per 1L,3050071,"Cordial an Australian institution, but due to our changing lifestyle, many of us are looking for better-for-you cordial alternatives. That's where Diet Rite comes in. Diet Rite is Australia's only 'low-joule' cordial brand. It is made from 50% fruit juice and contains no added sugar, no artificial colours or flavours and has the added goodness of Vitamin C. So drink rite with Diet Rite!",,,"Per 100g/ml
Per Serving
%DI
Energy
10kJ
25kJ
0.30%
Protein
<1g
<1g
1%
Total Fat
<1g
<1g
1%
Saturated Fat
0g
0g
0%
Carbohydrate
0.6g
1.5g
0.50%
Sugars
0.5g
1.3g
1.40%
Sodium
4mg
10mg
0.40%
Vitamin C
2mg
5mg
10%
Dietary Fibre (total)
<1g
<1g
1%
* Percentage Daily Intakes are based on an average adult diet of 8700 kJ. Your daily intakes may be higher or lower depending on your energy needs.",,https://www.coles.com.au/product/diet-rite-apple-raspberry-cordial-1l-3050071,,,2024-06-16T10:15:43.504728-04:00
Ind54SColes_ADrinks_SACordials_IGolden Circle Cordial Raspberry Cordial | 2L,Golden Circle Cordial Raspberry Cordial | 2L,Golden Circle,Drinks,Cordials,All cordials,,$5.50,Pick any 2 for $8.80,,$2.75 per 1L,219267,"Nothing beats a glass of Golden Circle Raspberry Flavoured Cordial. Made with no artificial sweeteners, this raspberry flavoured drink is sure to be a favourite at BBQs, picnics and days by the beach. Treat yourself to a glass of Golden Circle Raspberry Flavoured Cordial on a hot day. Cool and refreshing, mix the perfect cup with 1 part cordial and 4 parts water. Enjoy as it is or add some fresh fruit to make a punch. Golden Circle, Share the Sunshine.
Cool and refreshing

No artificial sweeteners

New 100% recyclable bottle

Mix 1 part cordial with 4 parts water

Makes 10 litres",,,"Per 100g/ml
Per Serving
%DI
Energy
125KJ
245kJ
Protein
0g
0g
Total Fat
0g
0g
Saturated Fat
0g
0g
Carbohydrate
7.0g
14.0g
Sugars
7.0g
14.0g
Sodium
6mg
12mg
* Percentage Daily Intakes are based on an average adult diet of 8700 kJ. Your daily intakes may be higher or lower depending on your energy needs.",,https://www.coles.com.au/product/golden-circle-cordial-raspberry-cordial-2l-219267,,,2024-06-16T10:15:54.247178-04:00
Ind54SColes_ADrinks_SACordials_ICottees Lemon Cordial Lemon Crush with 40% Fruit Juice Bottle | 1L,Cottees Lemon Cordial Lemon Crush with 40% Fruit Juice Bottle | 1L,Cottees,Drinks,Cordials,All cordials,,$5.90,Pick any 2 for $9.40,,$5.90 per 1L,7767908,"If you're searching for a refreshing drink that packs a punch of fruit flavour, look no further than Cottee's Cordial Lemon Crush. With a generous 40% fruit juice content, this cordial strikes the perfect balance between tangy lemon and sweet fruits, creating a deliciously thirst-quenching drink that can be enjoyed all year round. This 1L bottle is perfect for sharing with family and friends, or keeping in the fridge for when you need a refreshing pick-me-up.

Whether you're enjoying it on its own or adding it to sparkling water for a bubbly treat, this cordial is the perfect choice for those looking for a refreshing and flavourful drink.

At Cottee's, we take great care to ensure our drinks are of the highest quality. Our commitment to quality is reflected in every bottle of Cottee's Cordial Lemon Crush, making it a must-have in any household.

So, whether you're hosting a party, relaxing on the couch or just need a refreshing drink after a long day, Cottee's Cordial Lemon Crush is the perfect choice. With its 40% fruit juice content and natural, refreshing flavour, this cordial is sure to become a favourite in your household. Order your bottle today and taste the difference that quality ingredients make!
40% real fruit juice for a naturally tangy and sweet taste

Perfect for sharing with family and friends or keeping in the fridge

Perfect choice for those looking for a refreshing and flavorful drink

Made with highest quality

A refreshing drink that is perfect for any occasion or mood",,,"Per 100g/ml
Per Serving
%DI
Energy
87kJ
218kJ
3%
Protein
0.1g
0.1g
0.30%
Total Fat
0g
0g
0%
Saturated Fat
0g
0g
0%
Carbohydrate
5.1g
12.8g
4%
Sugars
5.0g
12.5g
14%
Sodium
10mg
25mg
1%
Dietary Fibre (total)
<1g
<1g
2%
* Percentage Daily Intakes are based on an average adult diet of 8700 kJ. Your daily intakes may be higher or lower depending on your energy needs.",,https://www.coles.com.au/product/cottees-lemon-cordial-lemon-crush-with-40percent-fruit-juice-bottle-1l-7767908,,,2024-06-16T10:16:05.155502-04:00
Ind54SColes_ADrinks_SACordials_IViva Cordial Apple Raspberry | 1L,Viva Cordial Apple Raspberry | 1L,Viva,Drinks,Cordials,All cordials,,$2.40,,,$2.40 per 1L,3797612,"Viva Cordial Apple and Raspberry, 1L. Viva is the perfect cordial for the whole family. Available in 3 favourite flavours, it makes a refreshing drink at any time of the day.",,,"Per 100g/ml
Per Serving
%DI
Energy
26kJ
65kJ
0.70%
Protein
0g
0g
Total Fat
0g
0g
Saturated Fat
0g
0g
Carbohydrate
1.4g
3.5g
1%
Sugars
1.4g
3.5g
4%
Sodium
9mg
23mg
1%
* Percentage Daily Intakes are based on an average adult diet of 8700 kJ. Your daily intakes may be higher or lower depending on your energy needs.",,https://www.coles.com.au/product/viva-cordial-apple-raspberry-1l-3797612,,,2024-06-16T10:16:15.930976-04:00
Ind54SColes_ADrinks_SACordials_IGolden Circle Cordial Sarsaparilla Cordial | 2L,Golden Circle Cordial Sarsaparilla Cordial | 2L,Golden Circle,Drinks,Cordials,All cordials,,$5.50,Pick any 2 for $8.80,,$2.75 per 1L,393275,"Calling all sarsaparilla lovers, Golden Circle Sarsaparilla Flavoured Cordial is here. Mix the perfect cup of cordial with 1 part cordial and 4 parts water, add some ice and enjoy in the company of family and friends. Indulge in a cool and refreshing glass of Golden Circle Sarsaparilla Flavoured Cordial. A flavour loved by many, this cordial is made with no artificial sweeteners. Mix the perfect cup with 1 part cordial and 4 parts water, or mix it with lemonade for a special treat. Golden Circle, Share the Sunshine.
Cool and refreshing

No artificial sweeteners

New 100% recyclable bottle

Mix 1 part cordial with 4 parts water

Makes 10 litres",,,"Per 100g/ml
Per Serving
%DI
Energy
145KJ
290kJ
Protein
0g
0g
Total Fat
0g
0g
Saturated Fat
0g
0g
Carbohydrate
8.4g
16.8g
Sugars
8.4g
16.8g
Sodium
8mg
16mg
* Percentage Daily Intakes are based on an average adult diet of 8700 kJ. Your daily intakes may be higher or lower depending on your energy needs.",,https://www.coles.com.au/product/golden-circle-cordial-sarsaparilla-cordial-2l-393275,,,2024-06-16T10:16:26.927418-04:00
Ind54SColes_ADrinks_SACordials_ISolo Zero Sugar Soda Syrup Sugar Free Cordial for Soda Water | 300mL,Solo Zero Sugar Soda Syrup Sugar Free Cordial for Soda Water | 300mL,Solo,Drinks,Cordials,All cordials,,$3.60,,$4.50,$12.00 per 1L,4807336,"Are you looking for a refreshing drink that won't ruin your diet? Solo Zero Sugar Soda Syrup is the perfect solution! With its deliciously tangy taste, this syrup can make up to 3.3L of juice. And the best part? It is 100% free of artificial colors and flavors!

You can enjoy Solo Zero Sugar Soda Syrup at any time of day without worrying about the extra sugar intake. This syrup is perfect for people who want to watch their calorie intake but still crave the taste of a soda. It contains zero sugar, zero artificial colors, and zero artificial flavors- making it a perfect choice for any occasion.

Plus, its 300mL bottle size ensures that you can enjoy it for multiple servings. It is ideal for those who like to drink juices regularly, but don't want to commit to large, bulk purchases.

Whether you prefer citrus or other fruit flavors, Solo Zero Sugar Soda Syrup offers a wide range of options, so you are bound to find a flavor that suits your taste buds. This syrup is perfect for creating drinks that are both delicious and refreshing, which is why it is a must-have in any modern kitchen.

Lastly, if you are worried about the quality of the ingredients used, you can stop worrying. Solo Zero Sugar Soda Syrup uses only the highest quality ingredients, making every sip worth it. So why wait? Try Solo Zero Sugar Soda Syrup today and enjoy a refreshing drink!
Zero sugar and artificial flavors

Perfect for calorie-watchers who crave the taste of soda.

300mL bottle size for multiple servings

Wide range of flavors to suit all taste buds

Made from high-quality ingredients",,,"Per 100g/ml
Per Serving
%DI
Energy
11kJ
28kJ
0.30%
Protein
0g
0g
0%
Total Fat
0g
0g
0%
Saturated Fat
0g
0g
0%
Carbohydrate
0g
0g
0%
Sugars
0g
0g
0%
Sodium
29mg
73mg
3%
Dietary Fibre (total)
0g
0g
0%
* Percentage Daily Intakes are based on an average adult diet of 8700 kJ. Your daily intakes may be higher or lower depending on your energy needs.",,https://www.coles.com.au/product/solo-zero-sugar-soda-syrup-sugar-free-cordial-for-soda-water-300ml-4807336,,,2024-06-16T10:16:38.002328-04:00
Ind54SColes_ADrinks_SACordials_IGolden Circle Cordial Golden Pash Cordial | 2L,Golden Circle Cordial Golden Pash Cordial | 2L,Golden Circle,Drinks,Cordials,All cordials,,$5.50,Pick any 2 for $8.80,,$2.75 per 1L,2746649,"Get the great taste of fruit Juice with Golden Circle Golden Pash Cordial. Always a hit at birthday parties and backyard barbeques. Mix the perfect cup with a ratio of 1 part cordial to 4 parts water. Just one sip of Golden Circle Golden Pash Cordial will make you feel like you're on a holiday. With pear, pineapple, passionfruit and other ingredients, this drink is made with the great taste of fruit juice and no artificial colours or sweeteners. Golden Circle, Share the Sunshine.
No artificial colours or sweeteners

With the great taste of fruit juice

Mix the perfect cup - 1 part cordial, 4 parts water

Makes 10 litres

Perfect to enjoy on a hot day or for serving to your guests",,,"Per 100g/ml
Per Serving
%DI
Energy
125KJ
250kJ
Protein
0g
0g
Total Fat
0g
0g
Saturated Fat
0g
0g
Carbohydrate
7.2g
14.4g
Sugars
7.2g
14.4g
Sodium
5mg
10mg
* Percentage Daily Intakes are based on an average adult diet of 8700 kJ. Your daily intakes may be higher or lower depending on your energy needs.",,https://www.coles.com.au/product/golden-circle-cordial-golden-pash-cordial-2l-2746649,,,2024-06-16T10:16:48.820562-04:00
Ind54SColes_ADrinks_SACordials_IRibena Blackcurrant Juice Syrup | 1L,Ribena Blackcurrant Juice Syrup | 1L,Ribena,Drinks,Cordials,All cordials,,$7.40,,,$7.40 per 1L,164336,"Ribena Fruit Juice Syrup Blackcurrant is made with New Zealand blackcurrants. Has a rich source of Vitamin C and contains no artificial colour, artificial flavour or artificial sweetener.",,,,"Sucrose, Water, Blackcurrant Juice 23.8% (from Concentrate), , Food Acid (330), Vitamin C (Ascorbic Acid), Sweeteners (955, 950), Preservatives (202, 223), Flavouring, Natural Colour (163).",https://www.coles.com.au/product/ribena-blackcurrant-juice-syrup-1l-164336,,,2024-06-16T10:16:57.531050-04:00
Ind54SColes_ADrinks_SACordials_ICottees Lime Cordial Coola Green Bottle | 1L,Cottees Lime Cordial Coola Green Bottle | 1L,Cottees,Drinks,Cordials,All cordials,,$5.90,Pick any 2 for $9.40,,$5.90 per 1L,7766767,"Cottee's Cordial Coola Lime Flavour is perfect for those hot summer days or for entertaining guests at your next BBQ. The Coola lime flavour is deliciously refreshing, making it a great option for anyone looking to switch up their usual drink options.

Cottee's Cordial Coola Lime Flavour is also a great choice for anyone who wants to customise their flavour. This beverage can be added to match your flavour profile for a customised personalised beverage.

Packed in an attractively designed bottle, it is a great addition to any refrigerator. The bottle is easy to grip and pour, and its transparent design allows you to see the level of the liquid remaining. This makes it convenient to track your consumption and ensure that you always have enough for your needs.

Overall, Cottee's Cordial Coola Lime Flavour is a great choice for anyone who is looking for a refreshing and delicious drink that is versatile, and affordable. With its classic taste and attractive packaging, this coola lime flavoured cordial is sure to become a favourite among your friends and family. Order yours today and experience the joy of Cottee's Cordial Coola Lime Flavour!
Deliciously tangy and refreshing lime flavour.

Made with natural sweetener for your enjoyment.

Perfect for hot summer days and entertaining guests.

1L bottle for sharing with friends and family.

High-quality, tasty drink that brings fun to any event.",,,"Per 100g/ml
Per Serving
%DI
Energy
86kJ
216kJ
2%
Protein
0g
0g
0%
Total Fat
0g
0g
0%
Saturated Fat
0g
0g
0%
Carbohydrate
5.0g
12.5g
4%
Sugars
5.0g
12.5g
14%
Sodium
11mg
28mg
1%
Dietary Fibre (total)
<1g
<1g
<1%
* Percentage Daily Intakes are based on an average adult diet of 8700 kJ. Your daily intakes may be higher or lower depending on your energy needs.",,https://www.coles.com.au/product/cottees-lime-cordial-coola-green-bottle-1l-7766767,,,2024-06-16T10:17:08.337342-04:00
Ind54SColes_ADrinks_SACordials_IGolden Circle Cordial Lemon Cordial | 2L,Golden Circle Cordial Lemon Cordial | 2L,Golden Circle,Drinks,Cordials,All cordials,,$5.50,Pick any 2 for $8.80,,$2.75 per 1L,2107515,"There's nothing more satisfying on a warm day than a cold drink, and Golden Circle Lemon Cordial does not disappoint. Made with no artificial colours or sweeteners, simply mix 1 part cordial with 4 parts water and add some ice to make an ultra-refreshing drink. Enjoy the flavour of lemon in our Golden Circle Lemon Cordial. Made with the great taste of real fruit juice, mix the perfect cup with 1 part cordial and 4 parts water. The entire 2L bottle makes 10L of cordial so there is more than enough to go around. Golden Circle, share the sunshine.
No artificial colours or sweeteners

With the great taste of real fruit juice

Mix the perfect cup - 1 part cordial, 4 parts water

Makes 10 litres

Perfect to enjoy on a hot day or for serving to your guests",,,"Per 100g/ml
Per Serving
%DI
Energy
125kJ
250kJ
Protein
0g
0g
Total Fat
0g
0g
Saturated Fat
0g
0g
Carbohydrate
7.1g
14.2g
Sugars
7.1g
14.2g
Sodium
17mg
35mg
* Percentage Daily Intakes are based on an average adult diet of 8700 kJ. Your daily intakes may be higher or lower depending on your energy needs.",,https://www.coles.com.au/product/golden-circle-cordial-lemon-cordial-2l-2107515,,,2024-06-16T10:17:19.152817-04:00
Ind54SColes_ADrinks_SACordials_IBickford's Bitter Lemon Cordial | 750mL,Bickford's Bitter Lemon Cordial | 750mL,Bickfords,Drinks,Cordials,All cordials,,$5.00,,,$6.67 per 1L,261627,"Bitter Lemon Cordial stays true to this tradition. With a uniquely sharp bitterness, refreshing aftertaste and the quality you expect from Bickford's. this is the perfect mixer.",,,"Per 100g/ml
Per Serving
%DI
Energy
160kJ
399kJ
Protein
<0g
<0g
Total Fat
0g
0g
Saturated Fat
0g
0g
Carbohydrate
9.4g
23.5g
Sugars
9.2g
23g
Sodium
1.1mg
2.8mg
Monounsaturated
0g
0g
Dietary Fibre (total)
0g
0g
Polyunsaturated
0g
0g
Trans
0g
0g
* Percentage Daily Intakes are based on an average adult diet of 8700 kJ. Your daily intakes may be higher or lower depending on your energy needs.",,https://www.coles.com.au/product/bickford's-bitter-lemon-cordial-750ml-261627,,,2024-06-16T10:17:30.096066-04:00
Ind54SColes_ADrinks_SACordials_ICottees Zero Sugar Cordial Raspberry | 1L,Cottees Zero Sugar Cordial Raspberry | 1L,Cottees,Drinks,Cordials,All cordials,,$5.90,Pick any 2 for $9.40,,$5.90 per 1L,4420100,"Cottee's Zero Sugar Cordial Raspberry Flavour 1L Bottle is the perfect addition to your refreshment collection. This cordial offers a delicious and refreshing taste that is sure to satisfy your thirst. The Raspberry flavour is a crowd favourite, and this bottle is designed to provide you with a convenient and easy way to enjoy it at home.
 
 The 1L bottle is perfect for families and gatherings, as it offers a large amount of cordial that can be used to make multiple drinks. Whether you prefer to mix it with water or soda Cottee's Zero Sugar Cordial Raspberry Flavour is versatile enough to be used in a variety of ways.
 
 Cottee's is a trusted Australian Brand, with a commitment to creating good-quality products that you can feel good about consuming. This zero sugar cordial is no exception.

 Cottee's Zero Sugar Cordial Raspberry Flavour 1L Bottle is a delicious and refreshing beverage that is perfect choice for you. With its great taste and convenient packaging, it is sure to become a staple in your home.",,,"Per 100g/ml
Per Serving
%DI
Energy
3kJ
8kJ
Protein
0g
0g
Total Fat
0g
0g
Saturated Fat
0g
0g
Carbohydrate
0g
0g
Sugars
0g
0g
Sodium
6mg
15mg
Dietary Fibre (total)
0g
0g
* Percentage Daily Intakes are based on an average adult diet of 8700 kJ. Your daily intakes may be higher or lower depending on your energy needs.",,https://www.coles.com.au/product/cottees-zero-sugar-cordial-raspberry-1l-4420100,,,2024-06-16T10:17:41.292466-04:00
Ind54SColes_ADrinks_SACordials_IBuderim Ginger Ginger Refresher Cordial | 750mL,Buderim Ginger Ginger Refresher Cordial | 750mL,Buderim Ginger,Drinks,Cordials,All cordials,,$4.00,,$4.50,$5.33 per 1L,8586385,Ginger Refresher Cordial gets fresh with your taste buds and puts the zing in everything.,,,"Per 100g/ml
Per Serving
%DI
Energy
172kJ
429kJ
Protein
0g
0g
Total Fat
0g
0g
Saturated Fat
0g
0g
Carbohydrate
10g
24.9g
Sugars
10g
24.9g
Sodium
8.6mg
21.5mg
Gluten
0mg
0mg
* Percentage Daily Intakes are based on an average adult diet of 8700 kJ. Your daily intakes may be higher or lower depending on your energy needs.",,https://www.coles.com.au/product/buderim-ginger-ginger-refresher-cordial-750ml-8586385,,,2024-06-16T10:17:53.010450-04:00
Ind54SColes_ADrinks_SACordials_IBickfords Cordial Mango & Coconut Punch | 750mL,Bickfords Cordial Mango & Coconut Punch | 750mL,Bickfords,Drinks,Cordials,All cordials,,$5.00,,,$6.67 per 1L,7506620,,,,,,https://www.coles.com.au/product/bickfords-cordial-mango-and-coconut-punch-750ml-7506620,,,2024-06-16T10:18:01.763678-04:00
Ind54SColes_ADrinks_SACordials_IPassiona Zero Sugar Passionfruit Soda Syrup Cordial for Soda Water 300mL | 300mL,Passiona Zero Sugar Passionfruit Soda Syrup Cordial for Soda Water 300mL | 300mL,Passiona,Drinks,Cordials,All cordials,,$3.60,,$4.50,$12.00 per 1L,6415600,"Mix 1 part syrup with 10 parts carbonated water
Full Flavour

Zero Sugar",,,"Per 100g/ml
Per Serving
%DI
Energy
4kJ
10kJ
Protein
0%
0g
Total Fat
0g
0g
Saturated Fat
0g
0g
Carbohydrate
0g
0g
Sugars
0g
0g
Sodium
7mg
18mg
Dietary Fibre (total)
0g
0g
* Percentage Daily Intakes are based on an average adult diet of 8700 kJ. Your daily intakes may be higher or lower depending on your energy needs.","Water, Food Acids (330, 331), Flavours, Sweeteners (950, 952, 955), Preservative (211), Colours (102, 110).",https://www.coles.com.au/product/passiona-zero-sugar-passionfruit-soda-syrup-cordial-for-soda-water-300ml-300ml-6415600,,,2024-06-16T10:18:12.910490-04:00
Ind54SColes_ADrinks_SACordials_ISodastream Zeros Lemonade Water | 440mL,Sodastream Zeros Lemonade Water | 440mL,Sodastream,Drinks,Cordials,All cordials,,$6.00,,,$13.64 per 1L,3533600,"Zeros Lemonade for SodaStream
Naturally sweetened and coloured without the excess sugar.
Each flavour bottle makes about 9L
440ml
Naturally sweetened and coloured without the excess sugar.

Simply add to carbonated water for a refreshing drink

440ml - Makes up to 9 Litres",,,"Per 100g/ml
Per Serving
%DI
Energy
3.0kj
7.6kj
Protein
0g
0g
0%
Total Fat
0g
0g
0%
Saturated Fat
0g
0g
0%
Carbohydrate
0g
0g
0%
Sugars
0g
0g
0%
Sodium
8.8mg
22.0mg
Monounsaturated
0g
0g
0%
Energy (Cal)
0.7kcal
1.8kcal
Polyunsaturated
0g
0g
0%
Trans
0g
0g
0%
* Percentage Daily Intakes are based on an average adult diet of 8700 kJ. Your daily intakes may be higher or lower depending on your energy needs.","Water, Acid (citric acid), Naturals Flavours, Acidity Regulator (tri sodium citrate), Natural Flavours, Sweeteners (sucralose, steviol glycosides), Preservative (potassium sorbate), Vitamins (B3, E, B6, D3).",https://www.coles.com.au/product/sodastream-zeros-lemonade-water-440ml-3533600,,,2024-06-16T10:18:23.825588-04:00
Ind54SColes_ADrinks_SA_ICottees No Sugar Added Lemon Cordial Lemon Crush Bottle | 1L,Cottees No Sugar Added Lemon Cordial Lemon Crush Bottle | 1L,Cottees,Drinks,,,,$5.90,Pick any 2 for $9.40,,$5.90 per 1L,7767919,"Looking for a refreshing drink that is perfect for any occasion? Look no further than Cottee's Zero Sugar Cordial Lemon Crush Flavour.

Whether you are enjoying a day at the beach with family and friends, or simply relaxing at home, this zero sugar cordial is the perfect addition to any occasion. And because it's a cordial, a little goes a long way, so you can stretch your budget while still enjoying the taste you love.

Cottee's is a trusted Australian Brand, with a commitment to creating good-quality products that you can feel good about consuming. This zero sugar cordial is no exception.
Cottee's Zero Sugar Lemon Crush Cordial is perfect for any occasion

Made with highest-quality ingredients, it's delicious and refreshing

Simple mix of one part cordial to seven parts water

The perfect base for any number of delicious drinks

Easy-to-use concentrate for customizable taste.",,,"Per 100g/ml
Per Serving
%DI
Energy
4kJ
10kJ
0.10%
Protein
0g
0g
0%
Total Fat
0g
0g
0%
Saturated Fat
0g
0g
0%
Carbohydrate
0g
0g
0%
Sugars
0g
0g
0%
Sodium
6mg
15mg
0.70%
Dietary Fibre (total)
0g
0g
0%
* Percentage Daily Intakes are based on an average adult diet of 8700 kJ. Your daily intakes may be higher or lower depending on your energy needs.",,https://www.coles.com.au/product/cottees-no-sugar-added-lemon-cordial-lemon-crush-bottle-1l-7767919,,,2024-06-16T10:18:35.239293-04:00
Ind54SColes_ADrinks_SACordials_ISodastream Classic Ginger Beer Syrup | 440mL,Sodastream Classic Ginger Beer Syrup | 440mL,Sodastream,Drinks,Cordials,All cordials,,$5.00,,,$11.36 per 1L,3533858,"SodaStream Classics Ginger Beer 440ml
440ml - Makes up to 9 Litres

Simply add to carbonated water for a refreshing drink

Contains no high-fructose corn syrup or aspartame

Naturally flavoured",,,"Per 100g/ml
Per Serving
%DI
Energy
92.1kj
230.2kj
Protein
0
0
Total Fat
0
0
Saturated Fat
0
0
Carbohydrate
5.3g
13.2g
Sugars
5.3g
13.1g
Sodium
.2mg
.5mg
Monounsaturated
0
0
Polyunsaturated
0
0
Trans
0
0
* Percentage Daily Intakes are based on an average adult diet of 8700 kJ. Your daily intakes may be higher or lower depending on your energy needs.",,https://www.coles.com.au/product/sodastream-classic-ginger-beer-syrup-440ml-3533858,,,2024-06-16T10:18:46.305564-04:00
Ind54SColes_ADrinks_SACordials_ISodastream Lipton Ice Tea Peach Soda Mix | 440mL,Sodastream Lipton Ice Tea Peach Soda Mix | 440mL,Sodastream,Drinks,Cordials,All cordials,,$7.00,,,$15.91 per 1L,7162260,"Lipton Ice Tea Peach for SodaStream
Turn Sparkling Water into Tasty Sunshine
Each flavour bottle makes about 9L
440mL
Turn Sparkling Water into Tasty Sunshine

Simply add to carbonated water for a refreshing drink

440ml - Makes up to 9 Litres",,,"Per 100g/ml
Per Serving
%DI
Energy
53
133
1.5
Protein
0
0
0
Total Fat
0
0
0
Saturated Fat
0
0
0
Carbohydrate
3
7.5
2.4
Sugars
2.9
7.3
8.1
Sodium
8
20
1
Monounsaturated
0
0
0
Energy (Cal)
13
32
1.5
Dietary Fibre (total)
0
0
0
Polyunsaturated
0
0
0
Trans
0
0
0
* Percentage Daily Intakes are based on an average adult diet of 8700 kJ. Your daily intakes may be higher or lower depending on your energy needs.","Sugar, Water, Black Tea Extract (1.9%), Food Acids (296, 330, 331), Antioxidant (300), Sweetener (960), Flavour, Preservative (202), Antifoaming Agent (900)",https://www.coles.com.au/product/sodastream-lipton-ice-tea-peach-soda-mix-440ml-7162260,,,2024-06-16T10:18:57.722159-04:00
Ind54SColes_ADrinks_SACordials_ISodastream Pepsi Max Vanilla Soda Mix | 440mL,Sodastream Pepsi Max Vanilla Soda Mix | 440mL,Sodastream,Drinks,Cordials,All cordials,,$5.60,,$7.00,$12.73 per 1L,7162000,"Pepsi Max Vanilla for SodaStream
Great Taste. Just Add Bubbles
Each flavour bottle makes about 9L
440mL
With Max Taste, No Sugar - Pepsi Max Vanilla is a low-calorie and sugar-free version of Pepsi.

Simply add to carbonated water for a refreshing drink

440ml - Makes up to 9 Litres",,,"Per 100g/ml
Per Serving
%DI
Energy
2.3
5.7
.07
Protein
.01
0.03
.06
Total Fat
0
0
0
Saturated Fat
0
0
0
Carbohydrate
.07
0.2
.1
Sugars
0
0
0
Sodium
6
15
1
Energy (Cal)
.5
1.4
.07
Dietary Fibre (total)
0
0
0
Trans
0
0
0
* Percentage Daily Intakes are based on an average adult diet of 8700 kJ. Your daily intakes may be higher or lower depending on your energy needs.",,https://www.coles.com.au/product/sodastream-pepsi-max-vanilla-soda-mix-440ml-7162000,,,2024-06-16T10:19:08.611961-04:00
Ind54SColes_ADrinks_SACordials_IBickford's Cordial Tropical | 750mL,Bickford's Cordial Tropical | 750mL,Bickfords,Drinks,Cordials,All cordials,,$5.00,,,$6.67 per 1L,2108096,Our Cloudy Apple Juice Cordial delivers a refreshing balance of crisp clean flavours with delicious sweetness. A pure and unsurpassable taste true to the Bickford's heritage of quality and craft.,,,"Per 100g/ml
Per Serving
%DI
Energy
178kJ
445kJ
Protein
0g
0g
Total Fat
0g
0g
Saturated Fat
0g
0g
Carbohydrate
10.5g
26.3g
Sugars
10.4g
26g
Sodium
7mg
18mg
* Percentage Daily Intakes are based on an average adult diet of 8700 kJ. Your daily intakes may be higher or lower depending on your energy needs.",,https://www.coles.com.au/product/bickford's-cordial-tropical-750ml-2108096,,,2024-06-16T10:19:19.427502-04:00
Ind54SColes_ADrinks_SACordials_IDiet Rite Strawberry Guava Cordial | 1L,Diet Rite Strawberry Guava Cordial | 1L,Diet Rite,Drinks,Cordials,All cordials,,$3.50,,,$3.50 per 1L,3050118,"Cordial an Australian institution, but due to our changing lifestyle, many of us are looking for better-for-you cordial alternatives. That's where Diet Rite comes in. Diet Rite is Australia's only 'low-joule' cordial brand. It is made from 50% fruit juice and contains no added sugar, no artificial colours or flavours and has the added goodness of Vitamin C. So drink rite with Diet Rite!",,,"Per 100g/ml
Per Serving
%DI
Energy
10kJ
25kJ
0.30%
Protein
<1g
<1g
1%
Total Fat
<1g
<1g
1%
Saturated Fat
0g
0g
0%
Carbohydrate
0.6g
1.5g
0.50%
Sugars
0.5g
1.3g
1.40%
Sodium
4mg
10mg
0.40%
Vitamin C
2mg
5mg
0%
Dietary Fibre (total)
<1g
<1g
1%
* Percentage Daily Intakes are based on an average adult diet of 8700 kJ. Your daily intakes may be higher or lower depending on your energy needs.",,https://www.coles.com.au/product/diet-rite-strawberry-guava-cordial-1l-3050118,,,2024-06-16T10:19:30.301963-04:00
Ind54SColes_ADrinks_SACordials_ISodastream Classics Cream Soda Flavoured Sparkling Drink Mix | 440mL,Sodastream Classics Cream Soda Flavoured Sparkling Drink Mix | 440mL,Sodastream,Drinks,Cordials,All cordials,,$5.00,,,$11.36 per 1L,3412864,"Classics Cream Soda for SodaStream
Each flavour bottle makes about 9L
440mL
Simply add to carbonated water for a refreshing drink

440ml - Makes up to 9 Litres",,,"Per 100g/ml
Per Serving
%DI
Energy
87.4kcal
218.4kj
Protein
0g
0g
0
Total Fat
0g
0g
0
Saturated Fat
0g
0g
0
Carbohydrate
5.2g
12.9g
Sugars
5.2g
12.9g
Sodium
13.4mg
33.4mg
Monounsaturated
0g
0g
0
Energy (Cal)
15.6kcal
39kcal
0
Polyunsaturated
0g
0g
0
Trans
0g
0g
0
* Percentage Daily Intakes are based on an average adult diet of 8700 kJ. Your daily intakes may be higher or lower depending on your energy needs.",,https://www.coles.com.au/product/sodastream-classics-cream-soda-flavoured-sparkling-drink-mix-440ml-3412864,,,2024-06-16T10:19:41.230304-04:00
Ind54SColes_ADrinks_SACordials_IGolden Circle Cordial Apple & Raspberry Cordial | 2L,Golden Circle Cordial Apple & Raspberry Cordial | 2L,Golden Circle,Drinks,Cordials,All cordials,,$5.50,Pick any 2 for $8.80,,$2.75 per 1L,6010674,"Mix the perfect cup of Golden Circle Apple Raspberry Cordial with 1 part cordial and 4 parts water. The entire bottle makes 10 litres with the great taste of fruit juice so there is plenty to go around at picnics and events. With the great taste of fruit juice, Golden Circle Apple Raspberry Cordial is sure to be a hit at parties and get-togethers. Made with no artificial colours or sweeteners, this apple raspberry drink tastes great when mixed with water, or added to a fruit punch with fresh fruit. Golden Circle, Share the Sunshine.
With the great taste of fruit juice

No artificial colours or sweeteners

New 100% recyclable bottle

Mix 1 part cordial with 4 parts water

Makes 10 litres",,,"Per 100g/ml
Per Serving
%DI
Energy
130kJ
260kJ
Protein
0g
0g
Total Fat
0g
0g
Saturated Fat
0g
0g
Carbohydrate
7.5g
15.0g
Sugars
7.4g
14.8g
Sodium
6mg
12mg
* Percentage Daily Intakes are based on an average adult diet of 8700 kJ. Your daily intakes may be higher or lower depending on your energy needs.",,https://www.coles.com.au/product/golden-circle-cordial-apple-and-raspberry-cordial-2l-6010674,,,2024-06-16T10:19:52.231079-04:00
Ind54SColes_ADrinks_SACordials_ISodastream Carbonating Bottle Dishwasher Safe | 2 pack,Sodastream Carbonating Bottle Dishwasher Safe | 2 pack,Sodastream,Drinks,Cordials,All cordials,,$19.95,,,$9.98 per 1ea,6476660,"SodaStream Dishwasher Safe Carbonating Bottles Twin Pack - White
1 Litre Capacity with White cap and base

Dishwasher Safe up to 70 Degrees

Features a hermetic sealing lid to keep your sparkling drinks fizzy for longer

Each bottle has a lifespan of 3 years and is BPA-free

Not Compatabile with Jet and Crystal Sparkling Water Makers",,,,,https://www.coles.com.au/product/sodastream-carbonating-bottle-dishwasher-safe-2-pack-6476660,,,2024-06-16T10:20:01.049844-04:00
Ind54SColes_ADrinks_SACordials_IGolden Circle Cordial Mandarin | 2L,Golden Circle Cordial Mandarin | 2L,Golden Circle,Drinks,Cordials,All cordials,,,,,,7705536,,,,"Per 100g/ml
Per Serving
%DI
Energy
130 kJ
260 kJ
Protein
0 g
0 g
Total Fat
0 g
0 g
Saturated Fat
0 g
0 g
Carbohydrate
7.2 g
14.4 g
Sugars
7.2 g
14.4 g
Sodium
5 mg
10 mg
* Percentage Daily Intakes are based on an average adult diet of 8700 kJ. Your daily intakes may be higher or lower depending on your energy needs.","Water, Sugar, Reconstituted Mandarin Juice (23%), Food Acid (Citric Acid), Natural Flavour, Natural Colour (Carotene), Preservatives (Sodium Metabisulphite (Sulphites), Sodium Benzoate), Stabiliser (466). Contains: Sulphites.",https://www.coles.com.au/product/golden-circle-cordial-mandarin-2l-7705536,,,2024-06-16T10:20:12.392028-04:00
Ind54SColes_ADrinks_SACordials_ISoda Stream Quick Connect Pink Gas Cylinder | 1 each,Soda Stream Quick Connect Pink Gas Cylinder | 1 each,Soda Stream,Drinks,Cordials,All cordials,,$36.00,,,$36.00 per 1ea,6481794,"Makes up to 60 Litres of Sparkling Water
Suitable with new 2023 Sparkling Water makers
Gaia, Terra, E-Terra, Art and Duo
SodaStream's cylinders are triple quality and safety checked and refilled locally in Melbourne, Australia.
Purchase a Spare or Exchange in store and save",,,,Food Grade Co2,https://www.coles.com.au/product/soda-stream-quick-connect-pink-gas-cylinder-1-each-6481794,,,2024-06-16T10:20:21.475963-04:00
Ind54SColes_ADrinks_SACordials_IGolden Circle Cordial Pineapple Mango & Passionfruit Cordial | 2L,Golden Circle Cordial Pineapple Mango & Passionfruit Cordial | 2L,Golden Circle,Drinks,Cordials,All cordials,,$5.50,Pick any 2 for $8.80,,$2.75 per 1L,6010685,"Golden Circle Pine Mango Passion Cordial is made with no artificial colours, flavours or sweeteners. Mix the perfect cup with 1 part cordial and 4 parts water, or for something a bit special, why not try mixing it with sparkling water or lemonade. Combining pineapple, mango and passionfruit with other ingredients, Golden Circle Pine Mango Passion Cordial is a drink that the whole family will enjoy. With the great taste of fruit juice, this drink is excellent in fruit punches, ice blocks or simply mixed into a cold glass of water. Golden Circle, Share the Sunshine.
No artificial colours, flavours or sweeteners

With the great taste of fruit juice

Mix the perfect cup - 1 part cordial, 4 parts water

Makes 10 litres

100% recyclable bottle",,,"Per 100g/ml
Per Serving
%DI
Energy
125kJ
250kJ
Protein
0g
0g
Total Fat
0g
0g
Saturated Fat
0g
0g
Carbohydrate
6.9g
13.8g
Sugars
6.8g
13.6g
Sodium
5mg
10mg
* Percentage Daily Intakes are based on an average adult diet of 8700 kJ. Your daily intakes may be higher or lower depending on your energy needs.",,https://www.coles.com.au/product/golden-circle-cordial-pineapple-mango-and-passionfruit-cordial-2l-6010685,,,2024-06-16T10:20:32.940138-04:00
Ind54SColes_ADrinks_SACordials_ISchweppes Zero Sugar Lemon Lime Bitters Soda Syrup Sugar Free Cordial | 300mL,Schweppes Zero Sugar Lemon Lime Bitters Soda Syrup Sugar Free Cordial | 300mL,Schweppes,Drinks,Cordials,All cordials,,$3.60,,$4.50,$12.00 per 1L,6411595,"Feeling crafty? Mix your own Schweppes Lemon Lime & Bitters Zero Sugar at home. Mix 1 part syrup with 10 parts carbonated water enjoy refreshing taste of Schweppes whenever you fancy.
Full Flavour, Zero Sugar

No artificial colours or flavours.",,,"Per 100g/ml
Per Serving
%DI
Energy
11kJ
28kJ
Protein
0g
0g
Total Fat
0g
0g
Saturated Fat
0g
0g
Carbohydrate
0g
0g
Sugars
0g
0g
Sodium
22mg
55mg
Dietary Fibre (total)
0g
0g
* Percentage Daily Intakes are based on an average adult diet of 8700 kJ. Your daily intakes may be higher or lower depending on your energy needs.",,https://www.coles.com.au/product/schweppes-zero-sugar-lemon-lime-bitters-soda-syrup-sugar-free-cordial-300ml-6411595,,,2024-06-16T10:20:43.802854-04:00
Ind54SColes_ADrinks_SACordials_IBelvoir Elderflower Cordial | 500mL,Belvoir Elderflower Cordial | 500mL,Belvoir,Drinks,Cordials,All cordials,,$6.30,,,$12.60 per 1L,3530317,"Belvoirs world famous Elderflower Cordial, made with masses of freshly picked elderflowers, lemon juice and spring water. Made to the same family recipe from back in 1984, from an infusion of freshly picked elderflowers and lots of fresh lemon juice, this has a delicate taste and makes a wonderfully refreshing drink when mixed with still or sparkling mineral water.

Belvoir Elderflower Cordial makes sensational spritzers with white wine and sparkling water, or add a dash to enliven a gin and tonic
No Artificial Flavours, Sweeteners or Preservatives

Made using Freshly Picked Elderflowers",,,"Per 100g/ml
Per Serving
%DI
Energy
73kJ
183kJ
Protein
0g
0g
0.0%
Total Fat
0g
0g
0.0%
Saturated Fat
0g
0g
0.0%
Carbohydrate
4.3g
10.75g
0.0%
Sugars
4.2g
10.5g
0.0%
Vitamin B2
0
0
0
Vitamin B3
0
0
0
Calcium
0
0
0
Iron
0
0
0
Vitamin A
0
0
0
PABA
0
0
00
Vitamin B
0
0
0
Vitamin C
0
0
0
Dietary Fibre (total)
0g
0g
0.0%
Magnesium
0
0
0
Selenium
0
0
0
Copper
0
0
0
Trans
0g
0g
0.0%
Caffeine
0
0
0
Iodine
0
0
0
Folic Acid
0
0
0
Inositol
0
0
0
Biotin
0
0
0
Molybdenum
0
0
0
Zinc
0
0
0
Sodium
0
0
0
Choline
0
0
0
Chromium
0
0
0
Polyunsaturated
0g
0g
0.0%
Potassium
0
0
0
Manganese
0
0
0
* Percentage Daily Intakes are based on an average adult diet of 8700 kJ. Your daily intakes may be higher or lower depending on your energy needs.",,https://www.coles.com.au/product/belvoir-elderflower-cordial-500ml-3530317,,,2024-06-16T10:20:54.910368-04:00
Ind54SColes_ADrinks_SACordials_IBickford's Lemon Barley Cordial | 750mL,Bickford's Lemon Barley Cordial | 750mL,Bickfords,Drinks,Cordials,All cordials,,$5.00,,,$6.67 per 1L,5291308,"Bickford's Lemon Barley Cordial brings together the fresh taste of ripe lemons with the rich, smooth flavour of cooked barley. Dilute with soda or plain water for a real thirst quenching taste, or use as a mixer with premium spirits.",,,"Per 100g/ml
Per Serving
%DI
Energy
173kJ
433kJ
Protein
<0g
<0g
Total Fat
0g
0g
Saturated Fat
0g
0g
Carbohydrate
10.1g
25.3g
Sugars
10.1g
25.3g
Sodium
2.4mg
6mg
Monounsaturated
0g
0g
Dietary Fibre (total)
0g
0g
Polyunsaturated
0g
0g
Trans
0g
0g
* Percentage Daily Intakes are based on an average adult diet of 8700 kJ. Your daily intakes may be higher or lower depending on your energy needs.",,https://www.coles.com.au/product/bickford's-lemon-barley-cordial-750ml-5291308,,,2024-06-16T10:21:06.069516-04:00
Ind54SColes_ADrinks_SA_IBickford's Ginger Beer Cordial | 750mL,Bickford's Ginger Beer Cordial | 750mL,Bickfords,Drinks,,,,$5.00,,,$6.67 per 1L,6875370,"The sharp yet subtle flavour of real ginger with a tangy freshness, light spiciness and refreshing sweetness gives Bickford's Cordial Ginger Beer a vibrant taste. Dilute with soda or water for a real thirst quenching taste.",,,"Per 100g/ml
Per Serving
%DI
Energy
205kJ
513kJ
Protein
<0g
<0g
Total Fat
0g
0g
Saturated Fat
0g
0g
Carbohydrate
11.9g
29.7g
Sugars
11.8g
29.6g
Sodium
1.6mg
4.1mg
Monounsaturated
0g
0g
Dietary Fibre (total)
0g
0g
Polyunsaturated
0g
0g
Trans
0g
0g
* Percentage Daily Intakes are based on an average adult diet of 8700 kJ. Your daily intakes may be higher or lower depending on your energy needs.",,https://www.coles.com.au/product/bickford's-ginger-beer-cordial-750ml-6875370,,,2024-06-16T10:21:17.898363-04:00
Ind54SColes_ADrinks_SA_IDiet Rite Lemon Cordial | 1L,Diet Rite Lemon Cordial | 1L,Diet Rite,Drinks,,,,$3.50,,,$3.50 per 1L,3050093,"Cordial an Australian institution, but due to our changing lifestyle, many of us are looking for better-for-you cordial alternatives. That's where Diet Rite comes in. Diet Rite is Australia's only 'low-joule' cordial brand. It is made from 50% fruit juice and contains no added sugar, no artificial colours or flavours and has the added goodness of Vitamin C. So drink rite with Diet Rite!",,,"Per 100g/ml
Per Serving
%DI
Energy
10kJ
25kJ
0.30%
Protein
<1g
<1g
1%
Total Fat
<1g
<1g
1%
Saturated Fat
<1g
<1g
1%
Carbohydrate
0.4g
0.9g
0.30%
Sugars
0.1g
0.3g
0.30%
Sodium
4mg
10mg
0.40%
Vitamin C
2mg
5mg
10%
Dietary Fibre (total)
<1g
<1g
1%
* Percentage Daily Intakes are based on an average adult diet of 8700 kJ. Your daily intakes may be higher or lower depending on your energy needs.",,https://www.coles.com.au/product/diet-rite-lemon-cordial-1l-3050093,,,2024-06-16T10:21:29.659671-04:00
Ind54SColes_ADrinks_SACordials_ICottees No Sugar Added Cordial Orange Cordial Orange Crush Bottle | 1L,Cottees No Sugar Added Cordial Orange Cordial Orange Crush Bottle | 1L,Cottees,Drinks,Cordials,All cordials,,$5.90,Pick any 2 for $9.40,,$5.90 per 1L,7767952,"Cottee's Zero Sugar Cordial Orange Crush Flavour 1L Bottle is the perfect addition to your refreshment collection. This cordial offers a delicious and refreshing taste that is sure to satisfy your thirst. The Orange Crush flavour is a crowd favourite, and this bottle is designed to provide you with a convenient and easy way to enjoy it at home.

The 1L bottle is perfect for families and gatherings, as it offers a large amount of cordial that can be used to make multiple drinks. Whether you prefer to mix it with water or soda Cottee's Zero Sugar Cordial Orange Crush Flavour is versatile enough to be used in a variety of ways.

Cottee's is a trusted Australian Brand, with a commitment to creating good-quality products that you can feel good about consuming. This zero sugar cordial is no exception.

Cottee's Zero Sugar Cordial Orange Crush Flavour 1L Bottle is a delicious and refreshing beverage that is perfect choice for you. With its great taste and convenient packaging, it is sure to become a staple in your home.
Indulge in a deliciously tangy and refreshing taste that is sure to satisfy your thirst

Made from the finest ingredients, enjoy a full flavour experience.

Easy to prepare- just mix with water for a perfect balance.

Perfect for lazy afternoons or get-togethers with friends.

Perfect for cocktails, mocktails, and sodas",,,"Per 100g/ml
Per Serving
%DI
Energy
4kJ
10kJ
0.10%
Protein
0g
0g
0%
Total Fat
0g
0g
0%
Saturated Fat
0g
0g
0%
Carbohydrate
0g
0g
0%
Sugars
0g
0g
0%
Sodium
8mg
20mg
0.90%
Dietary Fibre (total)
0g
0g
0%
* Percentage Daily Intakes are based on an average adult diet of 8700 kJ. Your daily intakes may be higher or lower depending on your energy needs.",,https://www.coles.com.au/product/cottees-no-sugar-added-cordial-orange-cordial-orange-crush-bottle-1l-7767952,,,2024-06-16T10:21:40.609397-04:00
Ind54SColes_ADrinks_SACordials_ICottees Apple & Raspberry Cordial with 40% Fruit Juice Bottle | 1L,Cottees Apple & Raspberry Cordial with 40% Fruit Juice Bottle | 1L,Cottees,Drinks,Cordials,All cordials,,$5.90,Pick any 2 for $9.40,,$5.90 per 1L,7766723,"Welcome to Cottee's Zero Sugar Cordial Raspberry Flavour 1L, the perfect addition to your daily dose of refreshment! Cottee's is committed to bringing you the good quality cordial, with zero sugar. This irresistibly Raspberry Flavoured Cordial, with its flavour and vibrant colour, will leave you feeling refreshed and energized throughout the day.

Our zero sugar cordial is the perfect choice for those who are looking for a refreshing alternative to traditional sugary beverages. So, whether you are enjoying a refreshing glass of cordial on a hot summer day or serving up a pitcher at your next gathering, you can rest assured that you are making a great choice.

If you are looking for a refreshing beverage, Cottee's Zero Sugar Cordial Raspberry Flavour 1L is the perfect choice for you. Try it out today and treat yourself to a refreshing and refreshing thirst-quencher!
40% fruit juice content for a delicious and natural taste

Versatile and can be added to a variety of drinks

Perfect balance of sweet and tart flavors

Large 1L bottle for sharing with friends and family

Ideal for any occasion, from family gatherings to hot summer days",,,"Per 100g/ml
Per Serving
%DI
Energy
89kJ
223kJ
3%
Protein
0g
0g
0%
Total Fat
0g
0g
0%
Saturated Fat
0g
0g
0%
Carbohydrate
5.0g
12.5g
4%
Sugars
5.0g
12.5g
14%
Sodium
11mg
28mg
1%
Dietary Fibre (total)
<1g
<1g
<1%
* Percentage Daily Intakes are based on an average adult diet of 8700 kJ. Your daily intakes may be higher or lower depending on your energy needs.",,https://www.coles.com.au/product/cottees-apple-and-raspberry-cordial-with-40percent-fruit-juice-bottle-1l-7766723,,,2024-06-16T10:21:52.657682-04:00
Ind54SColes_ADrinks_SACordials_ICottees No Sugar Added Cordial Fruit Cup Cordial Bottle | 1L,Cottees No Sugar Added Cordial Fruit Cup Cordial Bottle | 1L,Cottees,Drinks,Cordials,All cordials,,$5.90,Pick any 2 for $9.40,,$5.90 per 1L,1510910,"Looking for a refreshing drink that is perfect for any occasion? Look no further than Cottee's Zero Sugar Cordial Fruit Cup Flavour.

Whether you are enjoying a day at the beach with family and friends, or simply relaxing at home, this zero sugar cordial is the perfect addition to any occasion. And because it's a cordial, a little goes a long way, so you can stretch your budget while still enjoying the taste you love.

Cottee's is a trusted Australian Brand, with a commitment to creating good-quality products that you can feel good about consuming. This zero sugar cordial is no exception.
Cottee's Zero Sugar Lemon Crush Cordial satisfies sweet cravings

Ideal drink for those who want to reduce their sugar intake without sacrificing taste

Easy to make- just mix with water and garnish with lemon

Perfect alternative to sugar-loaded drinks on supermarket shelves

Perfect for sharing with family and friends at gatherings",,,"Per 100g/ml
Per Serving
%DI
Energy
3kJ
8kJ
0.10%
Protein
0g
0g
0%
Total Fat
0g
0g
0%
Saturated Fat
0g
0g
0%
Carbohydrate
0g
0g
0%
Sugars
0g
0g
0%
Sodium
7mg
18mg
0.80%
Dietary Fibre (total)
0g
0g
0%
* Percentage Daily Intakes are based on an average adult diet of 8700 kJ. Your daily intakes may be higher or lower depending on your energy needs.","Water, Food Acid (Citric Acid), Natural Flavours, Sweeteners (Cyclamate, Acesulphame Potassium, Sucralose), Natural Colours (Lutein, Carmines), Preservatives (Sodium Benzoate, Sodium Metabisulphite (Sulphites)). CONTAINS SULPHITES.",https://www.coles.com.au/product/cottees-no-sugar-added-cordial-fruit-cup-cordial-bottle-1l-1510910,,,2024-06-16T10:22:04.580124-04:00
Ind54SColes_ADrinks_SACordials_ICottees Raspberry Cordial Bottle | 1L,Cottees Raspberry Cordial Bottle | 1L,Cottees,Drinks,Cordials,All cordials,,$5.90,Pick any 2 for $9.40,,$5.90 per 1L,7767963,"Looking for a refreshing and delicious drink to quench your thirst? Look no further than Cottee's Cordial Raspberry Flavour 1L Bottle!

Cottee's Cordial Raspberry Flavour is perfect for any occasion, whether you are hosting a party, enjoying a family gathering, or just relaxing at home. Its deliciously sweet and tangy flavour will leave you wanting more. It is also easy to prepare, simply add a small amount of cordial to water and enjoy!

Cottee's Cordial Raspberry Flavour is a versatile drink that can be enjoyed in many ways. Mix it with soda water or lemonade for a bubbly treat. Its bold and vibrant colour also makes it a great addition to desserts such as cakes, sorbets, and smoothies.

With its great taste, Cottee's Cordial Raspberry Flavour is a must-have for anyone looking for a delicious and refreshing drink. So why wait? Treat yourself and your family to the goodness of Cottee's Cordial Raspberry Flavour 1L Bottle today!
Refreshing and delicious taste of fresh raspberries

Perfect addition to any beverage collection

Convenient 1L bottle for large gatherings, picnics, or home use

Versatile drink that can be enjoyed in many ways

Great addition to deserts",,,"Per 100g/ml
Per Serving
%DI
Energy
86kJ
215kJ
3%
Protein
0g
0g
0%
Total Fat
0g
0g
0%
Saturated Fat
0g
0g
0%
Carbohydrate
5.0g
12.5g
4%
Sugars
5.0g
12.5g
14%
Sodium
11mg
28mg
1%
Dietary Fibre (total)
<1g
<1g
<1%
* Percentage Daily Intakes are based on an average adult diet of 8700 kJ. Your daily intakes may be higher or lower depending on your energy needs.",,https://www.coles.com.au/product/cottees-raspberry-cordial-bottle-1l-7767963,,,2024-06-16T10:22:15.636877-04:00
Ind54SColes_ADrinks_SACordials_IDiet Rite Cordial Lemon Lime Orange | 1L,Diet Rite Cordial Lemon Lime Orange | 1L,Diet Rite,Drinks,Cordials,All cordials,,$3.50,,,$3.50 per 1L,5625254,"Cordial an Australian institution, but due to our changing lifestyle, many of us are looking for better-for-you cordial alternatives. That's where Diet Rite comes in. Diet Rite is Australia's only 'low-joule' cordial brand. It is made from 50% fruit juice and contains no added sugar, no artificial colours or flavours and has the added goodness of Vitamin C. So drink rite with Diet Rite!",,,"Per 100g/ml
Per Serving
%DI
Energy
9kJ
21kJ
0.20%
Protein
<1g
<1g
<1%
Total Fat
<1g
<1g
<1%
Saturated Fat
<1g
<1g
<1%
Carbohydrate
0.5g
1.3g
0.40%
Sugars
0.5g
1.3g
1.40%
Sodium
2mg
5mg
0.20%
Vitamin C
2mg
5mg
Dietary Fibre (total)
<1g
<1g
<1%
* Percentage Daily Intakes are based on an average adult diet of 8700 kJ. Your daily intakes may be higher or lower depending on your energy needs.",,https://www.coles.com.au/product/diet-rite-cordial-lemon-lime-orange-1l-5625254,,,2024-06-16T10:22:27.645211-04:00
Ind54SColes_ADrinks_SA_IGolden Circle Cordial Lime Crush Cordial | 2L,Golden Circle Cordial Lime Crush Cordial | 2L,Golden Circle,Drinks,,,,$5.50,Pick any 2 for $8.80,,$2.75 per 1L,219256,"On a hot weekend, the whole family will love a glass of cool and refreshing Golden Circle Lime Flavoured Cordial. Mix the perfect cup with 1 part cordial and 4 parts water. If you're looking for a delicious, cool and refreshing drink, look no further than Golden Circle Lime Flavoured Cordial. Made with no artificial flavours or sweeteners, this lime-flavoured drink tastes great when mixed with cold water and ice. Golden Circle, Share the Sunshine.
No artificial flavours or sweeteners

Cool and refreshing

Mix the perfect cup - 1 part cordial, 4 parts water

Makes 10 litres

100% Recyclable Bottle",,,"Per 100g/ml
Per Serving
%DI
Energy
125KJ
245kJ
Protein
0g
0g
Total Fat
0g
0g
Saturated Fat
0g
0g
Carbohydrate
7.0g
14.0g
Sugars
7.0g
14.0g
Sodium
6mg
12mg
* Percentage Daily Intakes are based on an average adult diet of 8700 kJ. Your daily intakes may be higher or lower depending on your energy needs.",,https://www.coles.com.au/product/golden-circle-cordial-lime-crush-cordial-2l-219256,,,2024-06-16T10:22:39.967892-04:00
Ind54SColes_ADrinks_SACordials_IBickfords Cordial Orange Lemon Lime | 750mL,Bickfords Cordial Orange Lemon Lime | 750mL,Bickfords,Drinks,Cordials,All cordials,,$5.00,,,$6.67 per 1L,5570436,"Bursting with zesty citrus notes of freshly squeezed orange, lemon and lime. Pleasantly sweet with the right amount of tang delivering the ultimate refreshing thirst quencher.",,,"Per 100g/ml
Per Serving
%DI
Energy
128kJ
128kJ
Protein
0g
0g
Total Fat
0g
0g
Saturated Fat
0g
0g
Carbohydrate
7.5g
7.5g
Sugars
7.2g
7.2g
Sodium
5mg
5mg
Monounsaturated
0g
0g
Dietary Fibre (total)
0g
0g
Polyunsaturated
0g
0g
Trans
0g
0g
* Percentage Daily Intakes are based on an average adult diet of 8700 kJ. Your daily intakes may be higher or lower depending on your energy needs.",,https://www.coles.com.au/product/bickfords-cordial-orange-lemon-lime-750ml-5570436,,,2024-06-16T10:22:52.187729-04:00
Ind54SColes_ADrinks_SACordials_IColes Blackcurrant Juice Syrup | 750mL,Coles Blackcurrant Juice Syrup | 750mL,Coles,Drinks,Cordials,All cordials,,$3.80,,,$5.07 per 1L,5612999,Coles Black currant Juice Syrup Made with 30% Fruit Juice contains no artificial colours and flavours,,,"Per 100g/ml
Per Serving
%DI
Energy
210.8
527
6
Protein
0
0
0
Total Fat
0
0
0
Saturated Fat
0
0
0
Carbohydrate
12.4
31
10
Sugars
12.4
31
34
Sodium
6
15
1
Energy (Cal)
50.43
126.07
0
Dietary Fibre (total)
0
0
0
* Percentage Daily Intakes are based on an average adult diet of 8700 kJ. Your daily intakes may be higher or lower depending on your energy needs.",,https://www.coles.com.au/product/coles-blackcurrant-juice-syrup-750ml-5612999,,,2024-06-16T10:23:03.970156-04:00
Ind54SColes_ADrinks_SACordials_IBickford's Lemon Lime & Bitters Cordial | 750mL,Bickford's Lemon Lime & Bitters Cordial | 750mL,Bickfords,Drinks,Cordials,All cordials,,$5.00,,,$6.67 per 1L,6875359,"Fresh fruity taste of lemonade combined with distinct lime characters and delicate blends of bitters, herbs and spices. True to our tradition of uncompromising craft and purity, our Lemon Lime & Bitters Cordial is widely regarded as one of Australia's best.",,,"Per 100g/ml
Per Serving
%DI
Energy
180kJ
451kJ
Protein
<1g
<1g
Total Fat
0g
0g
Saturated Fat
0g
0g
Carbohydrate
10.6g
26.5g
Sugars
10g
25g
Sodium
17mg
42.6mg
Monounsaturated
0g
0g
Dietary Fibre (total)
0g
0g
Polyunsaturated
0g
0g
Trans
0g
0g
* Percentage Daily Intakes are based on an average adult diet of 8700 kJ. Your daily intakes may be higher or lower depending on your energy needs.",,https://www.coles.com.au/product/bickford's-lemon-lime-and-bitters-cordial-750ml-6875359,,,2024-06-16T10:23:14.900546-04:00
Ind54SColes_ADrinks_SACordials_ICottees Orange Cordial Orange Crush with 40% Fruit Juice Bottle | 1L,Cottees Orange Cordial Orange Crush with 40% Fruit Juice Bottle | 1L,Cottees,Drinks,Cordials,All cordials,,$5.90,Pick any 2 for $9.40,,$5.90 per 1L,7767941,"Cottee's Cordial Orange Crush 1L Bottle is the perfect thirst-quencher for those looking for a delicious and refreshing drink. Using good quality ingredients, this cordial is bursting with the tangy and zesty flavour of juicy oranges.

The 1L bottle size is perfect for families, parties, or even for solo enjoyment. With its resealable cap, you can store it in your fridge and enjoy it whenever you like.

If you're looking to add some zest to your life, Cottee's Cordial Orange Crush 1L Bottle is the perfect choice. Its delicious taste and versatility make it a must-have for any household. So, go ahead and grab your bottle today and enjoy the refreshing taste of orange goodness!
Enjoy the taste of tangy and zesty flavor with every sip

Made from the finest quality ingredients

Vibrant packaging will add a pop of color to your kitchen

Convenient and affordable 1L bottle ideal for families and entertaining.

Its delicious taste and versatility make it a must-have for any household",,,"Per 100g/ml
Per Serving
%DI
Energy
89kJ
223kJ
3%
Protein
0.1g
0.2g
0.40%
Total Fat
0g
0g
0%
Saturated Fat
0g
0g
0%
Carbohydrate
5.0g
12.5g
4%
Sugars
5.0g
12.5g
14%
Sodium
12mg
29mg
1%
Dietary Fibre (total)
<1g
<1g
<1%
* Percentage Daily Intakes are based on an average adult diet of 8700 kJ. Your daily intakes may be higher or lower depending on your energy needs.","Reconstituted Orange Juice (40%), Water, Sugar, Food Acid (Citric Acid), Natural Flavours, Natural Colours (Lutein, Carmine), Thickener (Sodium Carboxymethylcellulose), Preservatives (Sodium Benzoate, Sodium Metabisulphite), Natural Sweetener (Steviol Glycosides). CONTAINS SULPHITES.",https://www.coles.com.au/product/cottees-orange-cordial-orange-crush-with-40percent-fruit-juice-bottle-1l-7767941,,,2024-06-16T10:23:26.144869-04:00
Ind54SColes_ADrinks_SACordials_IBickfords Cordial Pineapple & Lime | 750mL,Bickfords Cordial Pineapple & Lime | 750mL,Bickfords,Drinks,Cordials,All cordials,,$5.00,,,$6.67 per 1L,6596366,"Lush, sweet pineapple with a dash of lime tastes of warm, summer days and good times with friends. Refreshingly cool topped with ice or mix for an exotic delight. It's pure, simple deliciousness.",,,"Per 100g/ml
Per Serving
%DI
Energy
124kJ
124kJ
Protein
0g
0g
Total Fat
0g
0g
Saturated Fat
0g
0g
Carbohydrate
7.3g
7.3g
Sugars
7g
7g
Sodium
5mg
5mg
Monounsaturated
0g
0g
Dietary Fibre (total)
0g
0g
Polyunsaturated
0g
0g
Trans
0g
0g
* Percentage Daily Intakes are based on an average adult diet of 8700 kJ. Your daily intakes may be higher or lower depending on your energy needs.","Water, Sugar, Juice from Concentrates (20% Pineapple, 5% Lime), Citric Acid, Natural Flavours, Pectin, Preservatives (Potassium Sorbate, Sulphites), Natural Colour (Carotenes)",https://www.coles.com.au/product/bickfords-cordial-pineapple-and-lime-750ml-6596366,,,2024-06-16T10:23:37.059982-04:00
Ind54SColes_ADrinks_SACordials_ISodastream Pepsi Flavour Mix | 440mL,Sodastream Pepsi Flavour Mix | 440mL,Sodastream,Drinks,Cordials,All cordials,,$5.60,,$7.00,$12.73 per 1L,3914851,"Pepsi  our signature cola soft drink. Loved all around the world, the great taste of Pepsi will refresh you every day.",,,"Per 100g/ml
Per Serving
%DI
Energy
57kj
142kj
1.5%
Protein
0g
0g
0
Total Fat
0g
0g
0
Saturated Fat
0g
0g
0
Carbohydrate
3.4g
8.4g
2.7%
Sugars
3.3g
8.2g
9.1%
Sodium
6.3mg
15.8mg
0.7%
Monounsaturated
0g
0g
0
Energy (Cal)
13kcal
34kcal
1.5%
Polyunsaturated
0g
0g
0
Trans
0g
0g
0
* Percentage Daily Intakes are based on an average adult diet of 8700 kJ. Your daily intakes may be higher or lower depending on your energy needs.",,https://www.coles.com.au/product/sodastream-pepsi-flavour-mix-440ml-3914851,,,2024-06-16T10:23:47.968885-04:00
Ind54SColes_ADrinks_SACordials_IDiet Rite Fruit Cocktail Cordial | 1L,Diet Rite Fruit Cocktail Cordial | 1L,Diet Rite,Drinks,Cordials,All cordials,,$3.50,,,$3.50 per 1L,3050082,"Cordial an Australian institution, but due to our changing lifestyle, many of us are looking for better-for-you cordial alternatives. That's where Diet Rite comes in. Diet Rite is Australia's only 'low-joule' cordial brand. It is made from 50% fruit juice and contains no added sugar, no artificial colours or flavours and has the added goodness of Vitamin C. So drink rite with Diet Rite!",,,"Per 100g/ml
Per Serving
%DI
Energy
10kJ
25kJ
0.30%
Protein
<1g
<1g
<1%
Total Fat
<1g
<1g
<1%
Saturated Fat
0g
0g
Carbohydrate
0.6g
1.5g
0.50%
Sugars
0.5g
1.3g
1.40%
Sodium
4mg
10mg
0.40%
Vitamin C
2mg
5mg
Dietary Fibre (total)
<1g
<1g
<1%
* Percentage Daily Intakes are based on an average adult diet of 8700 kJ. Your daily intakes may be higher or lower depending on your energy needs.",,https://www.coles.com.au/product/diet-rite-fruit-cocktail-cordial-1l-3050082,,,2024-06-16T10:23:58.700265-04:00
Ind54SColes_ADrinks_SACordials_ISodastream Lipton Ice Tea Lemon Soda Mix | 440mL,Sodastream Lipton Ice Tea Lemon Soda Mix | 440mL,Sodastream,Drinks,Cordials,All cordials,,$7.00,,,$15.91 per 1L,7162226,"Lipton Ice Tea Lemon for SodaStream
Turn Sparkling Water into Tasty Sunshine
Each flavour bottle makes about 9L
440mL
Turn Sparkling Water into Tasty Sunshine

Simply add to carbonated water for a refreshing drink

440ml - Makes up to 9 Litres",,,"Per 100g/ml
Per Serving
%DI
Energy
53
133
1.5
Protein
0
0
0
Total Fat
0
0
0
Saturated Fat
0
0
0
Carbohydrate
3
7.5
2.4
Sugars
2.9
7.3
8.1
Sodium
8
20
1
Monounsaturated
0
0
0
Energy (Cal)
13
32
1.5
Dietary Fibre (total)
0
0
0
Polyunsaturated
0
0
0
Trans
0
0
0
* Percentage Daily Intakes are based on an average adult diet of 8700 kJ. Your daily intakes may be higher or lower depending on your energy needs.",,https://www.coles.com.au/product/sodastream-lipton-ice-tea-lemon-soda-mix-440ml-7162226,,,2024-06-16T10:24:09.798174-04:00
Ind54SColes_ADrinks_SACordials_ISunkist Zero Sugar Orange Soda Syrup Sugar Free Cordial | 300mL,Sunkist Zero Sugar Orange Soda Syrup Sugar Free Cordial | 300mL,Sunkist,Drinks,Cordials,All cordials,,$3.60,,$4.50,$12.00 per 1L,4807347,"Introducing Sunkist Zero Sugar Soda Syrup, the perfect thirst-quencher for those who crave the taste of soda but don't want to consume excessive amounts of sugar. This concentrated syrup is a healthier and delicious alternative to traditional sodas, providing the same great taste without the added calories.

With a convenient 300mL bottle, you can easily make your own fizzy drinks at home, using any soda machine or carbonation system. The syrup is made with real fruit flavors, making it a refreshing and sugar-free way to satisfy your cravings.

Made with high-quality ingredients and superior quality standards, Sunkist Zero Sugar Soda Syrup is a delicious, great, and affordable alternative to sugary drinks. So, whether you're looking for a refreshing drink on a hot day or just want to indulge your sweet tooth without the sugar, this syrup is the perfect choice.

With its unique blend of flavors, high-quality ingredients, and convenient packaging, Sunkist Zero Sugar Soda Syrup is the ultimate choice for anyone who loves the taste of soda but wants to make healthier choices. Try it today and experience the delicious and refreshing taste that only Sunkist can provide.
A healthier and delicious alternative to traditional sodas

Made with real fruit flavors for a sugar-free refreshment

Made with natural colours and flavours

High-quality ingredients and superior quality standards for an affordable price

Unique blend of flavors and convenient packaging for a refreshing drink at home",,,"Per 100g/ml
Per Serving
%DI
Energy
3kJ
8kJ
0.10%
Protein
0g
0g
0%
Total Fat
0g
0g
0%
Saturated Fat
0g
0g
0%
Carbohydrate
0g
0g
0%
Sugars
0g
0g
0%
Sodium
10mg
25mg
1%
Dietary Fibre (total)
0g
0g
0%
* Percentage Daily Intakes are based on an average adult diet of 8700 kJ. Your daily intakes may be higher or lower depending on your energy needs.",,https://www.coles.com.au/product/sunkist-zero-sugar-orange-soda-syrup-sugar-free-cordial-300ml-4807347,,,2024-06-16T10:24:20.618598-04:00
Ind54SColes_ADrinks_SACordials_IColes Lime Cordial | 750mL,Coles Lime Cordial | 750mL,Coles,Drinks,Cordials,All cordials,,$3.00,,,$4.00 per 1L,5264407,"Coles Lime Cordial, 750mL. A refreshing cordial made with 35% fruit juice. Perfect for on a hot day or when you just want something sweet!",,,"Per 100g/ml
Per Serving
%DI
Energy
124
310
4
Protein
0
0
0
Total Fat
0
0
0
Saturated Fat
0
0
0
Carbohydrate
7.3
18.3
6
Sodium
LESS THAN 5mg
10
0
Energy (Cal)
30
74
Dietary Fibre
0
0
* Percentage Daily Intakes are based on an average adult diet of 8700 kJ. Your daily intakes may be higher or lower depending on your energy needs.","INGREDIENTS: Sugar, Reconstituted Lime Juice (35%), Water, Natural Flavour, Acidity Regulator (330), Preservative (223).",https://www.coles.com.au/product/coles-lime-cordial-750ml-5264407,,,2024-06-16T10:24:31.574563-04:00
Ind54SColes_ADrinks_SACordials_IGolden Circle Cordial Fruit Cup Cordial | 2L,Golden Circle Cordial Fruit Cup Cordial | 2L,Golden Circle,Drinks,Cordials,All cordials,,$5.50,Pick any 2 for $8.80,,$2.75 per 1L,219245,"With the great taste of fruit juice, Golden Circle Fruit Cup Cordial is the best choice for birthday parties and backyard picnics. Mix the perfect cup with 1 part cordial and 4 parts water. The entire family is sure to love Golden Circle Fruit Cup Cordial. Made with no artificial colours, flavours or sweeteners, simply mix with some cold water for a fruity drink. The entire bottle makes 10 litres so there is definitely enough for the whole family to enjoy. Golden Circle, Share the Sunshine.
With the great taste of fruit juice

No artificial colours, flavours or sweeteners

New 100% recyclable bottle

Mix 1 part cordial with 4 parts water

Makes 10 litres",,,"Per 100g/ml
Per Serving
%DI
Energy
125KJ
250kJ
Protein
0g
0g
Total Fat
0g
0g
Saturated Fat
0g
0g
Carbohydrate
7.2g
14.4g
Sugars
7.2g
14.4g
Sodium
6mg
12mg
* Percentage Daily Intakes are based on an average adult diet of 8700 kJ. Your daily intakes may be higher or lower depending on your energy needs.",,https://www.coles.com.au/product/golden-circle-cordial-fruit-cup-cordial-2l-219245,,,2024-06-16T10:24:43.421287-04:00
Ind54SColes_ADrinks_SACordials_ICottees Zero Sugar Lime Cordial Coola Flavour Bottle | 1L,Cottees Zero Sugar Lime Cordial Coola Flavour Bottle | 1L,Cottees,Drinks,Cordials,All cordials,,$5.90,Pick any 2 for $9.40,,$5.90 per 1L,4420041,"Looking for a delicious and refreshing drink? Look no further than Cottee's Zero Sugar Cordial Coola Lime Flavour! This 1L bottle has zero sugar, so you can enjoy this refreshment whenever you need it.

This zero sugar lime flavoured cordial is perfect for any occasion, from a backyard BBQ to a refreshing drink during a busy workday. And because it's a cordial, a little goes a long way, so you can stretch your budget while still enjoying the taste you love.

Cottee's is a trusted Australian Brand, with a commitment to creating good-quality products that you can feel good about consuming. This zero sugar cordial is no exception.

Not only does this product taste great, but it's also incredibly easy to prepare. Simply add a small amount of cordial to water, sparkling water, or soda water, and enjoy a delicious and refreshing drink that's perfect for any occasion.

With its 1L size, Cottee's Zero Sugar Cordial Coola Lime Flavour is the perfect addition to any pantry. Whether you're looking for a quick pick-me-up during the day or a refreshing drink at your next gathering, this cordial has got you covered.

So if you're looking for a delicious and refreshing drink option that won't break the bank, look no further than Cottee's Zero Sugar Cordial Coola Lime Flavour. Buy now and start enjoying the refreshing taste of this zero sugar cordial today!
Enjoy sugar-free refreshment with zero added sugar.

Cool and zesty lime flavour perfect for any occasion.

Trusted Australian brand

Easy to prepare, a little goes a long way.

1L size is perfect for any pantry and budget.",,,"Per 100g/ml
Per Serving
%DI
Energy
5kJ
13kJ
Protein
0g
0g
Total Fat
0g
0g
Saturated Fat
0g
0g
Carbohydrate
0g
0g
Sugars
0g
0g
Sodium
9mg
23mg
Dietary Fibre (total)
0g
0g
* Percentage Daily Intakes are based on an average adult diet of 8700 kJ. Your daily intakes may be higher or lower depending on your energy needs.","Water, Food Acids (Citric Acid, Malic Acid, Sodium Citrate), Flavour, Sweeteners (Sodium Cyclamate, Acesulphame Potassium, Sucralose), Preservatives (Sodium Benzoate, Sodium Metabisulphite (Sulphites)), Colours (Tratrazine, Brilliant Blue FCF). CONTAINS SULPHITES.",https://www.coles.com.au/product/cottees-zero-sugar-lime-cordial-coola-flavour-bottle-1l-4420041,,,2024-06-16T10:24:54.296603-04:00
Ind54SColes_ADrinks_SACordials_ICottees Fruit Cup Cordial with 40% Fruit Juice Bottle | 1L,Cottees Fruit Cup Cordial with 40% Fruit Juice Bottle | 1L,Cottees,Drinks,Cordials,All cordials,,$5.90,Pick any 2 for $9.40,,$5.90 per 1L,7766778,"At Cottee's, we take pride in using the good quality ingredients to create our fruit cup cordial. Our commitment to quality means that you can be sure that every sip of Cottee's 1L Fruit Cup is bursting with flavour and goodness.

One of the best things about Cottee's 1L Fruit Cup is its versatility. It's perfect for a refreshing drink on its own.

So why not try Cottee's 1L Fruit Cup today? It's the perfect way to quench your thirst and enjoy the taste of summer. And with our commitment to quality, you can be sure that every sip will be delicious and refreshing.
Premium quality drink made with the finest ingredients

Rich and fruity flavour that will tantalize your tase buds

Versatile for mocktails, cocktails, and refreshing drinks

A perfect alternative to sugary sodas

A staple in your pantry for any occasion",,,"Per 100g/ml
Per Serving
%DI
Energy
88kJ
219kJ
3%
Protein
0g
0g
0%
Total Fat
0g
0g
0%
Saturated Fat
0g
0g
0%
Carbohydrate
5.0g
12.5g
4%
Sugars
5.0g
12.5g
14%
Sodium
11mg
28mg
1%
Dietary Fibre (total)
<1g
<1g
1%
* Percentage Daily Intakes are based on an average adult diet of 8700 kJ. Your daily intakes may be higher or lower depending on your energy needs.",,https://www.coles.com.au/product/cottees-fruit-cup-cordial-with-40percent-fruit-juice-bottle-1l-7766778,,,2024-06-16T10:25:05.293673-04:00
Ind54SColes_ADrinks_SACordials_IViva Lime Cordial | 1L,Viva Lime Cordial | 1L,Viva,Drinks,Cordials,All cordials,,$2.40,,,$2.40 per 1L,3797634,"Boasting a range of family favourite brands, Refresco Australia have established an Australian tradition which is unsurpassed! And because Viva cordial is made using no artificial colours and flavours, you know you're buying products the whole family can enjoy. Now isn't that refreshing?",,,"Per 100g/ml
Per Serving
%DI
Energy
32kJ
80kJ
0.90%
Protein
0g
0g
0%
Total Fat
0g
0g
0%
Saturated Fat
0g
0g
0%
Carbohydrate
1.6g
4g
1%
Sugars
1.6g
4g
5%
Sodium
9mg
22mg
1%
* Percentage Daily Intakes are based on an average adult diet of 8700 kJ. Your daily intakes may be higher or lower depending on your energy needs.",,https://www.coles.com.au/product/viva-lime-cordial-1l-3797634,,,2024-06-16T10:25:16.162228-04:00
Ind54SColes_ADrinks_SACordials_IGolden Circle Cordial Strawberry Lemonade Cordial | 2L,Golden Circle Cordial Strawberry Lemonade Cordial | 2L,Golden Circle,Drinks,Cordials,All cordials,,$5.50,Pick any 2 for $8.80,,$2.75 per 1L,1499668,"Made with the great taste of fruit juice, Golden Circle Strawberry Lemonade Cordial brings the fun to every household. Combining two fruity flavours with other ingredients, simply mix with water or lemonade for a delicious drink. Get the party started with Golden Circle Strawberry Lemonade Cordial. With no artificial colours, flavours or sweeteners, this drink tastes great when mixed with water, or can also be used in fruit punch, mocktails and cocktails. Golden Circle, Share the Sunshine.
No artificial colours, flavours or sweeteners

With the great taste of fruit juice

Mix the perfect cup - 1 part cordial, 4 parts water

Makes 10 litres

100% recyclable bottle",,,"Per 100g/ml
Per Serving
%DI
Energy
125kJ
250kJ
Protein
0g
0g
Total Fat
0g
0g
Saturated Fat
0g
0g
Carbohydrate
6.9g
13.8g
Sugars
6.9g
13.8g
Sodium
15mg
30mg
* Percentage Daily Intakes are based on an average adult diet of 8700 kJ. Your daily intakes may be higher or lower depending on your energy needs.",,https://www.coles.com.au/product/golden-circle-cordial-strawberry-lemonade-cordial-2l-1499668,,,2024-06-16T10:25:27.087369-04:00
Ind54SColes_ADrinks_SACordials_IBickford's Ginger Beer Cordial | 750mL,Bickford's Ginger Beer Cordial | 750mL,Bickfords,Drinks,Cordials,All cordials,,$5.00,,,$6.67 per 1L,6875370,"The sharp yet subtle flavour of real ginger with a tangy freshness, light spiciness and refreshing sweetness gives Bickford's Cordial Ginger Beer a vibrant taste. Dilute with soda or water for a real thirst quenching taste.",,,"Per 100g/ml
Per Serving
%DI
Energy
205kJ
513kJ
Protein
<0g
<0g
Total Fat
0g
0g
Saturated Fat
0g
0g
Carbohydrate
11.9g
29.7g
Sugars
11.8g
29.6g
Sodium
1.6mg
4.1mg
Monounsaturated
0g
0g
Dietary Fibre (total)
0g
0g
Polyunsaturated
0g
0g
Trans
0g
0g
* Percentage Daily Intakes are based on an average adult diet of 8700 kJ. Your daily intakes may be higher or lower depending on your energy needs.",,https://www.coles.com.au/product/bickford's-ginger-beer-cordial-750ml-6875370,,,2024-06-16T11:05:51.807259-04:00
