idx,name,brand,aisle,subaisle,subsubaisle,size,price,multi_price,old_price,pricePerUnit,itemNum,description,serving,img_urls,item_label,item_ingredients,url,SKU,UPC,timeStamp
Ind53SColes_ADrinks_SAJuice_IMildura Orange And Mango Fruit Drink | 500mL,Mildura Orange And Mango Fruit Drink | 500mL,Mildura,Drinks,Juice,Chilled juice,,$2.50,,$2.80,$5.00 per 1L,3187473,"Midura Refreshing Fruit Drink is aussie owned and loved. 

Available in a convenient 500ml bottle, a glass of delicious and vibrant fruit drink is a refreshing addition to your day!

Proudly packed in NSW and QLD by and for the Bega Group using local and imported ingredients. The local ingredients are sourced Australia wide.
With fruit juice

Perfect to drink on the go

Easy to pour, resealable pack

Delicious and full flavoured

Refreshing drink

Manufactured in Australia.",,,"Per 100g/ml
Per Serving
%DI
Energy
159kJ
795kJ
9.0%
Protein
0.1g
0.5g
1.0%
Total Fat
0g
0g
0.0%
Saturated Fat
0g
0g
0.0%
Carbohydrate
9.2g
46.0g
15.0%
Sugars
8.8g
44.0g
49.0%
Sodium
2.5mg
12.5mg
1.0%
* Percentage Daily Intakes are based on an average adult diet of 8700 kJ. Your daily intakes may be higher or lower depending on your energy needs.",,https://www.coles.com.au/product/mildura-orange-and-mango-fruit-drink-500ml-3187473,,,2024-06-16T10:37:09.149852-04:00
Ind53SColes_ADrinks_SABeverages_IRemedy Kombucha Pink Lady Apple | 750mL,Remedy Kombucha Pink Lady Apple | 750mL,Remedy,Drinks,Beverages,Water & juices,,$5.90,,,"$7.87 per 1L
Was $7.50 on May 2024",4973030,"This is not just another kombucha - It's fresh and crisp with a light juicy effervescence! All you need to do to relish in the tantalising aroma of sweet apple is crack open the top. The clean and crisp flavours of ripe apples are delicately balanced to create a truly smashable bevvie. Grab a glass, grab some ice and enjoy. This all-natural thirst-quenching flavour is packed full of live cultures and antioxidants. Remedy Kombucha is:
Sugar free, for real
All natural
Certified Organic
Low on Calories
Vegan
Gluten Free
A-Ok in or out of the fridge",,,"Per 100g/ml
Per Serving
%DI
Energy
12kJ
40kJ
Protein
<1g
<1g
Total Fat
<1g
<1g
Saturated Fat
<1g
<1g
Carbohydrate
<1g
<1g
Sugars
0g
0g
Sodium
<5mg
<5mg
* Percentage Daily Intakes are based on an average adult diet of 8700 kJ. Your daily intakes may be higher or lower depending on your energy needs.","Certified organic raw kombucha (sparkling water, wild kombucha culture*, black tea*, green tea*), plant-based sweeteners (erythritol* and steviol glycosides*), natural apple flavour, natural honey flavour, natural caramel flavour.*Certified organic ingredients",https://www.coles.com.au/product/remedy-kombucha-pink-lady-apple-750ml-4973030,,,2024-06-16T10:37:20.222868-04:00
Ind53SColes_ADrinks_SAJuice_IEmma And Toms Kick Starter Juice | 1L,Emma And Toms Kick Starter Juice | 1L,Emma And Toms,Drinks,Juice,Chilled juice,,$4.00,,$6.20,$4.00 per 1L,6381600,"Prebiotics are certain plant fibre that are indigestible to human but are important source of food and environment to the trillions of good bacteria that live within us, known as 'microbiome'.
It is becoming very clear that what we eat has an enormous impact on the health of our microbiome and that in turn has a big impact on our own health.
We have added the Prebiotics Acacia Fibre, Chicory Fibre to this juice to support good digestion and a thriving gut microbiome.",,,"Per 100g/ml
Per Serving
%DI
Energy
179kJ
358kJ
Protein
0.6g
1.2g
Total Fat
0.1g
0.2g
Saturated Fat
0g
0g
Carbohydrate
11.2g
22.4g
Sugars
8.5g
17g
Sodium
9mg
18mg
Vitamin C
11mg
22mg
Dietary Fibre (total)
2g
4g
Potassium
130mg
260mg
* Percentage Daily Intakes are based on an average adult diet of 8700 kJ. Your daily intakes may be higher or lower depending on your energy needs.",,https://www.coles.com.au/product/emma-and-toms-kick-starter-juice-1l-6381600,,,2024-06-16T10:37:31.002361-04:00
Ind53SColes_ADrinks_SAJuice_IDevondale Sparkling Juice Apple | 750mL,Devondale Sparkling Juice Apple | 750mL,Devondale,Drinks,Juice,Glass juice bottles,,$3.20,,$3.65,$4.27 per 1L,4412622,"Australian owned and made
100% natural
No added sugar, colours or preservatives.
100% Sparkling Juice

100% Natural

No added sugar.

No added colours or preservatives.

Kosher",,,"Per 100g/ml
Per Serving
%DI
Energy
206kJ
515kJ
Protein
0g
0g
Total Fat
0g
0g
Saturated Fat
0g
0g
Carbohydrate
12.1g
30.3g
Sugars
9.7g
24.3g
Sodium
5mg
13mg
Energy (Cal)
49Cal
123Cal
* Percentage Daily Intakes are based on an average adult diet of 8700 kJ. Your daily intakes may be higher or lower depending on your energy needs.",,https://www.coles.com.au/product/devondale-sparkling-juice-apple-750ml-4412622,,,2024-06-16T10:37:42.998865-04:00
Ind53SColes_ADrinks_SA_IGolden Circle Sunshine Punch Fruit Drink Lunch Box Multipack Poppers 6x250mL | 6 pack,Golden Circle Sunshine Punch Fruit Drink Lunch Box Multipack Poppers 6x250mL | 6 pack,Golden Circle,Drinks,,,,$5.10,Pick any 2 for $8,,$3.40 per 1L,6910391,"Whether you're going camping, to the beach, or on a road trip, you're sure to get thirsty along the way. Golden Circle Sunshine Punch Fruit Drink comes to the rescue with a delicious fruit drink made with no artificial colours, flavours or preservatives. Enjoy a taste of summer with our Golden Circle Sunshine Punch Fruit Drink. Containing no artificial colours, flavours or preservatives, this fruit drink is full of flavour. Bring a carton along on big days out with the family. Golden Circle, Share the Sunshine.
No artificial colours

No artificial flavours

No preservatives

A good source of vitamin C

250mL size is convenient for on the go",,,"Per 100g/ml
Per Serving
%DI
Energy
175 kJ
440 kJ
Protein
0 g
0 g
Total Fat
0 g
0 g
Saturated Fat
0 g
0 g
Carbohydrate
9.8 g
24.5 g
Sugars
9.6 g
24.0 g
Sodium
9 mg
23 mg
Vitamin C
15 mg
37 mg (92% RDI*)
15 mg
* Percentage Daily Intakes are based on an average adult diet of 8700 kJ. Your daily intakes may be higher or lower depending on your energy needs.",,https://www.coles.com.au/product/golden-circle-sunshine-punch-fruit-drink-lunch-box-multipack-poppers-6x250ml-6-pack-6910391,,,2024-06-16T10:37:53.972892-04:00
Ind53SColes_ADrinks_SAJuice_IThe Juice Brothers Orange Juice | 1L,The Juice Brothers Orange Juice | 1L,The Juice Brothers,Drinks,Juice,Chilled juice,,$5.50,,,$5.50 per 1L,7829200,"Extraordinary tasting juice that cares? You're holding it!

Our orange juice is squeezed rather than crushed to preserve the fruit peels. Our orange, apple and pear fruit peels (including the seeds and cores) are reused as local animal feed.

We're also owned, grown and squeezed right here in Australia because we love what we do and want to keep it local.

No added sugar, just natural sweetness of fruit.",,,"Per 100g/ml
Per Serving
%DI
Energy
164kJ
328kJ
4%
Protein
0.6g
1.2g
2%
Total Fat
<1.0g
<1.0g
<1%
Saturated Fat
0.0g
0.0g
0.00%
Carbohydrate
8.7g
17.4g
6%
Sugars
8.1g
16.2g
18%
Sodium
1mg
2mg
<1%
Monounsaturated
0
0
0
Vitamin C
20mg
40mg
Energy (Cal)
39Cal
78Cal
0
Dietary Fibre (total)
0.6g
1.2g
4%
Polyunsaturated
0
0
0
Potassium
150mg
300mg
0
Trans
0
0
0
* Percentage Daily Intakes are based on an average adult diet of 8700 kJ. Your daily intakes may be higher or lower depending on your energy needs.",,https://www.coles.com.au/product/the-juice-brothers-orange-juice-1l-7829200,,,2024-06-16T10:38:08.137275-04:00
Ind53SColes_ADrinks_SABeverages_IRemedy Kombucha Organic Orange Squeeze | 750mL,Remedy Kombucha Organic Orange Squeeze | 750mL,Remedy,Drinks,Beverages,Water & juices,,$5.90,,,"$7.87 per 1L
Was $7.50 on May 2024",5788496,"Gather round orange soda lovers 'coz we have a treat for you. our new twist on the classic orange fizzy! Zesty, bright and bursting with juicy orange flavour, this one might just become your new main squeeze! This all-natural thirst-quenching flavour is packed full of live cultures and antioxidants. Remedy Kombucha is:
Sugar free, for real
All natural
Certified Organic
Low on Calories
Vegan
Gluten Free
A-Ok in or out of the fridge",,,"Per 100g/ml
Per Serving
%DI
Energy
12kJ
30kJ
Protein
<1g
<1g
Total Fat
<1g
<1g
Saturated Fat
<1g
<1g
Carbohydrate
<1g
<1g
Sugars
0g
0g
Sodium
<5mg
<5mg
* Percentage Daily Intakes are based on an average adult diet of 8700 kJ. Your daily intakes may be higher or lower depending on your energy needs.",,https://www.coles.com.au/product/remedy-kombucha-organic-orange-squeeze-750ml-5788496,,,2024-06-16T10:38:20.366148-04:00
Ind53SColes_ADrinks_SAJuice_IGolden Circle Refreshers Wild Waterfall | 1L,Golden Circle Refreshers Wild Waterfall | 1L,Golden Circle,Drinks,Juice,Packs & Pouches,,$3.50,Pick any 2 for $4.90,,$3.50 per 1L,6804645,"Freshen up with the delicious flavours of kiwi and watermelon in the Golden Circle Refreshers Wild Waterfall. It's perfect to have on hand for entertaining or to take on the go to enjoy at work or outdoors. Low sugar, Golden Circle Refreshers Wild Waterfall is a fun and refreshing drink option that's sure to be a hit with the whole family. It's a tasty mix of still water and fruit juice with refreshing kiwi and watermelon flavours. No artificial colours, flavours or preservatives.
Kiwi and watermelon flavours

Low sugar

No artificial colours or flavours

No preservatives

Serve chilled for a refreshing taste",,,"Per 100g/ml
Per Serving
%DI
Energy
50kJ
100kJ
Protein
0g
0g
Total Fat
0g
0g
Saturated Fat
0g
0g
Carbohydrate
2.4g
4.8g
Sugars
2.3g
4.6g
Sodium
10mg
20mg
Dietary Fibre (total)
0g
0g
* Percentage Daily Intakes are based on an average adult diet of 8700 kJ. Your daily intakes may be higher or lower depending on your energy needs.",,https://www.coles.com.au/product/golden-circle-refreshers-wild-waterfall-1l-6804645,,,2024-06-16T10:38:31.294360-04:00
Ind53SColes_ADrinks_SAJuice_IBoost Mango Sunshine Juice Chilled | 1L,Boost Mango Sunshine Juice Chilled | 1L,Boost,Drinks,Juice,Chilled juice,,$6.20,,,$6.20 per 1L,3412376,"Boost Mango Sunshine Juice is a tasty blend of pear, apple, mango, banana, and passionfruit, perfect as a refreshing drink to go with your meals or for during an afternoon break. It has the tastiest infusions, deliciously thirst-quenching for everyone to enjoy.
Made in Australia",,,"Per 100g/ml
Per Serving
%DI
Energy
164kJ
328kJ
Protein
0.1g
0.2g
Total Fat
<0.1g
<0.1g
Saturated Fat
<0.1g
<0.1g
Carbohydrate
9.6g
19.2g
Sugars
7.5g
15g
Sodium
3mg
6mg
Vitamin C
20mg
40mg
100%
* Percentage Daily Intakes are based on an average adult diet of 8700 kJ. Your daily intakes may be higher or lower depending on your energy needs.",,https://www.coles.com.au/product/boost-mango-sunshine-juice-chilled-1l-3412376,,,2024-06-16T10:38:42.357403-04:00
Ind53SColes_ADrinks_SAJuice_IRemedy Shot Immune Plus | 60mL,Remedy Shot Immune Plus | 60mL,Remedy,Drinks,Juice,Chilled juice,,$2.50,,$3.50,$41.67 per 1L,4471440,"Your daily multivitamin just got a glow up! With Vitamin A, C and B6, Remedy Immune+ is the perfect friend to have on standby in the pantry, the fridge or your handbag when you've had one too many nights on the wines (we ain't judgin'), work is kickin' your butt, or you just need that extra immune boost. Remedy Shots are:
No sugar, for real
All Natural
Certified Organic
Full of flavour
Vegan
Gluten Free
A-Ok in or out of the fridge",,,"Per 100g/ml
Per Serving
%DI
Energy
18kJ
11kJ
Protein
<1g
<1g
Total Fat
<1g
<1g
Saturated Fat
<1g
<1g
Carbohydrate
<1g
<1g
Sugars
0g
0g
Vitamin A
125mg
75mg
10%
Sodium
<5mg
<5mg
Vitamin C
17mg
10mg
25%
Dietary Fibre (total)
<1g
<1g
Vitamin B6
0.3mg
0.2mg
11%
* Percentage Daily Intakes are based on an average adult diet of 8700 kJ. Your daily intakes may be higher or lower depending on your energy needs.",,https://www.coles.com.au/product/remedy-shot-immune-plus-60ml-4471440,,,2024-06-16T10:38:53.317057-04:00
Ind53SColes_ADrinks_SAJuice_ICampbells V8 Power Blend Prebiotics Juice Pine Orange | 1.25L,Campbells V8 Power Blend Prebiotics Juice Pine Orange | 1.25L,Campbells,Drinks,Juice,Plastic juice bottles,,$4.80,,$6.00,$3.84 per 1L,7219516,"Refreshingly delicious, V8 Prebiotic Pine Orange  gives you the benefits of blended fruit and veggies, as well as added fibre to support gut health in one drink. Enjoy for breakfast or bring to work for a nutritious drink. This healthy juice is a source of  Vitamin C, contains no added sugar and provides 2 serves of vegetables per 250mL serve. 

V8 Prebiotic Pine Orange is a delicious and refreshing blend of juicy orange, pineapple and pear with carrot and sweet potato. It also contains added fibre to support gut health. Increase your fruit and veg intake with every sip whilst also supporting a healthy gut.
Source of fibre to support gut health
No added sugar
Source of Vitamin C
Plant Based
2  serves of veg per 250ml serve
No Added Preservatives, no artificial flavours, no artificial colours",,,"Per 100g/ml
Per Serving
%DI
Energy
222kJ
554kJ
0
Protein
0.5g
1.1g
0
Total Fat
0.1g
0.1g
0
Saturated Fat
<0.1g
0.1g
0
Carbohydrate
11.8g
29.5g
0
Sugars
9.9g
24.8g
0
Sodium
47mg
119mg
0
Monounsaturated
0
0
0
Vitamin C
6mg
15mg
Energy (Cal)
53Cal
132Cal
0
Dietary Fibre (total)
1.4g
3.5g
0
Polyunsaturated
0
0
0
Trans
0
0
0
* Percentage Daily Intakes are based on an average adult diet of 8700 kJ. Your daily intakes may be higher or lower depending on your energy needs.","Each bottle contains the juice of: Carrot (40.1%)(Reconstituted Juice), Sweet Potato (23%)(Reconstituted Juice), Orange (24.4%)(Reconstituted Juice), Pineapple (5%)(Reconstituted Juice), Pear (3.5%)(Reconstituted Juice), Vegetable Fibre (Acacia Gum), Vitamin C, Food Acid (Malic Acid), Natural Flavours.",https://www.coles.com.au/product/campbells-v8-power-blend-prebiotics-juice-pine-orange-1.25l-7219516,,,2024-06-16T10:39:04.291035-04:00
Ind53SColes_ADrinks_SAJuice_IFruit Co Juice Plus + Apple | 2L,Fruit Co Juice Plus + Apple | 2L,Fruit Co,Drinks,Juice,Plastic juice bottles,,$3.50,,,$1.75 per 1L,3752294,"Made from 99% Juice and enriched with the goodness of Vitamin C and Fibre, FruitCo Juice is the perfect juice for any occasion. FruitCo Juice comes in a convenient and ergonomic 2L PET grip bottle.",,,"Per 100g/ml
Per Serving
%DI
Energy
180kJ
451kJ
5%
Protein
<1g
<1g
1%
Total Fat
<1g
<1g
1%
Saturated Fat
<1g
<1g
1%
Carbohydrate
10.6g
26.5g
9%
Sugars
9.4g
23.5g
29%
Sodium
5mg
13mg
1%
Vitamin C
10mg
25mg
0%
Dietary Fibre (total)
<1g
<1g
8%
* Percentage Daily Intakes are based on an average adult diet of 8700 kJ. Your daily intakes may be higher or lower depending on your energy needs.",,https://www.coles.com.au/product/fruit-co-juice-plus-+-apple-2l-3752294,,,2024-06-16T10:39:15.448202-04:00
Ind53SColes_ADrinks_SAJuice_IColes Apple Orange Mango Nas | 3L,Coles Apple Orange Mango Nas | 3L,Coles,Drinks,Juice,Chilled juice,,$5.20,,,$1.73 per 1L,7430234,,,,"Per 100g/ml
Per Serving
%DI
Energy
189.80
474.50
Protein
0.10
0.25
Carbohydrate
10.80
27.00
Sugars
9.80
24.50
Sodium
5.00
12.50
Saturated
0.10
0.25
Energy (Cal)
45.41
113.52
Fat
0.10
0.25
Dietary Fibre (total)
0.10
0.25
* Percentage Daily Intakes are based on an average adult diet of 8700 kJ. Your daily intakes may be higher or lower depending on your energy needs.",,https://www.coles.com.au/product/coles-apple-orange-mango-nas-3l-7430234,,,2024-06-16T10:39:27.518863-04:00
Ind53SColes_ADrinks_SAJuice_IOriginal Juice Co. Black Label Chilled Orange Juice | 1.5L,Original Juice Co. Black Label Chilled Orange Juice | 1.5L,Original Juice Co,Drinks,Juice,Chilled juice,,$6.50,,,$4.33 per 1L,8190089,"The Original, Orange Juice. A perfect balance of sweetness and acidity that delivers a full mouth feel with a textural finish.",,,"Per 100g/ml
Per Serving
%DI
Energy
215kJ
430kJ
5%
Protein
0.7g
1.4g
3%
Total Fat
0.1g
0.2g
0.30%
Saturated Fat
0.1g
0.2g
0.80%
Carbohydrate
10.8g
21.6g
7%
Sugars
10.8g
17.2g
7%
Sodium
1mg
2mg
<0%
* Percentage Daily Intakes are based on an average adult diet of 8700 kJ. Your daily intakes may be higher or lower depending on your energy needs.",,https://www.coles.com.au/product/original-juice-co.-black-label-chilled-orange-juice-1.5l-8190089,,,2024-06-16T10:39:38.193893-04:00
Ind53SColes_ADrinks_SAJuice_IOcean Spray Cranberry & Pomegranate Fruit Drink | 1.5L,Ocean Spray Cranberry & Pomegranate Fruit Drink | 1.5L,Ocean Spray,Drinks,Juice,Glass juice bottles,,$6.40,,,$4.27 per 1L,7258551,"Enjoy the taste of sweet pomegranates and crisp cranberries, with 100% daily requirement of Antioxidant Vitamin C, and 50% less sugar than Original.",,,"Per 100g/ml
Per Serving
%DI
Energy
197kJ
488kJ
Protein
0g
0g
Total Fat
0g
0g
Saturated Fat
0g
0g
Carbohydrate
11.5g
28.8g
Sugars
11.3g
28.3g
Sodium
9mg
23mg
Vitamin C
16mg
40mg
Potassium
11mg
29mg
* Percentage Daily Intakes are based on an average adult diet of 8700 kJ. Your daily intakes may be higher or lower depending on your energy needs.",,https://www.coles.com.au/product/ocean-spray-cranberry-and-pomegranate-fruit-drink-1.5l-7258551,,,2024-06-16T10:39:49.000946-04:00
Ind53SColes_ADrinks_SAJuice_IThe Juice Brothers Tropical Juice | 1L,The Juice Brothers Tropical Juice | 1L,The Juice Brothers,Drinks,Juice,Chilled juice,,$5.00,,,$5.00 per 1L,7829244,"Extraordinary tasting juice that cares? You're holding it!

Our orange juice is squeezed rather than crushed to preserve the fruit peels. Our orange, apple and pear fruit peels (including the seeds and cores) are reused as local animal feed.

We're also owned, grown and squeezed right here in Australia because we love what we do and want to keep it local.

No added sugar, just natural sweetness of fruit.",,,"Per 100g/ml
Per Serving
%DI
Energy
179kJ
358kJ
4%
Protein
0.4g
0.8g
2%
Total Fat
<1.0g
<1.0g
<1%
Saturated Fat
0.0g
0.0g
0.00%
Carbohydrate
9.9g
19.8g
6%
Sugars
9.4g
18.8g
21%
Sodium
1mg
2mg
<1%
Monounsaturated
0
0
0
Vitamin C
20mg
40mg
Energy (Cal)
43Cal
86Cal
0
Dietary Fibre (total)
0.7g
1.4g
5%
Polyunsaturated
0
0
0
Potassium
110mg
220mg
0
Trans
0
0
0
* Percentage Daily Intakes are based on an average adult diet of 8700 kJ. Your daily intakes may be higher or lower depending on your energy needs.",,https://www.coles.com.au/product/the-juice-brothers-tropical-juice-1l-7829244,,,2024-06-16T10:40:00.164701-04:00
Ind53SColes_ADrinks_SABeverages_IDaily Juice Green Juice | 2L,Daily Juice Green Juice | 2L,Daily Juice,Drinks,Beverages,Water & juices,,$5.90,,,"$2.95 per 1L
Was $6.20 on Jun 2024",5627930,"Daily Juice has been working since 1989 to create great tasting juice, great for the whole family to enjoy! With fruit ripened in the sun and no added sugar, Daily Juice is packed with good stuff to help kick start your day. 

A glass of delicious green juice blend is a great pick me up when you've got a long busy day ahead. With a blend of folate and vitamin C, Daily Juice Green Blend and Folate juice helps to reduce tiredness and fatigue when consumed as part of a balanced diet. 

Proudly Australian owned, made and loved. 

Contains fresh, reconstituted and from time to time, cold-stored juice.  
No added sugar

Proudly Aussie owned and Aussie made",,,"Per 100g/ml
Per Serving
%DI
Energy
184kJ
368kJ
4%
Protein
0.4g
0.8g
2%
Total Fat
<1.0g
<1.0g
<1%
Saturated Fat
0.0g
0.0g
0%
Carbohydrate
10.0g
20.0g
6%
Sugars
9.4g
18.8g
21%
Sodium
2mg
4mg
<1%
Monounsaturated
0
0
0
Vitamin C
30mg
60mg
Energy (Cal)
44Cal
88Cal
0
Dietary Fibre (total)
0.3g
0.6g
2%
Polyunsaturated
0
0
0
Trans
0
0
0
* Percentage Daily Intakes are based on an average adult diet of 8700 kJ. Your daily intakes may be higher or lower depending on your energy needs.",,https://www.coles.com.au/product/daily-juice-green-juice-2l-5627930,,,2024-06-16T10:40:11.030481-04:00
Ind53SColes_ADrinks_SABeverages_IThe Juice Lab Wellness Shot Kids Tropical Immune | 60mL,The Juice Lab Wellness Shot Kids Tropical Immune | 60mL,The Juice Lab,Drinks,Beverages,Water & juices,,$2.25,,,"$37.51 per 1L
Was $3.50 on Jun 2024",7027559,,,,,,https://www.coles.com.au/product/the-juice-lab-wellness-shot-kids-tropical-immune-60ml-7027559,,,2024-06-16T10:40:19.750281-04:00
Ind53SColes_ADrinks_SAJuice_IJust Juice Apple Juice Multipack 200mL | 6 pack,Just Juice Apple Juice Multipack 200mL | 6 pack,Just Juice,Drinks,Juice,Multi pack juice,,$5.50,,$6.30,$4.58 per 1L,8147115,"No added sugar
- High in Vitamin C
- No Preservatives
- No Artificial Colours or Flavours
- 1 Serve of Fruit per 125mL (as part of a balanced intake, fruit juice can be a serve of fruit (Australian Dietary Guidelines)).
No Added Sugar

High in Vitamin C

No Preservatives

No Artificial Colours

No Artifical Flavours

1 serve of fruit per 125mL of fruit Juice as part of a balanced diet.",,,"Per 100g/ml
Per Serving
%DI
Energy
184kJ
368kJ
4%
Protein
<1.0g
<1.0g
<1%
Total Fat
<1.0g
<1.0g
<1%
Saturated Fat
0.0g
0.0g
0%
Carbohydrate
10.5g
21.0g
7%
Sugars
10.1g
20.2g
22%
Sodium
8mg
16mg
1%
Vitamin C
10mg
20mg
50% RDI#
Dietary Fibre (total)
0.1g
0.2g
1%
* Percentage Daily Intakes are based on an average adult diet of 8700 kJ. Your daily intakes may be higher or lower depending on your energy needs.",,https://www.coles.com.au/product/just-juice-apple-juice-multipack-200ml-6-pack-8147115,,,2024-06-16T10:40:30.530215-04:00
Ind53SColes_ADrinks_SAJuice_IColes Fruit Drink Cranberry | 1L,Coles Fruit Drink Cranberry | 1L,Coles,Drinks,Juice,Plastic juice bottles,,$1.90,,,$1.90 per 1L,7089206,25% Fruit Juice High in Antioxidants Vitamin C 2D,,,"Per 100g/ml
Per Serving
%DI
Energy
177.6
444
Protein
0
0
Total Fat
0
0
Carbohydrate
10.4
26
Sugars
9.9
24.75
Sodium
2
5
Saturated
0
0
Vitamin C
12
30
Energy (Cal)
42.49
106.22
Dietary Fibre (total)
0.1
0.25
* Percentage Daily Intakes are based on an average adult diet of 8700 kJ. Your daily intakes may be higher or lower depending on your energy needs.",,https://www.coles.com.au/product/coles-fruit-drink-cranberry-1l-7089206,,,2024-06-16T10:40:41.306235-04:00
Ind53SColes_ADrinks_SAJuice_IPerkii Probiotics Fruit Smoothie Mango Coconut | 350mL,Perkii Probiotics Fruit Smoothie Mango Coconut | 350mL,Perkii,Drinks,Juice,Chilled juice,,$3.80,,$4.80,$10.86 per 1L,7016290,"Made with real fruit and bottled with billions of Targeted Release Probiotics. PERKii's Mango Coconut Probiotic Smoothie is a delicious, lactose-free smoothie that's good for your gut for a difference you can feel.",,,"Per 100g/ml
Per Serving
%DI
Energy
266kJ
930kJ
Protein
0.7g
2.4g
Total Fat
4.7g
16.6g
Saturated Fat
4.4g
15.5g
Carbohydrate
4.1g
14.2g
Sugars
3.8g
13.4g
Sodium
6mg
21mg
Dietary Fibre (total)
<1g
<1g
* Percentage Daily Intakes are based on an average adult diet of 8700 kJ. Your daily intakes may be higher or lower depending on your energy needs.","Water, Mango puree, Coconut cream, natural sweetener (968, 960), Lactobacillus casei, glazing agent (calcium alginate), xanthan gum, preservative (202).",https://www.coles.com.au/product/perkii-probiotics-fruit-smoothie-mango-coconut-350ml-7016290,,,2024-06-16T10:40:52.296205-04:00
Ind53SColes_ADrinks_SAJuice_IGolden Circle Mango Nectar | 2L,Golden Circle Mango Nectar | 2L,Golden Circle,Drinks,Juice,Plastic juice bottles,,$3.50,,$4.80,$1.75 per 1L,7796225,"Reminisce on days spent in the sunshine with Golden Circle Mango Nectar. This nectar is made with no artificial colours, flavours or preservatives and brings bright and sweet flavour to smoothies, desserts and even savoury recipes. Golden Circle Mango Nectar saves you time in the kitchen, adding mango flavour to sauces, curries, smoothies and desserts with no preparation needed. A good source of vitamin C, Golden Circle Mango Nectar is a summertime barbecue staple. Try blending with frozen banana and pineapple for a tropical smoothie, or using this sweet nectar as a marinade for chicken or pork. Golden Circle, Share the Sunshine.
No artificial colours, flavours or preservatives

Serve chilled

Great in smoothies and mocktails

Adds a sweet flavour hit to savoury recipes

Good source of vitamin C",,,"Per 100g/ml
Per Serving
%DI
Energy
240 kJ
480 kJ
Protein
0.1 g
0.2 g
Total Fat
0.1 g
0.2 g
Saturated Fat
0 g
0 g
Carbohydrate
13.3 g
26.6 g
Sugars
13.0 g
26.0 g
Sodium
11 mg
22 mg
Vitamin C
15 mg
30 mg (75% RDI*)
* Percentage Daily Intakes are based on an average adult diet of 8700 kJ. Your daily intakes may be higher or lower depending on your energy needs.",,https://www.coles.com.au/product/golden-circle-mango-nectar-2l-7796225,,,2024-06-16T10:41:03.023883-04:00
Ind53SColes_ADrinks_SAJuice_IGolden Circle Summer Berries Fruit Drink LunchBox Multipack Poppers 6x250mL | 6 pack,Golden Circle Summer Berries Fruit Drink LunchBox Multipack Poppers 6x250mL | 6 pack,Golden Circle,Drinks,Juice,Multi pack juice,,$5.10,Pick any 2 for $8,,$3.40 per 1L,2044561,"Golden Circle Summer Berries Fruit Drink. A fruit drink designed to be enjoyed in the sunshine, it contains no artificial colours, flavours or preservatives. Golden Circle Summer Berries Fruit Drink is best served chilled, or frozen into iceblocks. Packaged into convenient single serve cartons, which are perfect for when on the go, whether you're heading to work, school, spending the day at the beach or heading to a picnic at the park. Golden Circle, Share the Sunshine.
No artificial colours

No artificial flavours

No preservatives

Good source of vitamin C

Perfect size for bringing to picnics and beach trips",,,"Per 100g/ml
Per Serving
%DI
Energy
175 kJ
440 kJ
Protein
0 g
0 g
Total Fat
0 g
0 g
Saturated Fat
0 g
0 g
Carbohydrate
9.8 g
24.5 g
Sugars
9.8 g
24.5 g
Sodium
8 mg
20 mg
Vitamin C
16 mg
40 mg (100% RDI*)
16 mg
* Percentage Daily Intakes are based on an average adult diet of 8700 kJ. Your daily intakes may be higher or lower depending on your energy needs.",,https://www.coles.com.au/product/golden-circle-summer-berries-fruit-drink-lunchbox-multipack-poppers-6x250ml-6-pack-2044561,,,2024-06-16T10:41:14.277540-04:00
Ind53SColes_ADrinks_SAJuice_ISunraysia Pomegranate Juice | 1L,Sunraysia Pomegranate Juice | 1L,Sunraysia,Drinks,Juice,Glass juice bottles,,$5.50,,$6.50,$5.50 per 1L,2531992,"All Natural.

Nothing Artificial. 

Potassium to Nourish Your Nervous System. This superfruit is a source of potassium, which is one of the essential elements to keep your nervous system happy - ensuring all the messages for actions like muscle movement, heart function and digestion get around the body, keeping you on top of your game.

100% Juice

All Natural

Naturally Contains Potassium

No added sugar

No Artificial Colours

No artificial Flavours.",,,,100% Reconstituted Pomegranate Juice.,https://www.coles.com.au/product/sunraysia-pomegranate-juice-1l-2531992,,,2024-06-16T10:41:22.986909-04:00
Ind53SColes_ADrinks_SAJuice_IImpressed Essentials Tropical Juice | 1L,Impressed Essentials Tropical Juice | 1L,Impressed,Drinks,Juice,Chilled juice,,$4.80,,,$4.80 per 1L,4845663,"Impressed Juices are cold pressed from the freshest produce.
Each juice contains Aussie-grown fresh vegetables, fruits and herbs which we carefully cold press and bottle locally resulting in full flavoured and irresistibly aromatic fresh juice.
Add a splash of paradise to your morning with the goodness of 100% Aussie pear, orange, apple, pineapple, mango, banana & passionfruit.
For our full range of products & more, visit our website www.impressedlife.com.au and follow us @impressedlife",,,"Per 100g/ml
Per Serving
%DI
Energy
208kJ
520kJ
Protein
0.4g
1g
Total Fat
<0.1g
<0.1g
Saturated Fat
<0.1g
<0.1g
Carbohydrate
11.5g
28.8g
Sugars
9.7g
24.3g
Sodium
2mg
5mg
* Percentage Daily Intakes are based on an average adult diet of 8700 kJ. Your daily intakes may be higher or lower depending on your energy needs.",,https://www.coles.com.au/product/impressed-essentials-tropical-juice-1l-4845663,,,2024-06-16T10:41:33.722115-04:00
Ind53SColes_ADrinks_SAJuice_INudie Nothing But Carrot Apple Orange & Ginger Juice | 400mL,Nudie Nothing But Carrot Apple Orange & Ginger Juice | 400mL,Nudie,Drinks,Juice,Chilled juice,,$3.90,,,$9.75 per 1L,4868206,"Mum always told us to eat our veggies. That's the way to grow up big and strong, she said. Not to mention the risk of spinach tooth - argh! We thought there must be a better way... so we worked long and hard with our farmers and think we've found a winner (hooray!). Jam-packed with veggie (and fruity) goodness and absolutely no nasties - ew! It's delicious (in our humble, slightly biased opinion). Now you're on your way to five serves. Mum would be proud. How have you made Mum proud? creatorsofgood@nudie.com.au
100% Australian fruit & veg

No added sugar

No preservatives

No artificial flavours

No concentrates",,,"Per 100g/ml
Per Serving
%DI
Energy
172kJ
430kJ
Protein
Less than 1g
1.0g
Total Fat
Less than 1g
Less than 1g
Saturated Fat
Less than 1g
Less than 1g
Carbohydrate
9.3g
23.3g
Sugars
8.1g
20.2g
Sodium
33mg
83mg
Dietary Fibre (total)
Less than 1g
Less than 1g
* Percentage Daily Intakes are based on an average adult diet of 8700 kJ. Your daily intakes may be higher or lower depending on your energy needs.",,https://www.coles.com.au/product/nudie-nothing-but-carrot-apple-orange-and-ginger-juice-400ml-4868206,,,2024-06-16T10:41:44.404321-04:00
Ind53SColes_ADrinks_SAJuice_INudie Tropical Breakfast Juice | 1L,Nudie Tropical Breakfast Juice | 1L,Nudie,Drinks,Juice,Chilled juice,,$6.00,,,$6.00 per 1L,7016541,,,,,,https://www.coles.com.au/product/nudie-tropical-breakfast-juice-1l-7016541,,,2024-06-16T10:41:53.161881-04:00
Ind53SColes_ADrinks_SAJuice_IImpressed Cold Pressed Juice Limited Edition | 1L,Impressed Cold Pressed Juice Limited Edition | 1L,Impressed,Drinks,Juice,Chilled juice,,$5.00,,$5.50,$5.00 per 1L,7018354,"Savour the refreshing blend of pineapple, apple, lemon and cucumber, combined with the zing of ginger and the zest of lime. This is a limited batch so get in quick!",,,"Per 100g/ml
Per Serving
%DI
Energy
177kJ
442kJ
Protein
0.2g
0.5g
Total Fat
<0.1g
<0.1g
Saturated Fat
<0.1g
<0.1g
Carbohydrate
10.2g
25.5g
Sugars
9.1g
22.7g
Sodium
1mg
3mg
* Percentage Daily Intakes are based on an average adult diet of 8700 kJ. Your daily intakes may be higher or lower depending on your energy needs.","Granny Smith & Pink Lady Apple (59%), Pineapple (33%), Cucumber (5.7%), Lime (0.9%), Lemon (0.9%), Ginger (0.5%)",https://www.coles.com.au/product/impressed-cold-pressed-juice-limited-edition-1l-7018354,,,2024-06-16T10:42:04.579494-04:00
Ind53SColes_ADrinks_SA_IImpressed Essentials Orange Juice With Pulp | 1L,Impressed Essentials Orange Juice With Pulp | 1L,Impressed,Drinks,,,,$4.80,,,$4.80 per 1L,4845619,"Simple and delicious pressed juice crafted with nothing but 100% local Aussie fruit.
Each juice contains Aussie-grown fresh fruits which we carefully pressed and bottle locally resulting in full flavoured and irresistibly aromatic fresh juice.
Pressed juice
Fresh Australian produce
Naturally nutritious
Vibrant and fresh
For our full range of products & more, visit our website www.impressedlife.com.au and follow us @impressedlife",,,"Per 100g/ml
Per Serving
%DI
Energy
197kJ
493kJ
Protein
0.6g
1.5g
Total Fat
<0.1g
<0.1g
Saturated Fat
<0.1g
<0.1g
Carbohydrate
10.9g
27.3g
Sugars
8.5g
21.3g
Sodium
<1mg
<1mg
* Percentage Daily Intakes are based on an average adult diet of 8700 kJ. Your daily intakes may be higher or lower depending on your energy needs.",100% Orange Juice,https://www.coles.com.au/product/impressed-essentials-orange-juice-with-pulp-1l-4845619,,,2024-06-16T10:42:16.545501-04:00
Ind53SColes_ADrinks_SAJuice_IBickford's Pomegranate Juice | 1L,Bickford's Pomegranate Juice | 1L,Bickfords,Drinks,Juice,Plastic juice bottles,,$5.50,,$6.50,$5.50 per 1L,5973625,"A selection of hand-picked pomegranates from our own farm in the Northern Mallee region of South Australia adds to the deliciousness of this bottle of juice. There's no added sugar, no preservatives and nothing artificial because we know that's important to you.",,,"Per 100g/ml
Per Serving
%DI
Energy
270kJ
675kJ
Protein
<0.2g
<0.5g
Total Fat
0g
0g
Saturated Fat
0g
0g
Carbohydrate
16g
40g
Sugars
13g
32.5g
Sodium
5mg
12.5mg
Monounsaturated
0g
0g
Dietary Fibre (total)
0g
0g
Polyunsaturated
0g
0g
Trans
0g
0g
* Percentage Daily Intakes are based on an average adult diet of 8700 kJ. Your daily intakes may be higher or lower depending on your energy needs.",,https://www.coles.com.au/product/bickford's-pomegranate-juice-1l-5973625,,,2024-06-16T10:42:27.294870-04:00
Ind53SColes_ADrinks_SAJuice_IImpressed Cold Pressed Jack Rose Juice | 1L,Impressed Cold Pressed Jack Rose Juice | 1L,Impressed,Drinks,Juice,Chilled juice,,$5.00,,$5.50,$5.00 per 1L,7017781,"Impressed Juices are cold pressed from the freshest produce. Each juice contains Aussie-grown fresh vegetables, fruits and herbs which we carefully cold press and bottle locally resulting in full flavoured and irresistibly aromatic fresh juice.
A beautiful blend of juicy strawberries, apple, lemon with a hint of mint for a refreshing hit!",,,"Per 100g/ml
Per Serving
%DI
Energy
184kJ
459kJ
Protein
0.2g
0.5g
Total Fat
0.2g
0.5g
Saturated Fat
<0.1g
<0.1g
Carbohydrate
10.3g
25.8g
Sugars
8.9g
22.3g
Sodium
0.8mg
2mg
Dietary Fibre (total)
<0.5g
<1.6g
* Percentage Daily Intakes are based on an average adult diet of 8700 kJ. Your daily intakes may be higher or lower depending on your energy needs.",,https://www.coles.com.au/product/impressed-cold-pressed-jack-rose-juice-1l-7017781,,,2024-06-16T10:42:38.089660-04:00
Ind53SColes_ADrinks_SA_IGolden Circle Refreshers Berry Burst Flavoured Water Drink | 1L,Golden Circle Refreshers Berry Burst Flavoured Water Drink | 1L,Golden Circle,Drinks,,,,$3.50,Pick any 2 for $4.90,,$3.50 per 1L,5632250,"Golden Circle Refreshers Berry Burst brings a new and exciting blend of fruity flavours. Perfect for cooling off on those hot summer days. Low sugar, Golden Circle Refreshers Berry Burst is the perfect drink option to serve to any crowd. It's a delicious blend of still water, fruit juice and berry flavours. No artificial colours, flavours or preservatives.
Refreshing berry flavours

Low sugar

No artificial flavours

No artificial colours

No preservatives",,,"Per 100g/ml
Per Serving
%DI
Energy
50kJ
100kJ
Protein
0g
0g
Total Fat
0g
0g
Saturated Fat
0g
0g
Carbohydrate
2.4g
4.8g
Sugars
2.4g
4.8g
Sodium
10mg
20mg
Dietary Fibre (total)
0.1g
0.2g
* Percentage Daily Intakes are based on an average adult diet of 8700 kJ. Your daily intakes may be higher or lower depending on your energy needs.",,https://www.coles.com.au/product/golden-circle-refreshers-berry-burst-flavoured-water-drink-1l-5632250,,,2024-06-16T10:42:49.404831-04:00
Ind53SColes_ADrinks_SAJuice_ICampbell's V8 Vegetable Juice | 300mL,Campbell's V8 Vegetable Juice | 300mL,Campbells,Drinks,Juice,Plastic juice bottles,,$2.70,,,$9.00 per 1L,2047130,"V8 Original vegetable juice is a healthy antioxidant boost. This tomato, carrot and celery juice is packed with vitamins to put a powerful pep in your step. Grab this ambient juice for a healthy morning pick-me-up. Or if you're short on time, it's the perfect lunchbox drink for an on-the-go afternoon top up. Grab yourself a V8 fuel up!
No artificial flavours or colours
No added preservatives or added sugar
Source of vitamin A and antioxidant vitamin C
Four serves of vegetables per 250mL (based on the 2013 Australian Dietary Guidelines)",,,"Per 100g/ml
Per Serving
%DI
Energy
88kJ
263kJ
0
Protein
0.7g
2.2g
0
Total Fat
0.1g
0.2g
0
Saturated Fat
<0.1g
<0.1g
0
Carbohydrate
3.7g
11.2g
0
Sugars
2.9g
8.6g
0
Vitamin A
75ug
225ug
Sodium
237mg
710mg
0
Monounsaturated
0
0
0
Vitamin C
2mg
6mg
Energy (Cal)
21Cal
63Cal
0
Dietary Fibre (total)
1.0g
3.1g
0
Polyunsaturated
0
0
0
Trans
0
0
0
* Percentage Daily Intakes are based on an average adult diet of 8700 kJ. Your daily intakes may be higher or lower depending on your energy needs.",,https://www.coles.com.au/product/campbell's-v8-vegetable-juice-300ml-2047130,,,2024-06-16T10:43:00.412465-04:00
Ind53SColes_ADrinks_SAJuice_IGolden Circle  Tetra Pineapple Mango Fruit Drink | 1L,Golden Circle  Tetra Pineapple Mango Fruit Drink | 1L,Golden Circle,Drinks,Juice,Packs & Pouches,,$2.70,,,$2.70 per 1L,200145,"No barbecue or picnic is complete without a carton of Golden Circle Pine Mango Fruit Drink. This fruit drink is a gorgeous mix of two tropical flavours, made with no artificial colours, flavours or preservatives. Brighten up your cocktails, mocktails, punches and smoothies with Golden Circle Pine Mango Fruit Drink. This fruit drink tastes great when blended with some banana and frozen fruit, or simply chilled in a glass of ice. Sip on a glass with breakfast, or enjoy as you chill out by the pool. Golden Circle, Share the Sunshine.
No artificial colours, flavours or preservatives

A good source of vitamin C

A tropical mix of pineapple and mango flavours

Serve chilled

Use to add a fruity touch to your cocktails and mocktails",,,"Per 100g/ml
Per Serving
%DI
Energy
175 kJ
350 kJ
Protein
0 g
0 g
Total Fat
0 g
0 g
Saturated Fat
0 g
0 g
Carbohydrate
9.6 g
19.2 g
Sugars
9.5 g
19.0 g
Sodium
9 mg
18 mg
Vitamin C
15 mg
30 mg (75% RDI)*
15 mg
* Percentage Daily Intakes are based on an average adult diet of 8700 kJ. Your daily intakes may be higher or lower depending on your energy needs.",,https://www.coles.com.au/product/golden-circle-tetra-pineapple-mango-fruit-drink-1l-200145,,,2024-06-16T10:43:11.349392-04:00
Ind53SColes_ADrinks_SAJuice_IMildura Orange And Passionfruit Drink | 500mL,Mildura Orange And Passionfruit Drink | 500mL,Mildura,Drinks,Juice,Chilled juice,,$2.50,,$2.80,$5.00 per 1L,2478867,"Midura Refreshing Fruit Drink is aussie owned and loved. 

Available in a convenient 500ml bottle, a glass of delicious and vibrant fruit drink is a refreshing addition to your day!

Proudly packed in NSW and QLD by and for the Bega Group using local and imported ingredients. The local ingredients are sourced Australia wide.
With fruit juice

Perfect to drink on the go

Easy to pour, resealable pack

Delicious and full flavoured

Refreshing drink

Manufactured in Australia.",,,"Per 100g/ml
Per Serving
%DI
Energy
163kJ
815kJ
9.0%
Protein
0.1g
0.5g
1.0%
Total Fat
0g
0g
0.0%
Saturated Fat
0g
0g
0.0%
Carbohydrate
9.4g
47g
15.0%
Sugars
8.9g
44.5g
49.0%
Sodium
2.5mg
12.5mg
1.0%
* Percentage Daily Intakes are based on an average adult diet of 8700 kJ. Your daily intakes may be higher or lower depending on your energy needs.","Filtered Water, Reconstituted Orange Juice (19.5%), Cane Sugar, Reconstituted Passionfruit Juice (0.5%), Acidity Regulator (Citric Acid), Flavours, Preservative (202), Natural Colour (Annatto).",https://www.coles.com.au/product/mildura-orange-and-passionfruit-drink-500ml-2478867,,,2024-06-16T10:43:22.283798-04:00
Ind53SColes_ADrinks_SAJuice_ICampbell's V8 Juice Tropical Fusion | 300mL,Campbell's V8 Juice Tropical Fusion | 300mL,Campbells,Drinks,Juice,Plastic juice bottles,,$2.70,,,$9.00 per 1L,2047140,"V8 Tropical juice is a healthy antioxidant boost. This apple, pineapple, passionfruit and carrot juice contains vitamins. Grab this ambient juice for a healthy morning pick-me-up. Or if you're short on time, it's the perfect lunchbox drink for an on-the-go afternoon top up. Grab yourself a V8 fuel up!
No artificial flavours or colours
No added preservatives or added sugar
Source of antioxidant vitamin C",,,"Per 100g/ml
Per Serving
%DI
Energy
184kJ
552kJ
0
Protein
0.4g
1.2g
0
Total Fat
0.1g
0.3g
0
Saturated Fat
<0.1g
0.1g
0
Carbohydrate
10.0g
30.0g
0
Sugars
8.6g
25.8g
0
Vitamin A
75ug
225ug
Sodium
22mg
66mg
0
Monounsaturated
0
0
0
Vitamin C
2mg
6mg
Energy (Cal)
44Cal
132Cal
0
Dietary Fibre (total)
0.4g
1.2g
0
Polyunsaturated
0
0
0
Trans
0
0
0
* Percentage Daily Intakes are based on an average adult diet of 8700 kJ. Your daily intakes may be higher or lower depending on your energy needs.",,https://www.coles.com.au/product/campbell's-v8-juice-tropical-fusion-300ml-2047140,,,2024-06-16T10:43:33.240190-04:00
Ind53SColes_ADrinks_SAJuice_INudie Pink Lemonade Juice | 2L,Nudie Pink Lemonade Juice | 2L,Nudie,Drinks,Juice,Chilled juice,,$7.00,,$8.50,$3.50 per 1L,3962956,"Us nudies have been courting some fresh flavours and having a ball in the process...

Our latest creation is a blend of blood orange with a sneaky backhand of zesty lemon and groovy grape to really unlock your swing. Taking inspiration from pink lemonade perfection, we've served up a citrusy grand slam which really doubles up the flavour. Perfect for grass court sipping or a good old sandy beach volley before an ocean plunge. We know your reaction will be love/one!

Got an inspired fruit combo to get the juices flowing? Be a good sport and serve it up to us!
Made with 100% real fruit

No added sugar

No preservatives

No artificial flavours

100% Australian Fruit",,,"Per 100g/ml
Per Serving
%DI
Energy
228kJ
570kJ
Protein
Less than 1g
Less than 1g
Total Fat
Less than 1g
Less than 1g
Saturated Fat
Less than 1g
Less than 1g
Carbohydrate
13.2g
33.0g
Sugars
12.4g
31.0g
Sodium
9mg
23mg
Potassium
100mg
250mg
* Percentage Daily Intakes are based on an average adult diet of 8700 kJ. Your daily intakes may be higher or lower depending on your energy needs.",,https://www.coles.com.au/product/nudie-pink-lemonade-juice-2l-3962956,,,2024-06-16T10:43:44.041878-04:00
Ind53SColes_ADrinks_SAJuice_IJust Juice Orange Juice Multipack 200mL | 6 pack,Just Juice Orange Juice Multipack 200mL | 6 pack,Just Juice,Drinks,Juice,Multi pack juice,,$5.50,,$6.30,$4.58 per 1L,5001281,"No added sugar
- High in Vitamin C
- No Preservatives
- No Artificial Colours or Flavours
- 1 Serve of Fruit per 125mL (as part of a balanced intake, fruit juice can be a serve of fruit (Australian Dietary Guidelines)).
No Added Sugar

High in Vitamin C

No Preservatives

No Artificial Colours

No Artifical Flavours

125mL of fruit juice as part of a balanced diet.",,,"Per 100g/ml
Per Serving
%DI
Energy
168kJ
336kJ
4%
Protein
0.6g
1.2g
2%
Total Fat
<1.0g
<1.0g
<1%
Saturated Fat
0.0g
0.0g
0%
Carbohydrate
9.0g
18.0g
6%
Sugars
8.3g
16.6g
18%
Sodium
2.5mg
5.0mg
<1%
Vitamin C
20mg
40mg
100% RDI#
Dietary Fibre (total)
0.2g
0.4g
1%
* Percentage Daily Intakes are based on an average adult diet of 8700 kJ. Your daily intakes may be higher or lower depending on your energy needs.",,https://www.coles.com.au/product/just-juice-orange-juice-multipack-200ml-6-pack-5001281,,,2024-06-16T10:43:55.150211-04:00
Ind53SColes_ADrinks_SAJuice_IPrima Tropical Fruit Drink Multipack 200mL | 6 pack,Prima Tropical Fruit Drink Multipack 200mL | 6 pack,Prima,Drinks,Juice,Multi pack juice,,$4.10,,,"$3.42 per 1L
Was $4.60 on Apr 2024",6631875,"Enjoy Prima Tropical 200mL on the go or at home. As an accompaniment to lunch or an afternoon pick me up! With no preservatives or artificial colours or flavours. Available in a 6 pack of 200mL juice boxes.
20% fruit juice

No preservatives

No artificial colour

No artifical flavours

Convenient pack size

6 x 200mL Packs.",,,"Per 100g/ml
Per Serving
%DI
Energy
164kJ
328kJ
Protein
0.1g
0.2g
Total Fat
0.0g
0.0g
Saturated Fat
0.0g
0.0g
Carbohydrate
9.5g
19.0g
Sugars
9.0g
18.0g
Sodium
8mg
16mg
* Percentage Daily Intakes are based on an average adult diet of 8700 kJ. Your daily intakes may be higher or lower depending on your energy needs.",,https://www.coles.com.au/product/prima-tropical-fruit-drink-multipack-200ml-6-pack-6631875,,,2024-06-16T10:44:06.016124-04:00
Ind53SColes_ADrinks_SAJuice_IEastcoast Berverage 100% Orange Juice | 400mL,Eastcoast Berverage 100% Orange Juice | 400mL,Eastcoast Berverage,Drinks,Juice,Chilled juice,,$2.60,,$2.95,$6.50 per 1L,7016654,Made locally on the Central Coast from 100% Australian Oranges. No added sugar and no concentrates.,,,"Per 100g/ml
Per Serving
%DI
Energy
120kJ
240kJ
Protein
0.8g
1.6g
Total Fat
0g
0g
Saturated Fat
0g
0g
Carbohydrate
5.4g
10.8g
Sugars
5.4g
10.8g
Sodium
2mg
4mg
* Percentage Daily Intakes are based on an average adult diet of 8700 kJ. Your daily intakes may be higher or lower depending on your energy needs.","Contains Juice from Australian Oranges (99.9%), Preservative (202).",https://www.coles.com.au/product/eastcoast-berverage-100percent-orange-juice-400ml-7016654,,,2024-06-16T10:44:17.399097-04:00
Ind53SColes_ADrinks_SAJuice_INudie Nothing But Juice Orange Pulp Free | 400mL,Nudie Nothing But Juice Orange Pulp Free | 400mL,Nudie,Drinks,Juice,Chilled juice,,$3.90,,,$9.75 per 1L,3893489,"It's not easy to concentrate, which is why we avoid it at all costs. But some juicers looove to concentrate so much, they use it in their juice! Concentrate is a kind of cryogenically frozen juice that's brought back to life years later by adding water, flavour, sugar and other stuff. Eww! That's why we made nothing but; good, simple, fruit juice - no preservatives, no additives, just Aussie fruit. And because we love to support local farmers and growers - we will always only use Australian oranges, right from our own backyard. What good could we do beyond the juice fridge? creatorsofgood@nudie.com.au
100% Australian fruit & veg

No added sugar

No preservatives

No artificial flavours

No concentrates",,,,,https://www.coles.com.au/product/nudie-nothing-but-juice-orange-pulp-free-400ml-3893489,,,2024-06-16T10:44:26.640401-04:00
Ind53SColes_ADrinks_SAJuice_IColes Orange & Mango Fruit Drink 250Ml | 6 pack,Coles Orange & Mango Fruit Drink 250Ml | 6 pack,Coles,Drinks,Juice,Multi pack juice,,$3.50,,,$2.33 per 1L,2535610,Coles Mango orange fruit drink 250 ml 6 pack. 35% Fruit Juice No Artificial Sweeteners great for lunch boxes,,,"Per 100g/ml
Per Serving
%DI
Energy
146
364
4
Protein
LESS THAN 1g
LESS THAN 1g
1
Total Fat
LESS THAN 1g
LESS THAN 1g
0
Saturated Fat
0.1
0.25
Carbohydrate
8.2
20.5
7
Sodium
LESS THAN 5mg
8
0
Energy (Cal)
35
87
Dietary Fibre
0.1
0.25
* Percentage Daily Intakes are based on an average adult diet of 8700 kJ. Your daily intakes may be higher or lower depending on your energy needs.",,https://www.coles.com.au/product/coles-orange-and-mango-fruit-drink-250ml-6-pack-2535610,,,2024-06-16T10:44:37.491744-04:00
Ind53SColes_ADrinks_SA_ISunraysia Prune Juice Bottle | 1L,Sunraysia Prune Juice Bottle | 1L,Sunraysia,Drinks,,,,$5.50,,$6.50,$5.50 per 1L,1386118,"All Natural.

Nothing artificial. 

Put the Spring Back in Your Step!

Prunes are a well-known remedy for keeping your digestive system running at its best; potassium, which contributes to normal nervous system function and iron which contributes to normal cognitive function. Like good wine, our prune juices vary from season to season - as it's all natural!
100% Juice

All Natural

Source of Iron

Source of Fibre, Gut Health Boost

Naturally contains potassium

No added sugar.

No Artificial Colours.

No artificial Flavours.",,,"Per 100g/ml
Per Serving
%DI
Energy
272kJ
680kJ
Protein
0.0g
0.0g
Total Fat
0.0g
0.0g
Saturated Fat
0.0g
0.0g
Carbohydrate
15.3g
38.3g
Sugars
8.0g
20.0g
Sodium
13mg
33mg
Energy (Cal)
65Cal
162Cal
Dietary Fibre (total)
1.0g
2.5g
Iron
1.2mg
3.0mg
Potassium
270mg
675mg
Trans
0.0g
0.0g
* Percentage Daily Intakes are based on an average adult diet of 8700 kJ. Your daily intakes may be higher or lower depending on your energy needs.",,https://www.coles.com.au/product/sunraysia-prune-juice-bottle-1l-1386118,,,2024-06-16T10:44:48.446636-04:00
Ind53SColes_ADrinks_SA_IBoost Apple Fruit Juice | 190mL,Boost Apple Fruit Juice | 190mL,Boost,Drinks,,,,$2.25,,$2.50,$11.84 per 1L,7018580,,,,"Per 100g/ml
Per Serving
%DI
Energy
180kJ
342kJ
Protein
<1g
<1g
Total Fat
<0.1g
<0.1g
Saturated Fat
<0.1g
<0.1g
Carbohydrate
10.6g
20.1g
Sugars
10.3g
19.6g
Sodium
9mg
17.1mg
* Percentage Daily Intakes are based on an average adult diet of 8700 kJ. Your daily intakes may be higher or lower depending on your energy needs.",,https://www.coles.com.au/product/boost-apple-fruit-juice-190ml-7018580,,,2024-06-16T10:44:59.384791-04:00
Ind53SColes_ADrinks_SAJuice_IDaily Juice Green Blend Folate | 1L,Daily Juice Green Blend Folate | 1L,Daily Juice,Drinks,Juice,Chilled juice,,$3.80,,$4.80,$3.80 per 1L,4465345,"Daily Juice has been working since 1989 to create great tasting juice, great for the whole family to enjoy! With fruit ripened in the sun and no added sugar, Daily Juice is packed with good stuff to help kick start your day. 

A glass of delicious green juice blend is a great pick me up when you've got a long busy day ahead. With a blend of folate and vitamin C, Daily Juice Green Blend and Folate juice helps to reduce tiredness and fatigue when consumed as part of a balanced diet. 

Proudly Australian owned, made and loved. 

Contains fresh, reconstituted and from time to time, cold-stored juice. 
With folate and Vit C to keep you energised^",,,"Per 100g/ml
Per Serving
%DI
Energy
183
366
4
Protein
0.5
1
2
Total Fat
<1
<1
<1
Saturated Fat
0
0
0
Carbohydrate
9.9
19.8
6
Sugars
9.3
18.6
21
Sodium
2
4
<1
Dietary Fibre (total)
0.3
0.6
2
* Percentage Daily Intakes are based on an average adult diet of 8700 kJ. Your daily intakes may be higher or lower depending on your energy needs.",,https://www.coles.com.au/product/daily-juice-green-blend-folate-1l-4465345,,,2024-06-16T10:45:10.277758-04:00
Ind53SColes_ADrinks_SAJuice_IJust Juice Orange Mango Juice Multipack 200mL | 6 pack,Just Juice Orange Mango Juice Multipack 200mL | 6 pack,Just Juice,Drinks,Juice,Multi pack juice,,$5.50,,$6.30,$4.58 per 1L,5001270,"No added sugar
- High in Vitamin C
- No Preservatives
- No Artificial Colours or Flavours
- 1 Serve of Fruit per 125mL (as part of a balanced intake, fruit juice can be a serve of fruit (Australian Dietary Guidelines)).
No Added Sugar

High in Vitamin C

No Preservatives

No Artificial Colours

No Artificial Flavours

1 serve of fruit per 125mL of fruit juice as part of a balanced diet..",,,"Per 100g/ml
Per Serving
%DI
Energy
169kJ
338kJ
4%
Protein
0.6g
1.2g
2%
Total Fat
<1.0g
<1.0g
<1%
Saturated Fat
0.0g
0.0g
0%
Carbohydrate
9.0g
18.0g
6%
Sugars
8.3g
16.5g
18%
Sodium
2.5mg
5.0mg
<1%
Vitamin C
20mg
40mg
100% RDI#
Dietary Fibre (total)
0.2g
0.4g
1%
* Percentage Daily Intakes are based on an average adult diet of 8700 kJ. Your daily intakes may be higher or lower depending on your energy needs.",,https://www.coles.com.au/product/just-juice-orange-mango-juice-multipack-200ml-6-pack-5001270,,,2024-06-16T10:45:21.651491-04:00
Ind53SColes_ADrinks_SAJuice_IGolden Circle Refreshers Wild Waterfall Flavoured Water Drink 250mL | 6 pack,Golden Circle Refreshers Wild Waterfall Flavoured Water Drink 250mL | 6 pack,Golden Circle,Drinks,Juice,Multi pack juice,,$5.80,Pick any 2 for $8,,$3.87 per 1L,5633682,"Freshen up with the delicious flavours of kiwi and watermelon in the new Golden Circle Refreshers Wild Waterfall. It's perfect to have on hand for entertaining or to take on the go to enjoy at work or outdoors. Low sugar, Golden Circle Refreshers Wild Waterfall is a fun and refreshing drink option that's sure to be a hit with the whole family. It's a tasty mix of still water and fruit juice with refreshing kiwi and watermelon flavours. No artificial colours, flavours or preservatives.
Convenient on-the-go size

Kiwi and watermelon flavours

Low sugar

No artificial colours, flavours or preservatives

Serve chilled for a refreshing taste",,,"Per 100g/ml
Per Serving
%DI
Energy
50kJ
125kJ
Protein
0g
0g
Total Fat
0g
0g
Saturated Fat
0g
0g
Carbohydrate
2.4g
6.0g
Sugars
2.3g
5.8g
Sodium
10mg
25mg
Dietary Fibre (total)
0g
0g
* Percentage Daily Intakes are based on an average adult diet of 8700 kJ. Your daily intakes may be higher or lower depending on your energy needs.",,https://www.coles.com.au/product/golden-circle-refreshers-wild-waterfall-flavoured-water-drink-250ml-6-pack-5633682,,,2024-06-16T10:45:33.771930-04:00
Ind53SColes_ADrinks_SAJuice_ISunraysia Pouch 99.9% Tropical Juice | 200mL,Sunraysia Pouch 99.9% Tropical Juice | 200mL,Sunraysia,Drinks,Juice,Plastic juice bottles,,$1.50,Pick any 5 for $5.30,,$7.50 per 1L,4159112,"Sunraysia pouches are a wholesome great tasting range of juices with added sugar, no artificial colours, flavours or preservatives. Available in a convenient, durable 200ml single serve pouch that won't split or break. Also great frozen or as a slushie - the perfect addition to any lunchbox.
- 100% Natural.
- Non genetically modified.
- Nothing Artificial.
- No added sugars or preservatives.
- Good Source of Vitamin C.
- 99.9 % Juice.
- BPA Free.
100% Natural

1 Serve of Fruit*

Good Source of Vitamin C

99.9 % Juice, no added sugar

Non genetically modified

Vegetarian & Vegan Friendly.

No artificial colours, flavours or preservatives.

Great Frozen.",,,"Per 100g/ml
Per Serving
%DI
Energy
201kJ
402kJ
Protein
0.1g
0.2g
Total Fat
0.0g
0.0g
Saturated Fat
0.0g
0.0g
Carbohydrate
11.7g
23.4g
Sugars
11.3g
22.6g
Sodium
9mg
18mg
Vitamin C
15mg
30mg
75% RDI#
Energy (Cal)
47Cal
94Cal
Trans
0.0g
0.0g
* Percentage Daily Intakes are based on an average adult diet of 8700 kJ. Your daily intakes may be higher or lower depending on your energy needs.",,https://www.coles.com.au/product/sunraysia-pouch-99.9percent-tropical-juice-200ml-4159112,,,2024-06-16T10:45:44.933811-04:00
Ind53SColes_ADrinks_SAJuice_IImpressed Jack Rose Juice | 325mL,Impressed Jack Rose Juice | 325mL,Impressed,Drinks,Juice,Chilled juice,,$3.60,,,$11.08 per 1L,3062354,"Impressed Juices are cold pressed from the freshest produce. Each juice contains Aussie-grown fresh vegetables, fruits and herbs which we carefully cold press and bottle locally resulting in full flavoured and irresistibly aromatic fresh juice.
A beautiful blend of juicy strawberries, apple, lemon with a hint of mint for a refreshing hit!
For our full range of products & more, visit our website www.impressedlife.com.au and follow us @impressedlife",,,"Per 100g/ml
Per Serving
%DI
Energy
184kJ
597kJ
Protein
0.2g
0.7g
Total Fat
0.2g
0.7g
Saturated Fat
0.1g
0.3g
Carbohydrate
10.3g
33.3g
Sugars
8.9g
28.8g
Sodium
0.8mg
2.9mg
* Percentage Daily Intakes are based on an average adult diet of 8700 kJ. Your daily intakes may be higher or lower depending on your energy needs.",,https://www.coles.com.au/product/impressed-jack-rose-juice-325ml-3062354,,,2024-06-16T10:45:55.750651-04:00
Ind53SColes_ADrinks_SAJuice_IGolden Circle Refreshers Tropical Sunrise Flavoured Water Drink 250mL | 6 pack,Golden Circle Refreshers Tropical Sunrise Flavoured Water Drink 250mL | 6 pack,Golden Circle,Drinks,Juice,Multi pack juice,,$5.80,Pick any 2 for $8,,$3.87 per 1L,5633729,"Low sugar, Golden Circle Refreshers Tropical Sunrise is the perfect ready-to-drink option for cooling off on hot days. Enjoy chilled or in a glass over ice cubes. Golden Circle Refreshers Tropical Sunrise is a refreshing mix of still water, fruit juice and delicious tropical flavours. It contains no artificial colours or flavours and no preservatives. Keep it in your fridge for entertaining or take it on the go to enjoy at work or outdoors.
Convenient on-the-go size

Bright tropical flavours

Low sugar

No artificial colours, flavours or preservatives

Serve chilled for a refreshing taste",,,"Per 100g/ml
Per Serving
%DI
Energy
50kJ
125kJ
Protein
0g
0g
Total Fat
0g
0g
Saturated Fat
0g
0g
Carbohydrate
2.4g
6.0g
Sugars
2.3g
5.8g
Sodium
10mg
25mg
Dietary Fibre (total)
0.1g
0.3g
* Percentage Daily Intakes are based on an average adult diet of 8700 kJ. Your daily intakes may be higher or lower depending on your energy needs.",,https://www.coles.com.au/product/golden-circle-refreshers-tropical-sunrise-flavoured-water-drink-250ml-6-pack-5633729,,,2024-06-16T10:46:06.552638-04:00
Ind53SColes_ADrinks_SAJuice_IGolden Circle  Apricot Nectar Tetra Juice Drink | 1L,Golden Circle  Apricot Nectar Tetra Juice Drink | 1L,Golden Circle,Drinks,Juice,Plastic juice bottles,,$3.10,,$3.60,$3.10 per 1L,4801136,"Golden Circle Apricot Nectar makes a tasty addition to mocktails, smoothies and desserts. It contains no artificial colours, flavours or preservatives, and is a good source of vitamin C. Golden Circle Apricot Nectar is an essential for sweet cocktails, mocktails and delicious homemade cakes. It's also a great ingredient for savoury dishes - try using Golden Circle Apricot Nectar as a glaze for pork chops and ham, or recreate a classic apricot chicken recipe. Golden Circle, Share the Sunshine.
Sweet apricot nectar

Tasty ingredient for smoothies, mocktails and sweet and savoury recipes

No artificial flavours or colours

No preservatives

Good source of vitamin C",,,"Per 100g/ml
Per Serving
%DI
Energy
280kJ
560kJ
Protein
0.2g
0.4g
Total Fat
0g
0g
Saturated Fat
0g
0g
Carbohydrate
16.2g
32.4g
Sugars
14.9g
29.8g
Sodium
1mg
1mg
Vitamin C
15mg
30mg (75% RDI*)
* Percentage Daily Intakes are based on an average adult diet of 8700 kJ. Your daily intakes may be higher or lower depending on your energy needs.",,https://www.coles.com.au/product/golden-circle-apricot-nectar-tetra-juice-drink-1l-4801136,,,2024-06-16T10:46:17.311212-04:00
Ind53SColes_ADrinks_SAJuice_IThe Juice Brothers Morning Start Juice | 1L,The Juice Brothers Morning Start Juice | 1L,The Juice Brothers,Drinks,Juice,Chilled juice,,$5.00,,,$5.00 per 1L,7829222,"Extraordinary tasting juice that cares? You're holding it!

Our orange juice is squeezed rather than crushed to preserve the fruit peels. Our orange, apple and pear fruit peels (including the seeds and cores) are reused as local animal feed.

We're also owned, grown and squeezed right here in Australia because we love what we do and want to keep it local.

No added sugar, just natural sweetness of fruit.",,,"Per 100g/ml
Per Serving
%DI
Energy
175kJ
350kJ
4%
Protein
0.3g
0.6g
1%
Total Fat
<1.0g
<1.0g
<1%
Saturated Fat
0.0g
0.0g
0.0g
Carbohydrate
9.7g
19.4g
6%
Sugars
9.2g
18.4g
20%
Sodium
1mg
2mg
<1%
Monounsaturated
0
0
0
Vitamin C
20mg
40mg
Energy (Cal)
42Cal
84Cal
0
Dietary Fibre (total)
0.7g
1.4g
5%
Polyunsaturated
0
0
0
Potassium
110mg
220mg
0
Trans
0
0
0
* Percentage Daily Intakes are based on an average adult diet of 8700 kJ. Your daily intakes may be higher or lower depending on your energy needs.","Fruit Juices [Pear (43.6%), Orange (40%), Apple (11.5%), Pineapple (3.1%), Passionfruit (0.5%)], Mango Puree (1.3%).",https://www.coles.com.au/product/the-juice-brothers-morning-start-juice-1l-7829222,,,2024-06-16T10:46:28.369862-04:00
Ind53SColes_ADrinks_SAJuice_IFruit Co Juice Plus + Tomato | 2L,Fruit Co Juice Plus + Tomato | 2L,Fruit Co,Drinks,Juice,Plastic juice bottles,,$3.50,,,$1.75 per 1L,3752330,"Made from 98% Juice and enriched with the goodness of Vitamin C and Fibre, FruitCo Juice is the perfect juice for any occasion. FruitCo Juice comes in a convenient and ergonomic 2L PET grip bottle.",,,"Per 100g/ml
Per Serving
%DI
Energy
109kJ
272kJ
3%
Protein
<1g
<1g
1%
Total Fat
<1g
<1g
1%
Saturated Fat
<1g
<1g
1%
Carbohydrate
6.4g
16g
5%
Sugars
6.1g
15.3g
17%
Sodium
202mg
505mg
22%
Vitamin C
10mg
25mg
0%
Dietary Fibre (total)
<1g
<1g
8%
* Percentage Daily Intakes are based on an average adult diet of 8700 kJ. Your daily intakes may be higher or lower depending on your energy needs.",,https://www.coles.com.au/product/fruit-co-juice-plus-+-tomato-2l-3752330,,,2024-06-16T10:46:40.401488-04:00
Ind53SColes_ADrinks_SAJuice_IOriginal Black Label Cloudy Apple & Pear Juice | 1.5L,Original Black Label Cloudy Apple & Pear Juice | 1.5L,Original,Drinks,Juice,Chilled juice,,$6.50,,,$4.33 per 1L,7863763,,,,,,https://www.coles.com.au/product/original-black-label-cloudy-apple-and-pear-juice-1.5l-7863763,,,2024-06-16T10:46:48.953277-04:00
Ind53SColes_ADrinks_SAJuice_IGolden Circle Aussie Blends Whitsunday Wonder Apple & Plum Fruit Drink | 1.5L,Golden Circle Aussie Blends Whitsunday Wonder Apple & Plum Fruit Drink | 1.5L,Golden Circle,Drinks,Juice,Plastic juice bottles,,$5.50,Pick any 2 for $7,,$3.67 per 1L,6824074,"A sweet and refreshing fruit drink! Taste the summer with Golden Circle Aussie Blends Whitsunday Wonder Apple & Plum Fruit Drink with no added sugar, artificial colours, flavours or preservatives. Golden Circle Aussie Blends Whitsunday Wonder Apple & Plum Fruit Drink flavour offers a refreshing balance of sweet and tangy, perfect for gatherings or casual sipping. Proudly made with Australian grown fruit, it has no added sugar, artificial colours, flavours or preservatives. Enjoy chilled or served with ice.
Refreshing fruit drink with Apple & Plum flavour

No artificial colours, flavours or preservatives

No added sugar

Contains 99% Australian ingredients

Proudly made with Australian grown fruit",,,"Per 100g/ml
Per Serving
%DI
Energy
100 kJ
200 kJ
Protein
0.1 g
0.2 g
Total Fat
0 g
0 g
Saturated Fat
0 g
0 g
Carbohydrate
5.1 g
10.2 g
Sugars
4.6 g
9.2 g
Sodium
11 mg
22 mg
Vitamin C
27 mg
54 mg (135% RDI*)
Dietary Fibre (total)
0.1 g
0.2 g
* Percentage Daily Intakes are based on an average adult diet of 8700 kJ. Your daily intakes may be higher or lower depending on your energy needs.",,https://www.coles.com.au/product/golden-circle-aussie-blends-whitsunday-wonder-apple-and-plum-fruit-drink-1.5l-6824074,,,2024-06-16T10:46:59.778664-04:00
Ind53SColes_ADrinks_SAJuice_IBickfords 100% Pure Cherry Juice | 1L,Bickfords 100% Pure Cherry Juice | 1L,Bickfords,Drinks,Juice,Plastic juice bottles,,$5.50,,$6.50,$5.50 per 1L,3049618,"Our Pure Cherry juice is a genius balance of sweet red and tart black cherry that's a pretty irresistible way to get a daily dose of antioxidants. There's no added sugar, no preservatives and nothing artificial because we know that's important to you.",,,"Per 100g/ml
Per Serving
%DI
Energy
281kJ
705kJ
Protein
<0g
<0g
Total Fat
0g
0g
Saturated Fat
0g
0g
Carbohydrate
15g
37.5g
Sugars
11g
27.5g
Sodium
7mg
13mg
Monounsaturated
0g
0g
Dietary Fibre (total)
0g
0g
Polyunsaturated
0g
0g
Trans
0g
0g
* Percentage Daily Intakes are based on an average adult diet of 8700 kJ. Your daily intakes may be higher or lower depending on your energy needs.",,https://www.coles.com.au/product/bickfords-100percent-pure-cherry-juice-1l-3049618,,,2024-06-16T10:47:10.631738-04:00
Ind53SColes_ADrinks_SA_IGolden Circle Orange Fruit Drink LunchBox Multipack Poppers 6x250mL | 6 pack,Golden Circle Orange Fruit Drink LunchBox Multipack Poppers 6x250mL | 6 pack,Golden Circle,Drinks,,,,$5.10,Pick any 2 for $8,,$3.40 per 1L,384365,"Excellent for camping and beach days, Golden Circle Orange Burst Fruit Drink is made with no artificial colours, flavours or preservatives. This fruit drink is a tasty treat for when you're out and about. Easy to freeze into ice blocks or delicious straight from the carton, Golden Circle Orange Burst Fruit Drink is sure to be a family favourite. It's great to take on the go too - whether you're heading to work, spending the day at the beach or going to a picnic in the park. Golden Circle, Share the Sunshine.
No artificial colours

No artificial flavours

No preservatives

Good source of vitamin C

Convenient for bringing to picnics and beach trips",,,"Per 100g/ml
Per Serving
%DI
Energy
175 kJ
440 kJ
Protein
0.1 g
0.3 g
Total Fat
0 g
0 g
Saturated Fat
0 g
0 g
Carbohydrate
9.7 g
24.3 g
Sugars
9.2 g
23.0 g
Sodium
9 mg
23 mg
Vitamin C
15 mg
37 mg (92% RDI*)
15 mg
* Percentage Daily Intakes are based on an average adult diet of 8700 kJ. Your daily intakes may be higher or lower depending on your energy needs.",,https://www.coles.com.au/product/golden-circle-orange-fruit-drink-lunchbox-multipack-poppers-6x250ml-6-pack-384365,,,2024-06-16T10:47:22.522605-04:00
Ind53SColes_ADrinks_SAJuice_IGolden Circle Pineapple Juice Sweetened Fruit Juice Pineapples | 1L,Golden Circle Pineapple Juice Sweetened Fruit Juice Pineapples | 1L,Golden Circle,Drinks,Juice,Packs & Pouches,,$2.70,,,$2.70 per 1L,280086,"Best served chilled, Golden Circle Sweetened Pineapple Juice is a great pick for summer picnics. Enjoy a glass over ice or mix with sparkling water. Golden Circle Sweetened Pineapple Juice provides a good source of vitamin C, and also contains no artificial colours, flavours or preservatives. Enjoy the delicious taste of this pineapple juice with a meal or snack during the day. It's a great pick for hot summer days at the beach. Golden Circle, Share the Sunshine.
Good source of vitamin C

Best served chilled

No artificial colours

No artificial flavours

No preservatives",,,"Per 100g/ml
Per Serving
%DI
Energy
260 kJ
520 kJ
Protein
0.3 g
0.6 g
Total Fat
0.1 g
0.2 g
Saturated Fat
0 g
0 g
Carbohydrate
14.6 g
29.2 g
Sugars
14.4 g
28.8 g
Sodium
5 mg
10 mg
Vitamin C
40 mg
80 mg (200% RDI)*
* Percentage Daily Intakes are based on an average adult diet of 8700 kJ. Your daily intakes may be higher or lower depending on your energy needs.",,https://www.coles.com.au/product/golden-circle-pineapple-juice-sweetened-fruit-juice-pineapples-1l-280086,,,2024-06-16T10:47:33.373369-04:00
Ind53SColes_ADrinks_SAJuice_IColes Simply Orange Mango Fruit Drink 20% | 2L,Coles Simply Orange Mango Fruit Drink 20% | 2L,Coles,Drinks,Juice,Chilled juice,,$2.30,,,$1.15 per 1L,7430369,,,,"Per 100g/ml
Per Serving
%DI
Energy
175.58
438.95
Protein
0.09
0.23
Carbohydrate
10.00
25.00
Sugars
9.50
23.75
Sodium
0.10
0.25
Saturated
0.09
0.23
Energy (Cal)
42.00
105.01
Fat
0.09
0.23
Dietary Fibre (total)
0.09
0.23
* Percentage Daily Intakes are based on an average adult diet of 8700 kJ. Your daily intakes may be higher or lower depending on your energy needs.",,https://www.coles.com.au/product/coles-simply-orange-mango-fruit-drink-20percent-2l-7430369,,,2024-06-16T10:47:44.318483-04:00
Ind53SColes_ADrinks_SAJuice_ISunraysia Pouch 99.9% Apple Juice | 200mL,Sunraysia Pouch 99.9% Apple Juice | 200mL,Sunraysia,Drinks,Juice,Plastic juice bottles,,$1.50,Pick any 5 for $5.30,,$7.50 per 1L,4158743,"Sunraysia pouches are a wholesome great tasting range of juices with added sugar, no artificial colours, flavours or preservatives. Available in a convenient, durable 200ml single serve pouch that won't split or break. Also great frozen or as a slushie - the perfect addition to any lunchbox.
- 100% Natural.
- Non genetically modified.
- Nothing Artificial.
- No added sugars or preservatives.
- Good Source of Vitamin C.
- 99.9 % Juice.
- BPA Free.
100% Natural

1 Serve of Fruit*

Good Source of Vitamin C

99.9 % Juice, no added sugar

Non genetically modified

Vegetarian & Vegan Friendly.

No artificial colours, flavours or preservatives.

Great Frozen.",,,"Per 100g/ml
Per Serving
%DI
Energy
188kJ
376kJ
Protein
0.2g
0.4g
Total Fat
0.0g
0.0g
Saturated Fat
0.0g
0.0g
Carbohydrate
10.6g
21.2g
Sugars
10.2g
20.4g
Sodium
8mg
16mg
Vitamin C
10mg
20mg
50% RDI#
Energy (Cal)
44Cal
88Cal
Trans
0.0g
0.0g
* Percentage Daily Intakes are based on an average adult diet of 8700 kJ. Your daily intakes may be higher or lower depending on your energy needs.",,https://www.coles.com.au/product/sunraysia-pouch-99.9percent-apple-juice-200ml-4158743,,,2024-06-16T10:47:55.022053-04:00
Ind53SColes_ADrinks_SA_IOcean Spray Ruby Red Grapefruit Juice | 1.5L,Ocean Spray Ruby Red Grapefruit Juice | 1.5L,Ocean Spray,Drinks,,,,$6.40,,,$4.27 per 1L,4950759,"Made with ruby red grapefruits, which have a unique deep red colour and vibrant taste, plus 100% daily requirement of Antioxidant Vitamin C.",,,"Per 100g/ml
Per Serving
%DI
Energy
201kJ
503kJ
Protein
0g
0g
Total Fat
0g
0g
Saturated Fat
0g
0g
Carbohydrate
11g
27.6g
Sugars
10.8g
27g
Sodium
4mg
9mg
Vitamin C
16mg
40mg
100%
Potassium
39mg
96mg
* Percentage Daily Intakes are based on an average adult diet of 8700 kJ. Your daily intakes may be higher or lower depending on your energy needs.",,https://www.coles.com.au/product/ocean-spray-ruby-red-grapefruit-juice-1.5l-4950759,,,2024-06-16T10:48:05.993343-04:00
Ind53SColes_ADrinks_SAJuice_IThe Juice Lab Wellness Shot Calm | 60mL,The Juice Lab Wellness Shot Calm | 60mL,The Juice Lab,Drinks,Juice,Chilled juice,,$2.50,,$3.50,$41.67 per 1L,4954578,"I'm specially formulated with all-natural, plant based ingredients to help you feel cool, calm and collected.",,,"Per 100g/ml
Per Serving
%DI
Energy
215kJ
129kJ
Protein
<0.1g
<0.1g
Total Fat
<0.1g
<0.1g
Saturated Fat
<0.1g
<0.1g
Carbohydrate
12.2g
7.3g
Sugars
7.9g
4.7g
Sodium
<5mg
<5mg
* Percentage Daily Intakes are based on an average adult diet of 8700 kJ. Your daily intakes may be higher or lower depending on your energy needs.",,https://www.coles.com.au/product/the-juice-lab-wellness-shot-calm-60ml-4954578,,,2024-06-16T10:48:17.595194-04:00
Ind53SColes_ADrinks_SAJuice_INudie Nothing But 100% Fresh Apple Juice | 1L,Nudie Nothing But 100% Fresh Apple Juice | 1L,Nudie,Drinks,Juice,Chilled juice,,$6.00,,,$6.00 per 1L,8738520,"Our mission: To create good. Simple enough, but where do you start? We got going on our local juice aisle. It was 2003 and we couldn't find ANY juices free from concentrates, preservatives, colours or artificial flavours. So we decided to create good ourselves, blending fruit (and only fruit) and bottling it up for lovers of legitimate fruity goodness. Since then, we've created good with Aussie farmers, local communities, charities and sports teams. When the opportunity to create good arises, so do we! Mission Accomplish-ing. Got some good you want to see created? Tell us! creatorsofgood@nudie.com.au
Made with 100% Australian apples

No added sugar

No preservatives

No artificial flavours",,,"Per 100g/ml
Per Serving
%DI
Energy
211kJ
528kJ
Protein
Less than 1g
Less than 1g
Total Fat
Less than 1g
Less than 1g
Saturated Fat
Less than 1g
Less than 1g
Carbohydrate
12.3g
30.7g
Sugars
10.8g
27g
Sodium
Less than 5mg
Less than 5mg
Dietary Fibre (total)
Less than 1g
Less than 1g
Potassium
100mg
250mg
* Percentage Daily Intakes are based on an average adult diet of 8700 kJ. Your daily intakes may be higher or lower depending on your energy needs.",apple juice (100%) ... and nothing else! No concentrates.,https://www.coles.com.au/product/nudie-nothing-but-100percent-fresh-apple-juice-1l-8738520,,,2024-06-16T10:48:28.639401-04:00
Ind53SColes_ADrinks_SAJuice_ICampbell's V8 Healthy Greens Juice | 1.25L,Campbell's V8 Healthy Greens Juice | 1.25L,Campbells,Drinks,Juice,Plastic juice bottles,,$4.80,,$6.00,$3.84 per 1L,2528320,"V8 Power Blend Healthy Greens fruit and vegetable juice is a healthy antioxidant boost. This sweet potato, apple, yellow carrot, spinach and kale juice contains vitamins. Share this fruit and veg juice with a friend for a healthy morning pick-me-up. Or if you're short on time, it's the perfect ambient juice for an on-the-go afternoon top up. Grab yourself a V8 Power Blend fuel up!
No artificial flavours or colours
No added preservatives or added sugar
Source of antioxidant vitamin C",,,"Per 100g/ml
Per Serving
%DI
Energy
185kJ
463kJ
0
Protein
0.4g
1.0g
0
Total Fat
0.1g
0.2g
0
Saturated Fat
<0.1g
0.1g
0
Carbohydrate
10.2g
25.5g
0
Sugars
9.4g
23.5g
0
Sodium
29mg
73mg
0
Monounsaturated
0
0
0
Vitamin C
2mg
5mg
Energy (Cal)
44Cal
110Cal
0
Dietary Fibre (total)
0.1g
0.2g
0
Polyunsaturated
0
0
0
Trans
0
0
0
* Percentage Daily Intakes are based on an average adult diet of 8700 kJ. Your daily intakes may be higher or lower depending on your energy needs.",,https://www.coles.com.au/product/campbell's-v8-healthy-greens-juice-1.25l-2528320,,,2024-06-16T10:48:39.486177-04:00
Ind53SColes_ADrinks_SAJuice_IMildura Sunrise Orange And Passionfruit Drink | 3L,Mildura Sunrise Orange And Passionfruit Drink | 3L,Mildura,Drinks,Juice,Chilled juice,,$5.80,,,$1.93 per 1L,1418167,"Midura Refreshing Fruit Drink is aussie owned and loved. 

Available in a convenient 3L family sized bottle, a glass of delicious and vibrant juice drink is a refreshing addition to your day!

Proudly packed in NSW and QLD by and for the Bega Group using local and imported ingredients. The local ingredients are sourced Australia wide.
With fruit juice

Family sized pack

Easy to pour, resealable pack

Delicious and full flavoured

Refreshing drink

Manufactured in Australia.",,,"Per 100g/ml
Per Serving
%DI
Energy
163kJ
326kJ
4.0%
Protein
<1g
<1g
<1%
Total Fat
0.0g
0.0g
0.0%
Saturated Fat
0.0g
0.0g
0.0%
Carbohydrate
9.4g
18.8g
6.0%
Sugars
8.9g
17.8g
20.0%
Sodium
2.5mg
5.0mg
<1%
* Percentage Daily Intakes are based on an average adult diet of 8700 kJ. Your daily intakes may be higher or lower depending on your energy needs.",,https://www.coles.com.au/product/mildura-sunrise-orange-and-passionfruit-drink-3l-1418167,,,2024-06-16T10:48:50.552582-04:00
Ind53SColes_ADrinks_SAJuice_IColes Orange Nas | 2L,Coles Orange Nas | 2L,Coles,Drinks,Juice,Chilled juice,,$4.50,,,$2.25 per 1L,7430256,,,,"Per 100g/ml
Per Serving
%DI
Energy
178.90
447.25
Protein
0.60
1.50
Carbohydrate
9.30
23.25
Sugars
8.40
21.00
Sodium
4.00
10.00
Saturated
0.13
0.33
Energy (Cal)
42.80
107.00
Fat
0.20
0.50
Dietary Fibre (total)
0.40
1.00
* Percentage Daily Intakes are based on an average adult diet of 8700 kJ. Your daily intakes may be higher or lower depending on your energy needs.",,https://www.coles.com.au/product/coles-orange-nas-2l-7430256,,,2024-06-16T10:49:01.399433-04:00
Ind53SColes_ADrinks_SAJuice_IPerkii Sparkling Probiotic Drink Orange Mango Passionfruit | 330mL,Perkii Sparkling Probiotic Drink Orange Mango Passionfruit | 330mL,Perkii,Drinks,Juice,Chilled juice,,$4.50,,,$13.64 per 1L,3951803,"PERKii Orange, Mango & Passionfruit Sparkling Probiotic Drink is bottled with 1 billion plant-based targeted release probiotics. Each serve is naturally flavoured, only 39 calories and non-fermented for a better taste!
PERKii Targeted Release Probiotics: Did you know stomach acids can be harmful to probiotics? At PERKii, our probiotics are micro-shielded to resist stomach acids. For a targeted release in your gut. Developed at the University of Queensland.",,,"Per 100g/ml
Per Serving
%DI
Energy
70kJ
257kJ
Protein
<1g
<1g
Total Fat
<1g
<1g
Saturated Fat
<1g
<1g
Carbohydrate
4.1g
13.5g
Sugars
2.1g
6.9g
Sodium
<5mg
<5mg
* Percentage Daily Intakes are based on an average adult diet of 8700 kJ. Your daily intakes may be higher or lower depending on your energy needs.",,https://www.coles.com.au/product/perkii-sparkling-probiotic-drink-orange-mango-passionfruit-330ml-3951803,,,2024-06-16T10:49:12.601086-04:00
Ind53SColes_ADrinks_SAJuice_IImpressed Essentials Orange Juice Pulp Free | 1L,Impressed Essentials Orange Juice Pulp Free | 1L,Impressed,Drinks,Juice,Chilled juice,,$4.80,,,$4.80 per 1L,4845620,,,,"Per 100g/ml
Per Serving
%DI
Energy
197kJ
493kJ
Protein
0.6g
1.5g
Total Fat
0.1g
0.1g
Saturated Fat
0.1g
0.1g
Carbohydrate
10.9g
27.3g
Sugars
8.5g
21.3g
Sodium
1mg
1mg
* Percentage Daily Intakes are based on an average adult diet of 8700 kJ. Your daily intakes may be higher or lower depending on your energy needs.",,https://www.coles.com.au/product/impressed-essentials-orange-juice-pulp-free-1l-4845620,,,2024-06-16T10:49:23.431364-04:00
Ind53SColes_ADrinks_SAJuice_IBoost Energy Lift Juice Chilled | 350mL,Boost Energy Lift Juice Chilled | 350mL,Boost,Drinks,Juice,Chilled juice,,$4.20,,,$12.00 per 1L,4854267,Boost Juice is one of Australia's most famous and loved juice and smoothie brands.,,,"Per 100g/ml
Per Serving
%DI
Energy
197kJ
690kJ
Protein
0.4g
1.4g
Total Fat
<0.1g
<0.1g
Saturated Fat
<0.1g
<0.1g
Carbohydrate
10.8g
37.8g
Sugars
10g
35g
Sodium
<0.1mg
<0.1mg
Dietary Fibre (total)
0.7g
2.5g
* Percentage Daily Intakes are based on an average adult diet of 8700 kJ. Your daily intakes may be higher or lower depending on your energy needs.","Cloudy Apple Juice, Reconstituted Apple Juice and Apple Puree (78.9%), Orange Juice (10%), Mango Puree (6%), Pineapple Juice (5%), Acidity Regulator (330), Vitamin C (300), Beta Carotene (160A).",https://www.coles.com.au/product/boost-energy-lift-juice-chilled-350ml-4854267,,,2024-06-16T10:49:34.280024-04:00
Ind53SColes_ADrinks_SAJuice_IPrima Tropical Fruit Drink Multipack 200mL | 6 pack,Prima Tropical Fruit Drink Multipack 200mL | 6 pack,Prima,Drinks,Juice,Multi pack juice,,$4.10,,,"$3.42 per 1L
Was $4.60 on Apr 2024",3530292,"Enjoy Prima Tropical 200mL on the go or at home. As an accompaniment to lunch or an afternoon pick me up! With no preservatives or artificial colours or flavours. Available in a 6 pack of 200mL juice boxes.
20% fruit juice

No added sugar

No preservatives

No artificial colour

No artificial flavours

Convenient pack size.

6 x 200mL Packs.",,,"Per 100g/ml
Per Serving
%DI
Energy
83kJ
166kJ
Protein
0.1g
0.2g
Total Fat
0.0g
0.0g
Saturated Fat
0.0g
0.0g
Carbohydrate
4.7g
9.4g
Sugars
1.7g
3.4g
Sodium
2mg
4mg
Dietary Fibre (total)
0.0g
0.0g
* Percentage Daily Intakes are based on an average adult diet of 8700 kJ. Your daily intakes may be higher or lower depending on your energy needs.",,https://www.coles.com.au/product/prima-tropical-fruit-drink-multipack-200ml-6-pack-3530292,,,2024-06-16T10:49:45.133863-04:00
Ind53SColes_ADrinks_SA_IEastcoast Beverages Orange Juice Pulp Free Chilled | 2L,Eastcoast Beverages Orange Juice Pulp Free Chilled | 2L,Eastcoast Beverages,Drinks,,,,$6.60,,,$3.30 per 1L,7342057,"Locally, here on the Central Coast of NSW, Australia, we are best known as a supplier of fresh citrus fruit juices. There are the bartender's favourites - our 100% pure lemon and 100% lime juices plus our divine orange and grapefruit juices from our Central Coast orchards. Our fresh orange juice couldn't taste any better if you'd picked the fruit from the tree yourself! Importantly, our citrus juices never contain concentrate.Additionally, Eastcoast Juices supply a whole range of beverages, blended and bottled at Kulnura, and sourced mostly from Australian fruit. Favourites include our guava fruit drink and country style lemonade",,,"Per 100g/ml
Per Serving
%DI
Energy
120kJ
240kJ
Protein
0.8g
1.6g
Total Fat
0g
0g
Saturated Fat
0g
0g
Carbohydrate
5.4g
10.8g
Sugars
5.4g
10.8g
Sodium
2mg
4mg
* Percentage Daily Intakes are based on an average adult diet of 8700 kJ. Your daily intakes may be higher or lower depending on your energy needs.",,https://www.coles.com.au/product/eastcoast-beverages-orange-juice-pulp-free-chilled-2l-7342057,,,2024-06-16T10:49:57.070865-04:00
Ind53SColes_ADrinks_SAJuice_IGolden Circle Apple Raspberry Drink Tetra 250mL | 6 pack,Golden Circle Apple Raspberry Drink Tetra 250mL | 6 pack,Golden Circle,Drinks,Juice,Multi pack juice,,$5.10,Pick any 2 for $8,,$3.40 per 1L,4352112,"Keep cool during summer with Golden Circle Apple Raspberry Fruit Drink. This delicious fruit drink contains a tasty combination of apple and raspberry juice, with no artificial colours, flavours or preservatives. Golden Circle Apple Raspberry Fruit Drink is made to create smiles and is best served chilled, or frozen into iceblocks. Packaged into convenient single serve cartons, which are ideal for when you're on the go - whether you're heading to work, school, spending the day at the beach or heading to a picnic at the park. This fruit drink is an essential for summer camping trips. Golden Circle, Share the Sunshine.
No artificial colours

No artificial flavours

Contains no preservatives

Good Source of vitamin C

Convenient size for bringing to picnics and beach trips",,,"Per 100g/ml
Per Serving
%DI
Energy
175 kJ
440 kJ
Protein
0 g
0 g
Total Fat
0 g
0 g
Saturated Fat
0 g
0 g
Carbohydrate
9.8 g
24.5 g
Sugars
9.8 g
24.5 g
Sodium
8 mg
20 mg
Vitamin C
15 mg
37 mg (92% RDI*)
15 mg
* Percentage Daily Intakes are based on an average adult diet of 8700 kJ. Your daily intakes may be higher or lower depending on your energy needs.","Water, Reconstituted Fruit Juice [Apple (24%), Raspberry (1%)], Sugar, Food Acid (Malic Acid), Vitamin C, Natural Flavours.",https://www.coles.com.au/product/golden-circle-apple-raspberry-drink-tetra-250ml-6-pack-4352112,,,2024-06-16T10:50:08.403797-04:00
Ind53SColes_ADrinks_SA_IYoufoodz Youjuice Pink Oasis | 1L,Youfoodz Youjuice Pink Oasis | 1L,Youfoodz,Drinks,,,,$5.20,,$5.80,$5.20 per 1L,7019357,"Escape to pink paradise with a refreshingly sweet blend of guava + apple + strawberry. Plus, added Vitamin C to boost your wellbeing*. Now available in 1 litre to be shared around, and enjoyed sip after sip!Squeezed full of real Aussie fruit & veg. No added sugar, artificial colours, flavours, or preservatives.*Vitamin C contributes to normal immune system function in the context of a healthy diet involving the consumption of a variety of foods.",,,"Per 100g/ml
Per Serving
%DI
Energy
199kJ
496kJ
Protein
Less than 1g
Less than 1g
Total Fat
Less than 1g
Less than 1g
Saturated Fat
Less than 1g
Less than 1g
Carbohydrate
11.2g
28.0g
Sugars
11.2g
28.0g
Sodium
Less than 5mg
Less than 5mg
Vitamin C
15.0mg
37.4mg
Energy (Cal)
47Cal
119Cal
* Percentage Daily Intakes are based on an average adult diet of 8700 kJ. Your daily intakes may be higher or lower depending on your energy needs.",,https://www.coles.com.au/product/youfoodz-youjuice-pink-oasis-1l-7019357,,,2024-06-16T10:50:19.277407-04:00
Ind53SColes_ADrinks_SAJuice_IJust Juice Apple Juice | 1L,Just Juice Apple Juice | 1L,Just Juice,Drinks,Juice,Packs & Pouches,,$3.10,,,$3.10 per 1L,494807,"Enjoy Just Juice Apple Juice with the whole family. Drink with breakfast or as an afternoon pick me up! With no added sugar, no preservatives and no artificial colours or flavours.
No Added Sugar

High in Vitamin C

No Preservatives

No Artificial Colours

No Artificial Flavours

Convenient 1L pack.",,,"Per 100g/ml
Per Serving
%DI
Energy
185kJ
370kJ
4.0%
Protein
<1.0g
<1.0g
<1%
Total Fat
<1.0g
<1.0g
<1%
Saturated Fat
0.0g
0.0g
0.0%
Carbohydrate
10.5g
21.0g
7.000000000000001%
Sugars
10.1g
20.2g
22.0%
Sodium
8mg
16mg
1.0%
Vitamin C
10mg
20mg
Dietary Fibre (total)
0.1g
0.2g
1.0%
* Percentage Daily Intakes are based on an average adult diet of 8700 kJ. Your daily intakes may be higher or lower depending on your energy needs.",,https://www.coles.com.au/product/just-juice-apple-juice-1l-494807,,,2024-06-16T10:50:30.066581-04:00
Ind53SColes_ADrinks_SAJuice_IDaily Juice Limited Edition | 1L,Daily Juice Limited Edition | 1L,Daily Juice,Drinks,Juice,Chilled juice,,$3.80,,$4.80,$3.80 per 1L,4465378,"Daily Juice has been working since 1989 to create great tasting juice, great for the whole family to enjoy! With fruit ripened in the sun and no added sugar, Daily Juice is packed with good stuff to help kick start your day. 

Daily Juice Co Mango Blend with Vitamin A & C has been created to support your immunity (Vitamin A&C support healthy immune functions when consumed as part of a balanced diet), to help you continue to lead a healthy, happy and balanced lifestyle. 

Proudly Australian owned, made and loved. 

Contains fresh, reconstituted and from time to time, cold-stored juice.  
Your daily dose of happiness!

with vitamin A & C to support immunity

No added sugar

Packed with the good stuff to kick start your day!",,,"Per 100g/ml
Per Serving
%DI
Energy
181kJ
362kJ
4%
Protein
0.4g
0.8g
2%
Total Fat
<1.0g
<1.0g
<1%
Saturated Fat
0.0g
0.0g
0%
Carbohydrate
10g
20g
6%
Sugars
9.0g
18g
20%
Vitamin A
58ug
115ug
15% RDI*
Sodium
2.0mg
4.0mg
<1%
Vitamin C
40mg
80mg
200% RDI*
Energy (Cal)
43Cal
86Cal
Dietary Fibre (total)
0.5g
1.0g
3%
* Percentage Daily Intakes are based on an average adult diet of 8700 kJ. Your daily intakes may be higher or lower depending on your energy needs.","Apple Juice & Reconstituted Apple Juice (44.9%), Reconstituted Fruit Juice [Mango (32.50%), Passionfruit (2.5%)], Orange Juice (20%), Preservative (202), Vitamin C, Acidity Regulator (330), Vitamin A.",https://www.coles.com.au/product/daily-juice-limited-edition-1l-4465378,,,2024-06-16T10:50:40.832561-04:00
Ind53SColes_ADrinks_SAJuice_IGolden Circle Apple Splash Fruit Drink Lunch Box Multipack Poppers 6x250mL | 6 pack,Golden Circle Apple Splash Fruit Drink Lunch Box Multipack Poppers 6x250mL | 6 pack,Golden Circle,Drinks,Juice,Multi pack juice,,$5.10,Pick any 2 for $8,,$3.40 per 1L,212111,"Golden Circle Apple Splash Fruit Drink contains no artificial colours, flavours or preservatives. This delicious fruit drink is perfect for outings to the beach or park. Golden Circle Apple Splash Fruit Drink is made with no artificial colours, flavours or preservatives. Packed in single serves which are perfect for on the go, whether you're heading to work, spending the day at the beach or going on a picnic in the park. Golden Circle, Share the Sunshine.
No artificial colours

No artificial flavours

No preservatives

A good source of vitamin C

250mL size is perfect for on the go",,,"Per 100g/ml
Per Serving
%DI
Energy
175 kJ
440 kJ
Protein
0 g
0 g
Total Fat
0 g
0 g
Saturated Fat
0 g
0 g
Carbohydrate
9.8 g
24.5 g
Sugars
9.8 g
24.5 g
Sodium
9 mg
23 mg
Vitamin C
15 mg
37 mg (92% RDI*)
15 mg
* Percentage Daily Intakes are based on an average adult diet of 8700 kJ. Your daily intakes may be higher or lower depending on your energy needs.",,https://www.coles.com.au/product/golden-circle-apple-splash-fruit-drink-lunch-box-multipack-poppers-6x250ml-6-pack-212111,,,2024-06-16T10:50:51.893975-04:00
Ind53SColes_ADrinks_SAJuice_IOcean Spray Classic Cranberry Juice Drink | 1.5L,Ocean Spray Classic Cranberry Juice Drink | 1.5L,Ocean Spray,Drinks,Juice,Plastic juice bottles,,$6.40,,,$4.27 per 1L,9793057,"Enjoy the crisp, clean taste of cranberries loaded with antioxidants from 55 cranberries and 100% daily requirement of Vitamin C.",,,"Per 100g/ml
Per Serving
%DI
Energy
206kJ
516kJ
Protein
0g
0g
Total Fat
0g
0g
Saturated Fat
0g
0g
Carbohydrate
11.5g
28.7g
Sugars
11.3g
28.2g
Sodium
4mg
9mg
Vitamin C
16mg
40mg
100%
Potassium
20mg
50mg
* Percentage Daily Intakes are based on an average adult diet of 8700 kJ. Your daily intakes may be higher or lower depending on your energy needs.",,https://www.coles.com.au/product/ocean-spray-classic-cranberry-juice-drink-1.5l-9793057,,,2024-06-16T10:51:03.459838-04:00
Ind53SColes_ADrinks_SABeverages_IRemedy Kombucha Mango Passion | 750mL,Remedy Kombucha Mango Passion | 750mL,Remedy,Drinks,Beverages,Water & juices,,$5.90,,,"$7.87 per 1L
Was $7.50 on May 2024",3951348,"This delicious mango passion drink is true to fruit, fresh as with all natural flavour. Smooth and sweet (minus the sugar) with a hint of passionfruit tang. This Remedy Kombucha flavour will make your mouth water  it's ripe and ready. Remedy Kombucha contains:
No Sugar, for real
All Natural
Certified Organic
Low on Caloriesl
Vegan
Gluten Free",,,"Per 100g/ml
Per Serving
%DI
Energy
12kJ
40kJ
Protein
<1g
<1g
Total Fat
<1g
<1g
Saturated Fat
<1g
<1g
Carbohydrate
<3g
<1g
Sugars
0g
0g
Sodium
<5mg
<5mg
Dietary Fibre (total)
<1g
<1g
* Percentage Daily Intakes are based on an average adult diet of 8700 kJ. Your daily intakes may be higher or lower depending on your energy needs.",,https://www.coles.com.au/product/remedy-kombucha-mango-passion-750ml-3951348,,,2024-06-16T10:51:14.708442-04:00
Ind53SColes_ADrinks_SAJuice_IGolden Circle Refreshers Berry Burst Flavoured Water Drink 250mL | 6 pack,Golden Circle Refreshers Berry Burst Flavoured Water Drink 250mL | 6 pack,Golden Circle,Drinks,Juice,Multi pack juice,,$5.80,Pick any 2 for $8,,$3.87 per 1L,5633718,"Golden Circle Refreshers Berry Burst brings an exciting and new blend of fruity flavours. Perfect for cooling off on those hot summer days. Low sugar, with no artificial colours, flavours or preservatives., Golden Circle Refreshers Berry Burst is the perfect drink option to serve to any crowd. It's a delicious blend of still water,fruit juice and berry flavours. Best served chilled.
Convenient on-the-go size

Refreshing berry flavours

Low sugar

No artificial flavours or colours

No preservatives",,,"Per 100g/ml
Per Serving
%DI
Energy
50kJ
125kJ
Protein
0g
0g
Total Fat
0g
0g
Saturated Fat
0g
0g
Carbohydrate
2.4g
6.0g
Sugars
2.4g
6.0g
Sodium
10mg
25mg
Dietary Fibre (total)
0.1g
0.3g
* Percentage Daily Intakes are based on an average adult diet of 8700 kJ. Your daily intakes may be higher or lower depending on your energy needs.",,https://www.coles.com.au/product/golden-circle-refreshers-berry-burst-flavoured-water-drink-250ml-6-pack-5633718,,,2024-06-16T10:51:25.718339-04:00
Ind53SColes_ADrinks_SAJuice_IColes F&V Juice Gut Goodness | 1L,Coles F&V Juice Gut Goodness | 1L,Coles,Drinks,Juice,Plastic juice bottles,,$2.90,,,$2.90 per 1L,6604431,"With prebiotic fibre for gut health 4 Serves of fruit & veg in every bottle Sweet Potato, Apple, Carrot & Spinach Juice No Added Sugar",,,"Per 100g/ml
Per Serving
%DI
Energy
193.60
484.00
Protein
0.50
1.25
Carbohydrate
10.20
25.50
Sugars
8.50
21.25
Soluble Fibre
1.00
2.50
Sodium
48.00
120.00
Saturated
0.00
0.00
Vitamin C
20.00
50.00
Energy (Cal)
46.32
115.79
Fat
0.10
0.25
Dietary Fibre (total)
1.00
2.50
* Percentage Daily Intakes are based on an average adult diet of 8700 kJ. Your daily intakes may be higher or lower depending on your energy needs.","INGREDIENTS: Reconstituted Fruit & Vegetable Juices [Sweet Potato (34.4%), Apple (33.9%), Carrot (28%), Spinach (2%)], Acacia Gum [Prebiotic] (1%), Food Acid (Citric Acid), Vitamin C, Natural Flavours, Colour (141).",https://www.coles.com.au/product/coles-fandv-juice-gut-goodness-1l-6604431,,,2024-06-16T10:51:37.332649-04:00
Ind53SColes_ADrinks_SAJuice_IGolden Circle 100 Percent Orange Mango Juice | 2L,Golden Circle 100 Percent Orange Mango Juice | 2L,Golden Circle,Drinks,Juice,Plastic juice bottles,,$4.80,,,$2.40 per 1L,2044540,"The flavours of juicy orange and sweet mango combined with other ingredients in this refreshing Golden Circle Orange Mango Juice. Made with no artificial colours, flavours or preservatives, this juice is perfect to serve with breakfast. Indulge in the refreshing taste of Golden Circle Orange Mango Juice, where the flavors of juicy orange and sweet mango come together in perfect harmony. This delicious juice is made with no artificial colors, flavors, or preservatives, making it a great choice to start your day. With no added sugar, Golden Circle Orange Mango Juice is a great beverage for any time of the day, whether it's paired with breakfast or enjoyed in the afternoon. As part of the Golden Circle brand, this juice represents the essence of sharing and spreading sunshine. So, take a sip and let the delicious taste of Golden Circle Orange Mango Juice brighten up your day.
No added sugar

No artificial colours, flavours or preservatives

Perfect juice to serve with breakfast

Served chilled

Delicious on its own, in smoothies or desserts",,,"Per 100g/ml
Per Serving
%DI
Energy
190 kJ
380 kJ
Protein
0.6 g
1.2 g
Total Fat
0.1 g
0.2 g
Saturated Fat
0 g
0 g
Carbohydrate
10.0 g
20.0 g
Sugars
8.1 g
16.2 g
Sodium
8 mg
16 mg
Vitamin C
40 mg
80 mg (200% RDI*)
Dietary Fibre (total)
0.2 g
0.4 g
* Percentage Daily Intakes are based on an average adult diet of 8700 kJ. Your daily intakes may be higher or lower depending on your energy needs.",,https://www.coles.com.au/product/golden-circle-100-percent-orange-mango-juice-2l-2044540,,,2024-06-16T10:51:48.478675-04:00
Ind53SColes_ADrinks_SA_ICampbell's V8 Tropical Juice Multipack 250mL | 3 pack,Campbell's V8 Tropical Juice Multipack 250mL | 3 pack,Campbells,Drinks,,,,$4.00,,$4.50,$5.33 per 1L,7945223,"V8 Tropical juice is a healthy antioxidant boost. This apple, pineapple, passionfruit and carrot juice contains vitamins. Take one of these perfectly sized lunchbox drinks with your packed lunch to enjoy anywhere. Share this multipack of fruit and vegetable juices with a friend for a healthy morning pick-me-up. Or if you're short on time, it's the perfect ambient juice for an on-the-go afternoon top up. Grab yourself a V8 fuel up!
No artificial flavours or colours
No added preservatives or added sugar
Source of vitamin A and antioxidant vitamin C",,,"Per 100g/ml
Per Serving
%DI
Energy
184kJ
459kJ
0
Protein
0.4g
1.0g
0
Total Fat
0.1g
0.2g
0
Saturated Fat
<0.1
0.1g
0
Carbohydrate
10.0g
25.1g
0
Sugars
8.6g
21.4g
0
Vitamin A
75ug
188ug
Sodium
22mg
54mg
0
Monounsaturated
0
0
0
Vitamin C
2mg
4mg
Energy (Cal)
44Cal
110Cal
0
Dietary Fibre (total)
0.4g
0.9g
0
Polyunsaturated
0
0
0
Trans
0
0
0
* Percentage Daily Intakes are based on an average adult diet of 8700 kJ. Your daily intakes may be higher or lower depending on your energy needs.",,https://www.coles.com.au/product/campbell's-v8-tropical-juice-multipack-250ml-3-pack-7945223,,,2024-06-16T10:52:00.009652-04:00
Ind53SColes_ADrinks_SAJuice_IEastcoast Beverages Pineapple Juice Chilled | 2L,Eastcoast Beverages Pineapple Juice Chilled | 2L,Eastcoast Beverages,Drinks,Juice,Chilled juice,,$5.90,,$6.60,$2.95 per 1L,9567400,"Locally, here on the Central Coast of NSW, Australia, we are best known as a supplier of fresh citrus fruit juices. There are the bartender's favourites - our 100% pure lemon and 100% lime juices plus our divine orange and grapefruit juices from our Central Coast orchards. Our fresh orange juice couldn't taste any better if you'd picked the fruit from the tree yourself! Importantly, our citrus juices never contain concentrate.Additionally, Eastcoast Juices supply a whole range of beverages, blended and bottled at Kulnura, and sourced mostly from Australian fruit. Favourites include our guava fruit drink and country style lemonade",,,"Per 100g/ml
Per Serving
%DI
Energy
196kJ
392kJ
Protein
0.3g
0.6g
Total Fat
0.1g
0.2g
Saturated Fat
0g
0g
Carbohydrate
10.3g
20.6g
Sugars
10.3g
20.6g
Sodium
1mg
2mg
* Percentage Daily Intakes are based on an average adult diet of 8700 kJ. Your daily intakes may be higher or lower depending on your energy needs.",,https://www.coles.com.au/product/eastcoast-beverages-pineapple-juice-chilled-2l-9567400,,,2024-06-16T10:52:11.419858-04:00
Ind53SColes_ADrinks_SAJuice_IPerkii Strawberry Watermelon Probiotic Drink | 350mL,Perkii Strawberry Watermelon Probiotic Drink | 350mL,Perkii,Drinks,Juice,Chilled juice,,$4.40,,,$12.57 per 1L,3416606,"Delivering more goodness where it counts - your gut. Developed at the University of Queensland, PERKii Probiotic Drink contains 1.2 billion probiotics scientifically designed to reach your gut alive. Blended with natural juice flavours, every bottle is low in sugar and just 37 calories per serving. Great taste, even better for you.
Did you know that the majority of probiotics perish in your stomach, well before they've even reached your gut? PERKii is different!
The brainchild of serious scientific research at UNI of QLD, our probiotics are protected for the long journey through your stomach. Delivering More goodness to the gut.",,,"Per 100g/ml
Per Serving
%DI
Energy
44kJ
154kJ
Protein
<1g
<1g
Total Fat
<0.1g
<0.1g
Saturated Fat
<0.1g
<0.1g
Carbohydrate
2.6g
9.1g
Sugars
2.4g
8.4g
Sodium
2.7mg
9.5mg
Dietary Fibre (total)
<1g
<1g
* Percentage Daily Intakes are based on an average adult diet of 8700 kJ. Your daily intakes may be higher or lower depending on your energy needs.",,https://www.coles.com.au/product/perkii-strawberry-watermelon-probiotic-drink-350ml-3416606,,,2024-06-16T10:52:22.473191-04:00
Ind53SColes_ADrinks_SAJuice_IImpressed Sunny Side Up Juice | 325mL,Impressed Sunny Side Up Juice | 325mL,Impressed,Drinks,Juice,Chilled juice,,$3.60,,,$11.08 per 1L,3062365,"Wake up on the bright side with Sunny Side Up  our fresh new blend is a delicious mix of orange, coconut water, pineapple and passionfruit.
Impressed Juices are cold pressed from the freshest produce.
Each juice contains Aussie-grown fresh vegetables, fruits and herbs which we carefully cold press and bottle locally resulting in full flavoured and irresistibly aromatic fresh juice.",,,"Per 100g/ml
Per Serving
%DI
Energy
162kJ
527kJ
Protein
0.3g
0.8g
Total Fat
0.1g
0.2g
Saturated Fat
0.1g
0.1g
Carbohydrate
9.6g
31.1g
Sugars
8.2g
26.6g
Sodium
6mg
21mg
Dietary Fibre (total)
0.1g
0.4g
* Percentage Daily Intakes are based on an average adult diet of 8700 kJ. Your daily intakes may be higher or lower depending on your energy needs.",,https://www.coles.com.au/product/impressed-sunny-side-up-juice-325ml-3062365,,,2024-06-16T10:52:33.205837-04:00
Ind53SColes_ADrinks_SAJuice_IBickford's Prune Juice | 1L,Bickford's Prune Juice | 1L,Bickfords,Drinks,Juice,Glass juice bottles,,$5.50,,$6.50,$5.50 per 1L,5225460,"If you need a little help getting your digestive health moving in the right direction, our 100% Prune juice could be just the thing. It tastes pretty fabulous, there's no added sugar, no preservatives and nothing artificial because we know that's important to you.",,,"Per 100g/ml
Per Serving
%DI
Energy
309kJ
773kJ
Protein
<0.5g
<1.3g
Total Fat
0g
0g
Saturated Fat
0g
0g
Carbohydrate
18g
42.5g
Sugars
10.7g
25g
Sodium
9mg
22.5mg
Monounsaturated
0g
0g
Dietary Fibre (total)
0g
0g
Polyunsaturated
0g
0g
Trans
0g
0g
* Percentage Daily Intakes are based on an average adult diet of 8700 kJ. Your daily intakes may be higher or lower depending on your energy needs.",,https://www.coles.com.au/product/bickford's-prune-juice-1l-5225460,,,2024-06-16T10:52:45.023833-04:00
Ind53SColes_ADrinks_SAJuice_IPerkii Sparkling Probiotic Drink Watermelon Mint Cucumber | 330mL,Perkii Sparkling Probiotic Drink Watermelon Mint Cucumber | 330mL,Perkii,Drinks,Juice,Chilled juice,,$4.50,,,$13.64 per 1L,3951825,"PERKii Watermelon, Mint & Cucumber Sparkling Probiotic Drink is bottled with 1 billion plant-based targeted release probiotics. Each serve is naturally flavoured, only 39 calories and non-fermented for a better taste!
PERKii Targeted Release Probiotics: Did you know stomach acids can be harmful to probiotics? At PERKii, our probiotics are micro-shielded to resist stomach acids. For a targeted release in your gut. Developed at the University of Queensland.",,,"Per 100g/ml
Per Serving
%DI
Energy
70kJ
231kJ
Protein
<1g
<1g
Total Fat
<1g
<1g
Saturated Fat
<1g
<1g
Carbohydrate
3.7g
12.2g
Sugars
2g
6.6g
Sodium
<5mg
<5mg
* Percentage Daily Intakes are based on an average adult diet of 8700 kJ. Your daily intakes may be higher or lower depending on your energy needs.",,https://www.coles.com.au/product/perkii-sparkling-probiotic-drink-watermelon-mint-cucumber-330ml-3951825,,,2024-06-16T10:52:56.326909-04:00
Ind53SColes_ADrinks_SAJuice_IRemedy Kombucha Pink Grapefruit | 330mL,Remedy Kombucha Pink Grapefruit | 330mL,Remedy,Drinks,Juice,Chilled juice,,$4.30,,,$13.03 per 1L,7682441,"We're shaking up fizzy drinks for good with our fresh and fruity Pink Grapefruit. Experience the delicately luscious, fizzy and refreshing Remedy Kombucha Pink Grapefruit pairing the real taste of ripe Grapefruit with just the right balance of sweet and sour. It's low in calories, full of goodness, all natural and bursting with flavour. Remedy Kombucha is:
Sugar free, for real
All natural
Certified Organic
Low on Calories
Vegan
Gluten Free
A-Ok in or out of the fridge",,,"Per 100g/ml
Per Serving
%DI
Energy
9kJ
40kJ
Protein
<1g
<1g
Total Fat
<1g
<1g
Saturated Fat
<1g
<1g
Carbohydrate
<1g
<1g
Sugars
0g
0g
Sodium
<5mg
<5mg
* Percentage Daily Intakes are based on an average adult diet of 8700 kJ. Your daily intakes may be higher or lower depending on your energy needs.",,https://www.coles.com.au/product/remedy-kombucha-pink-grapefruit-330ml-7682441,,,2024-06-16T10:53:07.097633-04:00
Ind53SColes_ADrinks_SAJuice_IDaily Juice Orange Mango Nas | 500mL,Daily Juice Orange Mango Nas | 500mL,Daily Juice,Drinks,Juice,Chilled juice,,$3.00,,,$6.00 per 1L,7365336,"With great flavour, no added sugar and packed in a convenient 500ml bottle, Daily Juice Orange Mango Juice is the ideal 'on-the-go' pick me up to support your busy lifestyle!

Recharge with Vitamin C, which supports energy and reduces feelings of tiredness and fatigue when consumed as part of a balanced diet. 

Proudly Australian owned, made and loved. 

Contains fresh, reconstituted and from time to time, cold-stored juice. 
No Added Sugar

With Vitamin C

1 serve of fruit per 125mL of fruit Juice as part of a balanced diet

Perfect for breakfast or as a refreshment/snack",,,"Per 100g/ml
Per Serving
%DI
Energy
172kJ
860kJ
10.00%
Protein
0.6g
3.0g
6.00%
Total Fat
<1.0g
<1.0g
<1%
Saturated Fat
0.0g
0.0g
0.00%
Carbohydrate
9.1g
45.5g
15.00%
Sugars
8.4g
42.0g
47.00%
Sodium
2.0mg
10.0mg
<1%
Vitamin C
45mg
225mg
Energy (Cal)
41Cal
205Cal
Dietary Fibre (total)
0.3g
1.5g
5.00%
* Percentage Daily Intakes are based on an average adult diet of 8700 kJ. Your daily intakes may be higher or lower depending on your energy needs.",,https://www.coles.com.au/product/daily-juice-orange-mango-nas-500ml-7365336,,,2024-06-16T10:53:19.845714-04:00
Ind53SColes_ADrinks_SAJuice_INudie Apples Oranges & Mangoes Juice Chilled | 2L,Nudie Apples Oranges & Mangoes Juice Chilled | 2L,Nudie,Drinks,Juice,Chilled juice,,$8.00,,,$4.00 per 1L,1423101,"The night of May 27, 2004 was a sad one for nudie.
We watched on helplessly as a fire burnt down our factory full of fruit, juice and jobs. Some brave firemen (to whom we're eternally grateful) managed to save the shell of nudie HQ, but the inside was as gutted as we were. A dire nudie drought followed and fans were left to lick at the leftovers on their lids for six long weeks. But heads, hearts and hands combined and nudie rose triumphantly from the embers to blend fruit once more.
Are you a fireman? Pop into nudie HQ to say hi (we will give you a free nudie)!
No added sugar

No preservatives

No artificial flavours

No concentrates",,,"Per 100g/ml
Per Serving
%DI
Energy
213kJ
533kJ
Protein
Less than 1g
Less than 1g
Total Fat
Less than 1g
Less than 1g
Saturated Fat
Less than 1g
Less than 1g
Carbohydrate
12.3g
30.7g
Sugars
8.9g
22.2g
Sodium
Less than 5mg
Less than 5mg
Dietary Fibre (total)
Less than 1g
Less than 1g
* Percentage Daily Intakes are based on an average adult diet of 8700 kJ. Your daily intakes may be higher or lower depending on your energy needs.",,https://www.coles.com.au/product/nudie-apples-oranges-and-mangoes-juice-chilled-2l-1423101,,,2024-06-16T10:53:31.956725-04:00
Ind53SColes_ADrinks_SAJuice_IPrima Apple Fruit Drink Multipack 200mL | 6 pack,Prima Apple Fruit Drink Multipack 200mL | 6 pack,Prima,Drinks,Juice,Multi pack juice,,$4.10,,,"$3.42 per 1L
Was $4.60 on Apr 2024",6631820,"Enjoy Prima Apple 200mL on the go or at home. As an accompaniment to lunch or an afternoon pick me up! With no preservatives or artificial colours or flavours. Available in a 6 pack of 200mL juice boxes.
20% fruit juice

No preservatives

No artificial colour

No artificial flavours

Convenient pack size

6 x 200mL Packs.",,,"Per 100g/ml
Per Serving
%DI
Energy
158
316
Protein
0.0g
0.0g
Total Fat
0.0g
0.0g
Saturated Fat
0.0g
0.0g
Carbohydrate
9.2g
18.4g
Sugars
8.9g
17.8g
Sodium
8mg
16mg
* Percentage Daily Intakes are based on an average adult diet of 8700 kJ. Your daily intakes may be higher or lower depending on your energy needs.",,https://www.coles.com.au/product/prima-apple-fruit-drink-multipack-200ml-6-pack-6631820,,,2024-06-16T10:53:42.959913-04:00
Ind53SColes_ADrinks_SAJuice_IPerkii Mango Passionfruit Probiotic Drink | 350mL,Perkii Mango Passionfruit Probiotic Drink | 350mL,Perkii,Drinks,Juice,Chilled juice,,$4.40,,,$12.57 per 1L,3416559,"Delivering more goodness where it counts - your gut. Developed at the University of Queensland, PERKii Probiotic Drink contains 1.2 billion probiotics scientifically designed to reach your gut alive. Blended with natural juice flavours, every bottle is low in sugar and just 37 calories per serving. Great taste, even better for you.
Did you know that the majority of probiotics perish in your stomach, well before they've even reached your gut? PERKii is different!
The brainchild of serious scientific research at UNI of QLD, our probiotics are protected for the long journey through your stomach. Delivering More goodness to the gut.",,,"Per 100g/ml
Per Serving
%DI
Energy
44kJ
154kJ
Protein
<1g
<1g
Total Fat
<0.1g
<0.1g
Saturated Fat
<0.1g
<0.1g
Carbohydrate
2.6g
9.1g
Sugars
2.4g
8.4g
Sodium
2.7mg
9.5mg
Dietary Fibre (total)
<1g
<1g
* Percentage Daily Intakes are based on an average adult diet of 8700 kJ. Your daily intakes may be higher or lower depending on your energy needs.",,https://www.coles.com.au/product/perkii-mango-passionfruit-probiotic-drink-350ml-3416559,,,2024-06-16T10:53:53.931801-04:00
Ind53SColes_ADrinks_SAStationery & media_IExpo Whiteboard Markers Fine Tip | 8 pack,Expo Whiteboard Markers Fine Tip | 8 pack,Expo,Drinks,Stationery & media,Stationery,,$10.80,,$18.00,$1.35 per 1ea,3887329,"Fine tip assorted whiteboard markers are suitable for everyday office, home and school use. 8 pack.",,,,,https://www.coles.com.au/product/expo-whiteboard-markers-fine-tip-8-pack-3887329,,,2024-06-16T10:54:02.698070-04:00
Ind53SColes_ADrinks_SAJuice_IFrucor Ribena Ready To Drink Blackcurrant | 6 pack,Frucor Ribena Ready To Drink Blackcurrant | 6 pack,Frucor,Drinks,Juice,Multi pack juice,,$5.00,,$6.00,$3.33 per 1L,9515087,"Ribena Fruit Drink Blackcurrant has a rich source of Vitamin C and contains no artificial colour, artificial flavour or artificial sweetener.",,,"Per 100g/ml
Per Serving
%DI
Energy
179kJ
445kJ
5%
Protein
<1g
<1g
0%
Total Fat
<1g
<1g
0%
Saturated Fat
<1g
<1g
0%
Carbohydrate
10.3g
25.8g
8%
Sugars
10.3g
25.8g
29%
Sodium
<5mg
<5mg
0%
Vitamin C
8mg
20mg
50% RDI**
Energy (Cal)
42Cal
105Cal
* Percentage Daily Intakes are based on an average adult diet of 8700 kJ. Your daily intakes may be higher or lower depending on your energy needs.",,https://www.coles.com.au/product/frucor-ribena-ready-to-drink-blackcurrant-6-pack-9515087,,,2024-06-16T10:54:15.157130-04:00
Ind53SColes_ADrinks_SAJuice_IColes Apple Juice | 3L,Coles Apple Juice | 3L,Coles,Drinks,Juice,Chilled juice,,$5.00,,,$1.67 per 1L,1882506,"Coles 3L apple juice with no added sugar, artificial colours or flavours. A refreshing beverage for anytime of day.",,,"Per 100g/ml
Per Serving
%DI
Energy
194.62
486.55
Protein
0.09
0.23
Carbohydrate
11.10
27.75
Sugars
8.60
21.50
Sodium
7.00
17.50
Saturated
0.09
0.23
Energy (Cal)
46.56
116.40
Fat
0.11
0.28
Dietary Fibre (total)
0.04
0.10
* Percentage Daily Intakes are based on an average adult diet of 8700 kJ. Your daily intakes may be higher or lower depending on your energy needs.",,https://www.coles.com.au/product/coles-apple-juice-3l-1882506,,,2024-06-16T10:54:26.102374-04:00
Ind53SColes_ADrinks_SAJuice_ICampbell's V8 Hot & Spicy Juice | 1.25L,Campbell's V8 Hot & Spicy Juice | 1.25L,Campbells,Drinks,Juice,Plastic juice bottles,,$5.50,,,$4.40 per 1L,1165436,"V8 Vegetable Hot & Spicy juice is a healthy antioxidant boost. This hot and spicy tomato, carrot, celery and chilli juice contains vitamins. Share this vegetable juice with a friend for a healthy morning pick-me-up. Or if you're short on time, it's the perfect ambient juice for an on-the-go afternoon top up. Grab yourself a V8 fuel up!",,,"Per 100g/ml
Per Serving
%DI
Energy
80kJ
200kJ
0
Protein
0.7g
1.7g
0
Total Fat
0.1g
0.1g
0
Saturated Fat
0.1g
0.1g
0
Carbohydrate
3.4g
8.4g
0
Sugars
2.8g
7.1g
0
Vitamin A
75ug
188ug
Sodium
286mg
716mg
0
Monounsaturated
0
0
0
Vitamin C
16mg
40mg
Energy (Cal)
19Cal
48Cal
0
Dietary Fibre (total)
1.1g
2.7g
0
Polyunsaturated
0
0
0
Trans
0
0
0
* Percentage Daily Intakes are based on an average adult diet of 8700 kJ. Your daily intakes may be higher or lower depending on your energy needs.","Each bottle contains the juice of: Tomato (81.5%)(Reconstituted Juice), Carrot (7%), Celery (4.3%), Lemon (3.2%)(Reconstituted Juice), Beetroot (<1%), Parsley (<1%), Lettuce (<1%), Watercress (<1), Spinach (<1%), Natural Flavours (Contains Barley), Salt, Vitamin C, Yeast Extract, Food Acid (Citric Acid), Chilli Spice Extract, Colour (E160c).",https://www.coles.com.au/product/campbell's-v8-hot-and-spicy-juice-1.25l-1165436,,,2024-06-16T10:54:37.617762-04:00
Ind53SColes_ADrinks_SAJuice_ICampbell's V8 Apple Berry Fusion Juice Multipack 250mL | 3 pack,Campbell's V8 Apple Berry Fusion Juice Multipack 250mL | 3 pack,Campbells,Drinks,Juice,Multi pack juice,,$4.00,,$4.50,$5.33 per 1L,1165298,"V8 Apple Berry juice is a healthy antioxidant boost. This apple, strawberry and purple juice is packed with vitamins to help you feel your best. We love mixing vegetables and fruits into delicious blends, so you never have to choose between taste or nutrition: you can enjoy both! With no artificial flavours, colours, preservatives or added sugar, it's the perfect juice. Go ahead - shake up the natural goodness in every bottle. Share this multipack of ambient juices for a healthy morning pick-me-up with friends. Or if you're short on time, it's the perfect lunchbox drink for an on-the-go afternoon top up. Grab yourself a V8 fuel up!
No artificial flavours or colours
No added preservatives or added sugar
Source of antioxidant vitamin C",,,"Per 100g/ml
Per Serving
%DI
Energy
210kJ
525kJ
0
Protein
0.2g
0.6g
0
Total Fat
<0.1g
0.1g
0
Saturated Fat
<0.1g
<0.1g
0
Carbohydrate
11.8g
29.6g
0
Sugars
9.9g
24.8g
0
Sodium
14mg
36mg
0
Monounsaturated
0
0
0
Vitamin C
16mg
40mg
Energy (Cal)
50Cal
125Cal
0
Dietary Fibre (total)
0.4g
0.9g
0
Polyunsaturated
0
0
0
Trans
0
0
0
* Percentage Daily Intakes are based on an average adult diet of 8700 kJ. Your daily intakes may be higher or lower depending on your energy needs.",,https://www.coles.com.au/product/campbell's-v8-apple-berry-fusion-juice-multipack-250ml-3-pack-1165298,,,2024-06-16T10:54:49.105985-04:00
Ind53SColes_ADrinks_SAJuice_ILo Bros Kombucha Pineapple Lime | 330mL,Lo Bros Kombucha Pineapple Lime | 330mL,Lo Bros,Drinks,Juice,Chilled juice,,$3.20,,$4.20,$9.70 per 1L,4474390,"We've taken the joy of summerand bottled it. The fresh taste of pineapple with a splash of lime, lightly sparkling, naturally sweet and full of living cultures - it's so tasty you'd run a mile on hot sand to get one! It's time to rethink your drink! Lo Bros brews better-for-you drinks using a little process we like to call the Cycle of Doin' Good. It kicks off with old-school fermentation and know-how using the best organic ingredients, then transforms those bad old sugars into tasty drinks and positive change. Naturally low in sugar, bubbling with millions of living cultures, bursting with refreshing feel good flavour & giving the planet a helping hand too.",,,"Per 100g/ml
Per Serving
%DI
Energy
<40kJ
<40kJ
Protein
<1g
<1g
Total Fat
<1g
<1g
Saturated Fat
<1g
<1g
Carbohydrate
0.3g
1g
Sugars
0.3g
1g
Sodium
<5mg
<5mg
Dietary Fibre (total)
<1g
<1g
* Percentage Daily Intakes are based on an average adult diet of 8700 kJ. Your daily intakes may be higher or lower depending on your energy needs.","Kombucha* (Filtered Water, Kombucha Culture*, Black Tea*, Green Tea*, Raw Sugar*), Sweeteners* (Naturally Fermented Glucose (Erythritol), Stevia Leaf (Steviol Glycosides)), Apple Cider Vinegar*, Acacia Fibre*, Natural Flavour (Pineapple, Lime), Probiotics.*Certified Organic Ingredient",https://www.coles.com.au/product/lo-bros-kombucha-pineapple-lime-330ml-4474390,,,2024-06-16T10:55:00.157773-04:00
Ind53SColes_ADrinks_SAColes Finest_IColes Finest Orange Juice Pulp Free | 2L,Coles Finest Orange Juice Pulp Free | 2L,Coles,Drinks,Coles Finest,Fruit & Fruit Juice,,$5.00,,,$2.50 per 1L,2690920,"Coles chilled pure Australian Orange juice Pulp free, 2L. Made with 100% Australian oranges and no added sugar. The perfect beverage to start your morning.",,,"Per 100g/ml
Per Serving
%DI
Energy
170.73
426.83
Protein
0.90
2.25
Carbohydrate
8.90
22.25
Sugars
8.50
21.25
Sodium
0.01
0.03
Saturated
0.09
0.23
Vitamin C
20.00
50.00
Energy (Cal)
40.84
102.11
Fat
0.09
0.23
Dietary Fibre (total)
0.10
0.25
* Percentage Daily Intakes are based on an average adult diet of 8700 kJ. Your daily intakes may be higher or lower depending on your energy needs.",,https://www.coles.com.au/product/coles-finest-orange-juice-pulp-free-2l-2690920,,,2024-06-16T10:55:11.959173-04:00
Ind53SColes_ADrinks_SAJuice_IGolden Circle Breakfast Juice No Added Sugar | 3L,Golden Circle Breakfast Juice No Added Sugar | 3L,Golden Circle,Drinks,Juice,Plastic juice bottles,,$4.50,,$5.50,$1.50 per 1L,9348305,"Golden Circle Breakfast Juice contains a mix of fruit juices and is made with no added sugar. It's always good to start your day with a tasty breakfast, which is why Golden Circle Breakfast Juice is an excellent pairing with your next breakfast. With fruity flavours including apple or pear, pineapple, orange, passionfruit and banana, this juice will be a favourite for the whole family. It's made with no artificial colours, flavours or preservatives. Golden Circle, Share the Sunshine.
No added sugar

No artificial colours, flavours or preservatives

Serve chilled

Delicious on its own, with savoury dishes, or as an ingredient in smoothies and desserts

100% Recyclable Bottle",,,"Per 100g/ml
Per Serving
%DI
Energy
190 kJ
380 kJ
Protein
0.2 g
0.4 g
Total Fat
0 g
0 g
Saturated Fat
0 g
0 g
Carbohydrate
10.0 g
20.0 g
Sugars
9.0 g
18.0 g
Sodium
10 mg
20 mg
Vitamin C
40 mg
80 mg (200% RDI*)
Dietary Fibre (total)
0.3 g
0.6 g
* Percentage Daily Intakes are based on an average adult diet of 8700 kJ. Your daily intakes may be higher or lower depending on your energy needs.",,https://www.coles.com.au/product/golden-circle-breakfast-juice-no-added-sugar-3l-9348305,,,2024-06-16T10:55:22.825856-04:00
Ind53SColes_ADrinks_SABeverages_IThe Daily Juice Breakfast Burst Juice Chilled | 2L,The Daily Juice Breakfast Burst Juice Chilled | 2L,The Daily Juice,Drinks,Beverages,Water & juices,,$5.90,,,"$2.95 per 1L
Was $6.20 on Jun 2024",4745997,"Daily Juice has been working since 1989 to create great tasting juice, great for the whole family to enjoy! With fruit ripened in the sun and no added sugar, Daily Juice is packed with good stuff to help kick start your day. 

For a delicious kick start to your day, pair a glass of delicious Daily Juice Breakfast Juice with a bowl of delicious and nutritious granola muesli with berries. 

Proudly Australian owned, made and loved. 

Contains fresh, reconstituted and from time to time, cold-stored juice.  
No Added Sugar

5 Star Health rating

With the goodness of Vitamin C

1 serve of fruit per 125mL of fruit Juice as part of a balanced diet

Perfect for breakfast or as a refreshment/snack

Manufactured in Australia.",,,"Per 100g/ml
Per Serving
%DI
Energy
167kJ
352kJ
4.0%
Protein
0.4g
0.8g
2.0%
Total Fat
<1.0g
<1.0g
<1%
Saturated Fat
0g
0g
0.0%
Carbohydrate
9.6g
19.2g
6.0%
Sugars
9.0g
18.0g
20.0%
Sodium
8mg
16mg
1.0%
Vitamin C
38mg
76mg
Dietary Fibre (total)
0.2g
0.4g
1.0%
Potassium
160mg
320mg
* Percentage Daily Intakes are based on an average adult diet of 8700 kJ. Your daily intakes may be higher or lower depending on your energy needs.",,https://www.coles.com.au/product/the-daily-juice-breakfast-burst-juice-chilled-2l-4745997,,,2024-06-16T10:55:33.724968-04:00
Ind53SColes_ADrinks_SAJuice_IRemedy Limited Batch Kombucha | 330mL,Remedy Limited Batch Kombucha | 330mL,Remedy,Drinks,Juice,Chilled juice,,$4.30,,,$13.03 per 1L,4468004,"Quench your thirst this summer with our refreshingly light and incredibly juicy Limited Batch, Watermelon & Mint. It's clean, juicy, refreshing and perfect for hot summer days. Pop the top and sip on a slice of summer. Remedy Kombucha is:
Sugar free, for real
All natural
Certified Organic
Low on Calories
Vegan
Gluten Free
A-Ok in or out of the fridge",,,"Per 100g/ml
Per Serving
%DI
Energy
18kJ
11kJ
Protein
<1g
<1g
Total Fat
<1g
<1g
Saturated Fat
<1g
<1g
Carbohydrate
<1g
<1g
Sugars
0g
0g
Sodium
<5mg
<5mg
* Percentage Daily Intakes are based on an average adult diet of 8700 kJ. Your daily intakes may be higher or lower depending on your energy needs.",,https://www.coles.com.au/product/remedy-limited-batch-kombucha-330ml-4468004,,,2024-06-16T11:10:35.749526-04:00
Ind53SColes_ADrinks_SAJuice_IJust Juice Orange Mango Juice Multipack 200mL | 6 pack,Just Juice Orange Mango Juice Multipack 200mL | 6 pack,Just Juice,Drinks,Juice,Multi pack juice,,$5.50,,$6.30,$4.58 per 1L,5001270,"No added sugar
- High in Vitamin C
- No Preservatives
- No Artificial Colours or Flavours
- 1 Serve of Fruit per 125mL (as part of a balanced intake, fruit juice can be a serve of fruit (Australian Dietary Guidelines)).
No Added Sugar

High in Vitamin C

No Preservatives

No Artificial Colours

No Artificial Flavours

1 serve of fruit per 125mL of fruit juice as part of a balanced diet..",,,"Per 100g/ml
Per Serving
%DI
Energy
169kJ
338kJ
4%
Protein
0.6g
1.2g
2%
Total Fat
<1.0g
<1.0g
<1%
Saturated Fat
0.0g
0.0g
0%
Carbohydrate
9.0g
18.0g
6%
Sugars
8.3g
16.5g
18%
Sodium
2.5mg
5.0mg
<1%
Vitamin C
20mg
40mg
100% RDI#
Dietary Fibre (total)
0.2g
0.4g
1%
* Percentage Daily Intakes are based on an average adult diet of 8700 kJ. Your daily intakes may be higher or lower depending on your energy needs.",,https://www.coles.com.au/product/just-juice-orange-mango-juice-multipack-200ml-6-pack-5001270,,,2024-06-16T11:10:47.122174-04:00
Ind53SColes_ADrinks_SAJuice_IOcean Spray Pure Cranberry Juice | 1L,Ocean Spray Pure Cranberry Juice | 1L,Ocean Spray,Drinks,Juice,Plastic juice bottles,,$8.00,,,$8.00 per 1L,6764653,"Enjoy the powerful taste of 100% unsweetened cranberries, loaded with antioxidants to help cleanse & purify your body. Boost your daily smoothie, sparkling water or enjoy as a daily shot!",,,"Per 100g/ml
Per Serving
%DI
Energy
118kJ
295kJ
Protein
0g
0g
Total Fat
0g
0g
Saturated Fat
0g
0g
Carbohydrate
4.5g
11.3g
Sugars
3.9g
9.8g
Sodium
11mg
28mg
Potassium
74mg
185mg
* Percentage Daily Intakes are based on an average adult diet of 8700 kJ. Your daily intakes may be higher or lower depending on your energy needs.",,https://www.coles.com.au/product/ocean-spray-pure-cranberry-juice-1l-6764653,,,2024-06-16T11:10:58.067136-04:00
Ind53SColes_ADrinks_SAJuice_IDevondale Sparkling Juice Apple | 750mL,Devondale Sparkling Juice Apple | 750mL,Devondale,Drinks,Juice,Glass juice bottles,,$3.20,,$3.65,$4.27 per 1L,4412622,"Australian owned and made
100% natural
No added sugar, colours or preservatives.
100% Sparkling Juice

100% Natural

No added sugar.

No added colours or preservatives.

Kosher",,,"Per 100g/ml
Per Serving
%DI
Energy
206kJ
515kJ
Protein
0g
0g
Total Fat
0g
0g
Saturated Fat
0g
0g
Carbohydrate
12.1g
30.3g
Sugars
9.7g
24.3g
Sodium
5mg
13mg
Energy (Cal)
49Cal
123Cal
* Percentage Daily Intakes are based on an average adult diet of 8700 kJ. Your daily intakes may be higher or lower depending on your energy needs.",,https://www.coles.com.au/product/devondale-sparkling-juice-apple-750ml-4412622,,,2024-06-16T11:11:08.970146-04:00
Ind53SColes_ADrinks_SAJuice_IEastcoast Cranberry Juice Drink | 2L,Eastcoast Cranberry Juice Drink | 2L,Eastcoast,Drinks,Juice,Chilled juice,,$6.60,,,$3.30 per 1L,1887634,"Locally, here on the Central Coast of NSW, Australia, we are best known as a supplier of fresh citrus fruit juices. There are the bartender's favourites - our 100% pure lemon and 100% lime juices plus our divine orange and grapefruit juices from our Central Coast orchards. Our fresh orange juice couldn't taste any better if you'd picked the fruit from the tree yourself! Importantly, our citrus juices never contain concentrate.Additionally, Eastcoast Juices supply a whole range of beverages, blended and bottled at Kulnura, and sourced mostly from Australian fruit. Favourites include our guava fruit drink and country style lemonade",,,"Per 100g/ml
Per Serving
%DI
Energy
218kJ
436kJ
Protein
0.4g
0.8g
Total Fat
0.1g
0.2g
Saturated Fat
0g
0g
Carbohydrate
12.1g
24.2g
Sugars
12.1g
24.2g
Sodium
2mg
4mg
* Percentage Daily Intakes are based on an average adult diet of 8700 kJ. Your daily intakes may be higher or lower depending on your energy needs.",,https://www.coles.com.au/product/eastcoast-cranberry-juice-drink-2l-1887634,,,2024-06-16T11:11:19.844523-04:00
Ind53SColes_ADrinks_SAJuice_ICampbell's V8 Tropical Juice | 1.25L,Campbell's V8 Tropical Juice | 1.25L,Campbells,Drinks,Juice,Plastic juice bottles,,$5.50,,,$4.40 per 1L,1165378,"Refreshingly delicious, V8 Juice Tropical gives you the benefits of blended fruit and veggies in one drink. Enjoy for breakfast or bring to school or work for a nutritious drink to enjoy on breaks. This healthy juice gives you a source of Vitamin A and antioxidant Vitamin C in a quick, easy way. Also available in 300ml and 3x250ml varieties.
A mix of apple, pineapple, passionfruit and carrot.
Packed in a large 1.25L bottle
No artificial flavours, colours or added preservatives
No added sugar
Source of Vitamin A and antioxidant Vitamin C 1 serve of fruit & 1 serve of veg er 250ml serve",,,"Per 100g/ml
Per Serving
%DI
Energy
184kJ
459kJ
0
Protein
0.4g
1.0g
0
Total Fat
0.1g
0.2g
0
Saturated Fat
<0.1g
0.1g
0
Carbohydrate
10.0g
25.1g
0
Sugars
8.6g
21.4g
0
Vitamin A
75ug
188ug
Sodium
22mg
54mg
0
Monounsaturated
0
0
0
Vitamin C
2mg
4mg
Energy (Cal)
44Cal
110Cal
0
Dietary Fibre (total)
0.4g
0.9g
0
Polyunsaturated
0
0
0
Trans
0
0
0
* Percentage Daily Intakes are based on an average adult diet of 8700 kJ. Your daily intakes may be higher or lower depending on your energy needs.",,https://www.coles.com.au/product/campbell's-v8-tropical-juice-1.25l-1165378,,,2024-06-16T11:11:30.747062-04:00
Ind53SColes_ADrinks_SAJuice_IArdmona Apricot Nectar Fruit Drink Can | 405mL,Ardmona Apricot Nectar Fruit Drink Can | 405mL,Ardmona,Drinks,Juice,Canned juices,,$2.00,,,$4.94 per 1L,4742015,"Ardmona Apricot Nectar Fruit Drink contain no artificial colours and no added preservatives.


-No Artificial Colours

-No Preservatives",,,"Per 100g/ml
Per Serving
%DI
Energy
242kJ
303kJ
Protein
0.3g
0.4g
Total Fat
0.1g
0.1g
Saturated Fat
0.1g
0.1g
Carbohydrate
13.6g
17.0g
Sugars
12.7g
15.9g
Sodium
Less than 5mg
Less than 5mg
Energy (Cal)
58Cal
72Cal
Dietary Fibre (total)
0.5g
0.6g
* Percentage Daily Intakes are based on an average adult diet of 8700 kJ. Your daily intakes may be higher or lower depending on your energy needs.",,https://www.coles.com.au/product/ardmona-apricot-nectar-fruit-drink-can-405ml-4742015,,,2024-06-16T11:11:41.744643-04:00
Ind53SColes_ADrinks_SAJuice_IThe Juice Brothers Tropical Juice | 1L,The Juice Brothers Tropical Juice | 1L,The Juice Brothers,Drinks,Juice,Chilled juice,,$5.00,,,$5.00 per 1L,7829244,"Extraordinary tasting juice that cares? You're holding it!

Our orange juice is squeezed rather than crushed to preserve the fruit peels. Our orange, apple and pear fruit peels (including the seeds and cores) are reused as local animal feed.

We're also owned, grown and squeezed right here in Australia because we love what we do and want to keep it local.

No added sugar, just natural sweetness of fruit.",,,"Per 100g/ml
Per Serving
%DI
Energy
179kJ
358kJ
4%
Protein
0.4g
0.8g
2%
Total Fat
<1.0g
<1.0g
<1%
Saturated Fat
0.0g
0.0g
0.00%
Carbohydrate
9.9g
19.8g
6%
Sugars
9.4g
18.8g
21%
Sodium
1mg
2mg
<1%
Monounsaturated
0
0
0
Vitamin C
20mg
40mg
Energy (Cal)
43Cal
86Cal
0
Dietary Fibre (total)
0.7g
1.4g
5%
Polyunsaturated
0
0
0
Potassium
110mg
220mg
0
Trans
0
0
0
* Percentage Daily Intakes are based on an average adult diet of 8700 kJ. Your daily intakes may be higher or lower depending on your energy needs.",,https://www.coles.com.au/product/the-juice-brothers-tropical-juice-1l-7829244,,,2024-06-16T11:11:52.719982-04:00
Ind53SColes_ADrinks_SAJuice_IColes Juice Breakfast | 2L,Coles Juice Breakfast | 2L,Coles,Drinks,Juice,Plastic juice bottles,,$2.80,,,$1.40 per 1L,4382838,No Added SugarGood Source of Vitamin C2D QR Code: B5210850721,,,"Per 100g/ml
Per Serving
%DI
Energy
189.8
474.5
Protein
0.3
0.75
Carbohydrate
10.6
26.5
9
Sugars
10.2
25.5
Sodium
5
12.5
Saturated
0.1
0.25
Vitamin C
10
25
Energy (Cal)
45.41
113.52
Fat
0.1
0.25
Dietary Fibre (total)
0.1
0.25
* Percentage Daily Intakes are based on an average adult diet of 8700 kJ. Your daily intakes may be higher or lower depending on your energy needs.",,https://www.coles.com.au/product/coles-juice-breakfast-2l-4382838,,,2024-06-16T11:12:03.465827-04:00
Ind53SColes_ADrinks_SAJuice_INudie Tropical Breakfast Juice | 1L,Nudie Tropical Breakfast Juice | 1L,Nudie,Drinks,Juice,Chilled juice,,$6.00,,,$6.00 per 1L,7016541,,,,,,https://www.coles.com.au/product/nudie-tropical-breakfast-juice-1l-7016541,,,2024-06-16T11:12:12.222083-04:00
Ind53SColes_ADrinks_SAJuice_IMildura Juice Apple Guava | 3L,Mildura Juice Apple Guava | 3L,Mildura,Drinks,Juice,Chilled juice,,$5.80,,,$1.93 per 1L,7680560,,,,,,https://www.coles.com.au/product/mildura-juice-apple-guava-3l-7680560,,,2024-06-16T11:12:22.165270-04:00
Ind53SColes_ADrinks_SAJuice_IGolden Circle Pine Orange Fruit Drink Lunch Box Multipack Poppers 6x250mL | 6 pack,Golden Circle Pine Orange Fruit Drink Lunch Box Multipack Poppers 6x250mL | 6 pack,Golden Circle,Drinks,Juice,Multi pack juice,,$5.10,Pick any 2 for $8,,$3.40 per 1L,384376,"Golden Circle Pine Orange Fruit Drink is made with no artificial colours, flavours or preservatives. This mix of pineapple and orange flavours is guaranteed to be your new summer favourite. Make sure you're stocked up with some Golden Circle Pine Orange Fruit Drink this summer. Packed in single serves which are perfect for on the go too, whether you're heading to work, spending the day at the beach or going to a picnic in the park. Simply enjoy Golden Circle Pine Orange Fruit Drink straight from the fridge. Golden Circle, Share the Sunshine.
No artificial colours or flavours

Contains no preservatives

Enjoy while relaxing under the sun

Ideal size for serving at parties and barbecues",,,"Per 100g/ml
Per Serving
%DI
Energy
175 kJ
440 kJ
Protein
0.1 g
0.3 g
Total Fat
0 g
0 g
Saturated Fat
0 g
0 g
Carbohydrate
9.7 g
24.3 g
Sugars
9.5 g
23.8 g
Sodium
8 mg
20 mg
Vitamin C
15 mg
37 mg (92% RDI*)
* Percentage Daily Intakes are based on an average adult diet of 8700 kJ. Your daily intakes may be higher or lower depending on your energy needs.",,https://www.coles.com.au/product/golden-circle-pine-orange-fruit-drink-lunch-box-multipack-poppers-6x250ml-6-pack-384376,,,2024-06-16T11:12:33.778699-04:00
Ind53SColes_ADrinks_SA_IGolden Circle  Pineapple Juice Fruit Juice | 2L,Golden Circle  Pineapple Juice Fruit Juice | 2L,Golden Circle,Drinks,,,,$4.80,,,$2.40 per 1L,5487536,"Brighten up your week with a glass of Golden Circle Pineapple Juice. Made with no added sugar, this juice is a great way to cool down on a warm day. Containing no artificial colours, flavours or preservatives, and made with no added sugar, Golden Circle Pineapple Juice is a great juice for the whole family to enjoy. Enjoy Golden Circle Pineapple Juice in a fruity smoothie, frozen into ice blocks or mixed into a mocktail. Golden Circle, Share the Sunshine.
No added sugar

No artificial colours, flavours or preservatives

A great way to cool down on a warm day

Refreshing drink

Delicious on its own, with savoury dishes, or with desserts",,,"Per 100g/ml
Per Serving
%DI
Energy
205 kJ
410 kJ
Protein
0.1 g
0.2 g
Total Fat
0 g
0 g
Saturated Fat
0 g
0 g
Carbohydrate
11.0 g
22.0 g
Sugars
11.0 g
22.0 g
Sodium
9 mg
18 mg
Vitamin C
40 mg
80 mg (200% RDI*)
Dietary Fibre (total)
0.2 g
0.4 g
* Percentage Daily Intakes are based on an average adult diet of 8700 kJ. Your daily intakes may be higher or lower depending on your energy needs.","Reconstituted Pineapple Juice (99.6%), Food Acid (Citric Acid), Vitamin C, Stabiliser (Pectin), Natural Flavour.",https://www.coles.com.au/product/golden-circle-pineapple-juice-fruit-juice-2l-5487536,,,2024-06-16T11:12:45.537588-04:00
Ind53SColes_ADrinks_SAJuice_IOriginal Juice Co. Black Label Chilled Orange Juice | 600mL,Original Juice Co. Black Label Chilled Orange Juice | 600mL,Original Juice Co,Drinks,Juice,Chilled juice,,$3.80,,,$6.33 per 1L,8818094,"Australia's premium fresh juice in a compact, convenient size, with bold, sweet flavour and no added sugar.",,,"Per 100g/ml
Per Serving
%DI
Energy
215kJ
425kJ
Protein
0.7g
1.5g
Total Fat
0.1g
0.2g
Saturated Fat
0g
0g
Carbohydrate
10.8g
21.6g
Sugars
8.6g
17.6g
Sodium
1mg
2mg
Vitamin C
40mg
80mg
Dietary Fibre (total)
0g
0g
* Percentage Daily Intakes are based on an average adult diet of 8700 kJ. Your daily intakes may be higher or lower depending on your energy needs.",,https://www.coles.com.au/product/original-juice-co.-black-label-chilled-orange-juice-600ml-8818094,,,2024-06-16T11:12:57.410706-04:00
Ind53SColes_ADrinks_SABeverages_IRemedy Kombucha Organic Orange Squeeze | 750mL,Remedy Kombucha Organic Orange Squeeze | 750mL,Remedy,Drinks,Beverages,Water & juices,,$5.90,,,"$7.87 per 1L
Was $7.50 on May 2024",5788496,"Gather round orange soda lovers 'coz we have a treat for you. our new twist on the classic orange fizzy! Zesty, bright and bursting with juicy orange flavour, this one might just become your new main squeeze! This all-natural thirst-quenching flavour is packed full of live cultures and antioxidants. Remedy Kombucha is:
Sugar free, for real
All natural
Certified Organic
Low on Calories
Vegan
Gluten Free
A-Ok in or out of the fridge",,,"Per 100g/ml
Per Serving
%DI
Energy
12kJ
30kJ
Protein
<1g
<1g
Total Fat
<1g
<1g
Saturated Fat
<1g
<1g
Carbohydrate
<1g
<1g
Sugars
0g
0g
Sodium
<5mg
<5mg
* Percentage Daily Intakes are based on an average adult diet of 8700 kJ. Your daily intakes may be higher or lower depending on your energy needs.",,https://www.coles.com.au/product/remedy-kombucha-organic-orange-squeeze-750ml-5788496,,,2024-06-16T11:13:08.385292-04:00
Ind53SColes_ADrinks_SAJuice_IDaily Juice Orange Pre Probiotics | 1L,Daily Juice Orange Pre Probiotics | 1L,Daily Juice,Drinks,Juice,Chilled juice,,$3.80,,$4.80,$3.80 per 1L,4465414,"Daily Juice has been working since 1989 to create great tasting juice, great for the whole family to enjoy! With fruit ripened in the sun and no added sugar, Daily Juice is packed with good stuff to help kick start your day. 

 With a blend of prebiotics and vitamin C, Daily Juice Orange Juice + Pre & Probiotics helps to support a healthy gut as part of a balanced diet.

Proudly Australian owned, made and loved. 

Contains fresh, reconstituted and from time to time, cold-stored juice. 

^Probiotics support everyday gut health by increasing the good bugs in your gut, as part of a balanced diet. Some people may experience gut sensitivity from consuming prebiotic fibre.
Healthy Juice

With prebiotics to support a healthy gut^

Orange Juice",,,"Per 100g/ml
Per Serving
%DI
Energy
188
558
6
Protein
0.6
1.8
4
Total Fat
<1
<1
<1
Saturated Fat
0
0
0
Carbohydrate
9.1
27.3
9
Sugars
8.2
24.6
27
Sodium
2
6
<1
Vitamin C
30
99
247
Dietary Fibre (total)
2.2
6.6
22
* Percentage Daily Intakes are based on an average adult diet of 8700 kJ. Your daily intakes may be higher or lower depending on your energy needs.","Reconstituted Orange Juice & Orange Juice (98%), Prebiotic Fibre (Inulin), Acidity Regulator (303), Preservative (202), Probiotic Culture Lactobacillius rhamnosus (LGG), Natural Flavours, Vitamin C",https://www.coles.com.au/product/daily-juice-orange-pre-probiotics-1l-4465414,,,2024-06-16T11:13:19.210127-04:00
Ind53SColes_ADrinks_SAJuice_ISunraysia Pouch 99.9% Apple Juice | 200mL,Sunraysia Pouch 99.9% Apple Juice | 200mL,Sunraysia,Drinks,Juice,Plastic juice bottles,,$1.50,Pick any 5 for $5.30,,$7.50 per 1L,4158743,"Sunraysia pouches are a wholesome great tasting range of juices with added sugar, no artificial colours, flavours or preservatives. Available in a convenient, durable 200ml single serve pouch that won't split or break. Also great frozen or as a slushie - the perfect addition to any lunchbox.
- 100% Natural.
- Non genetically modified.
- Nothing Artificial.
- No added sugars or preservatives.
- Good Source of Vitamin C.
- 99.9 % Juice.
- BPA Free.
100% Natural

1 Serve of Fruit*

Good Source of Vitamin C

99.9 % Juice, no added sugar

Non genetically modified

Vegetarian & Vegan Friendly.

No artificial colours, flavours or preservatives.

Great Frozen.",,,"Per 100g/ml
Per Serving
%DI
Energy
188kJ
376kJ
Protein
0.2g
0.4g
Total Fat
0.0g
0.0g
Saturated Fat
0.0g
0.0g
Carbohydrate
10.6g
21.2g
Sugars
10.2g
20.4g
Sodium
8mg
16mg
Vitamin C
10mg
20mg
50% RDI#
Energy (Cal)
44Cal
88Cal
Trans
0.0g
0.0g
* Percentage Daily Intakes are based on an average adult diet of 8700 kJ. Your daily intakes may be higher or lower depending on your energy needs.",,https://www.coles.com.au/product/sunraysia-pouch-99.9percent-apple-juice-200ml-4158743,,,2024-06-16T11:13:30.119188-04:00
Ind53SColes_ADrinks_SAJuice_IOriginal Juice Co Veggie Goodness Juice Beetroot | 1L,Original Juice Co Veggie Goodness Juice Beetroot | 1L,Original Juice Co,Drinks,Juice,Chilled juice,,$6.00,,,$6.00 per 1L,6278520,"Loaded with highly nutritious purple carrot and beetroot, the sweetness of cloudy pear and the full bodied flavour of pumpkin juice, this smooth, deep blend delivers 2.3 delicious serves of veg per 250ml.",,,"Per 100g/ml
Per Serving
%DI
Energy
191kJ
478kJ
Protein
1g
2.5g
Total Fat
0.3g
0.8g
Saturated Fat
0.1g
0.2g
Carbohydrate
9.2g
23.1g
Sugars
7.2g
17.9g
Sodium
26mg
64mg
* Percentage Daily Intakes are based on an average adult diet of 8700 kJ. Your daily intakes may be higher or lower depending on your energy needs.",,https://www.coles.com.au/product/original-juice-co-veggie-goodness-juice-beetroot-1l-6278520,,,2024-06-16T11:13:40.891385-04:00
Ind53SColes_ADrinks_SAJuice_IOriginal Juice Co Goodness Green Juice | 600mL,Original Juice Co Goodness Green Juice | 600mL,Original,Drinks,Juice,Chilled juice,,$3.80,,,$6.33 per 1L,7863854,,,,,,https://www.coles.com.au/product/original-juice-co-goodness-green-juice-600ml-7863854,,,2024-06-16T11:13:49.795933-04:00
Ind53SColes_ADrinks_SAJuice_IOriginal Juice Co. Black Label Pulp Free Chilled Orange Juice | 1.5L,Original Juice Co. Black Label Pulp Free Chilled Orange Juice | 1.5L,Original Juice Co,Drinks,Juice,Chilled juice,,$6.50,,,$4.33 per 1L,5972917,For those that love the characteristics and flavour of sweetness and zest with a smooth feel and lighter finish.,,,"Per 100g/ml
Per Serving
%DI
Energy
220kJ
435kJ
Protein
0.7g
1.5g
Total Fat
0.1g
0.2g
Saturated Fat
0g
0g
Carbohydrate
10.8g
21.6g
Sugars
8.6g
17.2g
Sodium
1mg
2mg
* Percentage Daily Intakes are based on an average adult diet of 8700 kJ. Your daily intakes may be higher or lower depending on your energy needs.",,https://www.coles.com.au/product/original-juice-co.-black-label-pulp-free-chilled-orange-juice-1.5l-5972917,,,2024-06-16T11:14:00.510324-04:00
Ind53SColes_ADrinks_SAJuice_ISunraysia Pouch 99.9% Apple & Strawberry Juice | 200mL,Sunraysia Pouch 99.9% Apple & Strawberry Juice | 200mL,Sunraysia,Drinks,Juice,Plastic juice bottles,,$1.50,Pick any 5 for $5.30,,$7.50 per 1L,4158970,"Sunraysia pouches are a wholesome great tasting range of juices with added sugar, no artificial colours, flavours or preservatives. Available in a convenient, durable 200ml single serve pouch that won't split or break. Also great frozen or as a slushie - the perfect addition to any lunchbox.
- 100% Natural.
- Non genetically modified.
- Nothing Artificial.
- No added sugars or preservatives.
- Good Source of Vitamin C.
- 99.9 % Juice.
- BPA Free.
100% Natural

1 Serve of Fruit*

Good Source of Vitamin C

99.9 % Juice, no added sugar

Non genetically modified

Vegetarian & Vegan Friendly.

No artificial colours, flavours or preservatives.

Great Frozen.",,,"Per 100g/ml
Per Serving
%DI
Energy
188kJ
376kJ
Protein
0.0g
0.0g
Total Fat
0.0g
0.0g
Saturated Fat
0.0g
0.0g
Carbohydrate
10.9g
21.8g
Sugars
10.5g
21.g
Sodium
7mg
14mg
Vitamin C
10mg
20mg
50% RDI#
Energy (Cal)
45Cal
90Cal
Trans
0.0g
0.0g
* Percentage Daily Intakes are based on an average adult diet of 8700 kJ. Your daily intakes may be higher or lower depending on your energy needs.",,https://www.coles.com.au/product/sunraysia-pouch-99.9percent-apple-and-strawberry-juice-200ml-4158970,,,2024-06-16T11:14:12.244824-04:00
Ind53SColes_ADrinks_SAJuice_IBoost Mango Sunshine Juice Chilled | 1L,Boost Mango Sunshine Juice Chilled | 1L,Boost,Drinks,Juice,Chilled juice,,$6.20,,,$6.20 per 1L,3412376,"Boost Mango Sunshine Juice is a tasty blend of pear, apple, mango, banana, and passionfruit, perfect as a refreshing drink to go with your meals or for during an afternoon break. It has the tastiest infusions, deliciously thirst-quenching for everyone to enjoy.
Made in Australia",,,"Per 100g/ml
Per Serving
%DI
Energy
164kJ
328kJ
Protein
0.1g
0.2g
Total Fat
<0.1g
<0.1g
Saturated Fat
<0.1g
<0.1g
Carbohydrate
9.6g
19.2g
Sugars
7.5g
15g
Sodium
3mg
6mg
Vitamin C
20mg
40mg
100%
* Percentage Daily Intakes are based on an average adult diet of 8700 kJ. Your daily intakes may be higher or lower depending on your energy needs.",,https://www.coles.com.au/product/boost-mango-sunshine-juice-chilled-1l-3412376,,,2024-06-16T11:14:23.129668-04:00
Ind53SColes_ADrinks_SAJuice_IColes Apple Orange Mango Nas | 3L,Coles Apple Orange Mango Nas | 3L,Coles,Drinks,Juice,Chilled juice,,$5.20,,,$1.73 per 1L,7430234,,,,"Per 100g/ml
Per Serving
%DI
Energy
189.80
474.50
Protein
0.10
0.25
Carbohydrate
10.80
27.00
Sugars
9.80
24.50
Sodium
5.00
12.50
Saturated
0.10
0.25
Energy (Cal)
45.41
113.52
Fat
0.10
0.25
Dietary Fibre (total)
0.10
0.25
* Percentage Daily Intakes are based on an average adult diet of 8700 kJ. Your daily intakes may be higher or lower depending on your energy needs.",,https://www.coles.com.au/product/coles-apple-orange-mango-nas-3l-7430234,,,2024-06-16T11:14:33.889751-04:00
Ind53SColes_ADrinks_SAJuice_ICampbell's V8 Breakfast Juice Box 250mL | 3 pack,Campbell's V8 Breakfast Juice Box 250mL | 3 pack,Campbells,Drinks,Juice,Multi pack juice,,$4.00,,$4.50,$5.33 per 1L,1165301,"V8 Breakfast juice is a healthy antioxidant boost. This apple, pineapple, orange and carrot juice contains vitamins. Take one of these perfectly sized lunchbox drinks with your packed lunch to enjoy anywhere. Share this multipack of fruit and vegetable juices with a friend for a healthy morning pick-me-up. Or if you're short on time, it's the perfect ambient juice for an on-the-go afternoon top up. Grab yourself a V8 fuel up!
No artificial flavours or colours
No added preservatives or added sugar
Source of vitamin A and antioxidant vitamin C",,,"Per 100g/ml
Per Serving
%DI
Energy
204kJ
510kJ
0
Protein
0.4g
1.0g
0
Total Fat
0.1g
0.1g
0
Saturated Fat
<0.1g
<0.1g
0
Carbohydrate
11.4g
28.4g
0
Sugars
9.8g
24.5g
0
Vitamin A
75ug
188ug
Sodium
19mg
47mg
0
Monounsaturated
0
0
0
Vitamin C
2mg
16mg
Energy (Cal)
49Cal
122Cal
0
Dietary Fibre (total)
0.2g
0.5g
0
Polyunsaturated
0
0
0
Trans
0
0
0
* Percentage Daily Intakes are based on an average adult diet of 8700 kJ. Your daily intakes may be higher or lower depending on your energy needs.",,https://www.coles.com.au/product/campbell's-v8-breakfast-juice-box-250ml-3-pack-1165301,,,2024-06-16T11:14:44.790962-04:00
Ind53SColes_ADrinks_SAJuice_INudie Nothing But Apple Juice | 400mL,Nudie Nothing But Apple Juice | 400mL,Nudie,Drinks,Juice,Chilled juice,,$3.90,,,$9.75 per 1L,3724324,"Our mission: To create good. Simple enough, but where do you start? We got going on our local juice aisle. It was 2003 and we couldn't find ANY juices free from concentrates, preservatives, colours or artificial flavours. So we decided to create good ourselves, blending fruit (and only fruit) and bottling it up for lovers of legitimate fruity goodness. Since then, we've created good with Aussie farmers, local communities, charities and sports teams. When the opportunity to create good arises, so do we! Mission Accomplish-ing. Got some good you want to see created? Tell us! creatorsofgood@nudie.com.au
100% Australian fruit

No added sugar

No preservatives

No artificial flavours

No concentrates",,,"Per 100g/ml
Per Serving
%DI
Energy
211kJ
528kJ
Protein
Less than 1g
Less than 1g
Total Fat
Less than 1g
Less than 1g
Saturated Fat
Less than 1g
Less than 1g
Carbohydrate
12.3g
30.7g
Sugars
10.8g
27g
Sodium
Less than 5mg
Less than 5mg
Dietary Fibre (total)
Less than 1g
Less than 1g
* Percentage Daily Intakes are based on an average adult diet of 8700 kJ. Your daily intakes may be higher or lower depending on your energy needs.",,https://www.coles.com.au/product/nudie-nothing-but-apple-juice-400ml-3724324,,,2024-06-16T11:14:55.613719-04:00
Ind53SColes_ADrinks_SAJuice_ICampbell's V8 Purple Power Juice | 1.25L,Campbell's V8 Purple Power Juice | 1.25L,Campbells,Drinks,Juice,Plastic juice bottles,,$4.80,,$6.00,$3.84 per 1L,2528342,"V8 Power Blend Purple Power juice is a healthy antioxidant boost. This purple carrot, beetroot and apple juice contains vitamins. Share this fruit and veg juice with a friend for a healthy morning pick-me-up. Or if you're short on time, it's the perfect ambient juice for an on-the-go afternoon top up. Grab yourself a V8 Power Blend fuel up!
No artificial flavours or colours
No added preservatives or added sugar
Source of antioxidant vitamin C",,,"Per 100g/ml
Per Serving
%DI
Energy
161kJ
402kJ
0
Protein
0.6g
1.5g
0
Total Fat
0.1g
0.2g
0
Saturated Fat
0.1g
0.1g
0
Carbohydrate
8.5g
21.3g
0
Sugars
8.0g
20.0g
0
Sodium
24mg
59mg
0
Monounsaturated
0
0
0
Vitamin C
4mg
10mg
Energy (Cal)
38Cal
96Cal
0
Dietary Fibre (total)
0.2g
0.5g
0
Polyunsaturated
0
0
0
Trans
0
0
0
* Percentage Daily Intakes are based on an average adult diet of 8700 kJ. Your daily intakes may be higher or lower depending on your energy needs.",,https://www.coles.com.au/product/campbell's-v8-purple-power-juice-1.25l-2528342,,,2024-06-16T11:15:06.532578-04:00
Ind53SColes_ADrinks_SAJuice_IYoufoodz Youjuice Guava Pineapple Energy | 350mL,Youfoodz Youjuice Guava Pineapple Energy | 350mL,Youfoodz,Drinks,Juice,Chilled juice,,$4.00,,,$11.43 per 1L,4849551,"Boost your energy levels and quench your thirst with Youfoodz Guava Pineapple Energy (350ml). It's a bright blend of guava, apple & pineapple juice with added guarana, taurine, caffeine & B vitamins. Youfoodz' Resident Dietitian says guava is incredibly rich in Vitamin C, helping boost immunity levels, preparing our bodies to fight common infections. Paired with pineapple, this juice will give you a boost of energy, whilst also promoting a healthy digestive tract.",,,"Per 100g/ml
Per Serving
%DI
Energy
195kJ
684kJ
Protein
Less than 1g
1.2g
Total Fat
Less than 1g
Less than 1g
Saturated Fat
Less than 1g
Less than 1g
Carbohydrate
10g
35.1g
Sugars
8.7g
30.3g
Taurine
280mg
980mg
Inositol
14mg
49mg
Glucuronolactone
168mg
588mg
Vitamin B12
1.4 ug
4.9 ug
Sodium
0.6mg
2mg
Energy (Cal)
47Cal
164Cal
Vitamin B6
1.4mg
4.9mg
Caffeine
22mg
78mg
* Percentage Daily Intakes are based on an average adult diet of 8700 kJ. Your daily intakes may be higher or lower depending on your energy needs.","Apple Juice, Pineapple Juice (27%), Filtered Water, Guava Puree Concentrate (8%), Energy Mix (Contains Taurine, Glucuronolactone, Caffeine, Inositol, Guarana, Niacin, Pantothenic Acid, Vitamin B6, Vitamin B12), Vitamin C, Natural Colour (120), Natural Flavour.",https://www.coles.com.au/product/youfoodz-youjuice-guava-pineapple-energy-350ml-4849551,,,2024-06-16T11:15:17.473132-04:00
Ind53SColes_ADrinks_SAJuice_IMildura Orange And Mango Fruit Drink | 500mL,Mildura Orange And Mango Fruit Drink | 500mL,Mildura,Drinks,Juice,Chilled juice,,$2.50,,$2.80,$5.00 per 1L,3187473,"Midura Refreshing Fruit Drink is aussie owned and loved. 

Available in a convenient 500ml bottle, a glass of delicious and vibrant fruit drink is a refreshing addition to your day!

Proudly packed in NSW and QLD by and for the Bega Group using local and imported ingredients. The local ingredients are sourced Australia wide.
With fruit juice

Perfect to drink on the go

Easy to pour, resealable pack

Delicious and full flavoured

Refreshing drink

Manufactured in Australia.",,,"Per 100g/ml
Per Serving
%DI
Energy
159kJ
795kJ
9.0%
Protein
0.1g
0.5g
1.0%
Total Fat
0g
0g
0.0%
Saturated Fat
0g
0g
0.0%
Carbohydrate
9.2g
46.0g
15.0%
Sugars
8.8g
44.0g
49.0%
Sodium
2.5mg
12.5mg
1.0%
* Percentage Daily Intakes are based on an average adult diet of 8700 kJ. Your daily intakes may be higher or lower depending on your energy needs.",,https://www.coles.com.au/product/mildura-orange-and-mango-fruit-drink-500ml-3187473,,,2024-06-16T11:15:28.216724-04:00
Ind53SColes_ADrinks_SAJuice_INudie Nothing But Juice Orange Pulp Free | 400mL,Nudie Nothing But Juice Orange Pulp Free | 400mL,Nudie,Drinks,Juice,Chilled juice,,$3.90,,,$9.75 per 1L,3893489,"It's not easy to concentrate, which is why we avoid it at all costs. But some juicers looove to concentrate so much, they use it in their juice! Concentrate is a kind of cryogenically frozen juice that's brought back to life years later by adding water, flavour, sugar and other stuff. Eww! That's why we made nothing but; good, simple, fruit juice - no preservatives, no additives, just Aussie fruit. And because we love to support local farmers and growers - we will always only use Australian oranges, right from our own backyard. What good could we do beyond the juice fridge? creatorsofgood@nudie.com.au
100% Australian fruit & veg

No added sugar

No preservatives

No artificial flavours

No concentrates",,,,,https://www.coles.com.au/product/nudie-nothing-but-juice-orange-pulp-free-400ml-3893489,,,2024-06-16T11:15:37.293838-04:00
Ind53SColes_ADrinks_SAJuice_IGolden Circle Orange Fruit Drink LunchBox Multipack Poppers 6x250mL | 6 pack,Golden Circle Orange Fruit Drink LunchBox Multipack Poppers 6x250mL | 6 pack,Golden Circle,Drinks,Juice,Multi pack juice,,$5.10,Pick any 2 for $8,,$3.40 per 1L,384365,"Excellent for camping and beach days, Golden Circle Orange Burst Fruit Drink is made with no artificial colours, flavours or preservatives. This fruit drink is a tasty treat for when you're out and about. Easy to freeze into ice blocks or delicious straight from the carton, Golden Circle Orange Burst Fruit Drink is sure to be a family favourite. It's great to take on the go too - whether you're heading to work, spending the day at the beach or going to a picnic in the park. Golden Circle, Share the Sunshine.
No artificial colours

No artificial flavours

No preservatives

Good source of vitamin C

Convenient for bringing to picnics and beach trips",,,"Per 100g/ml
Per Serving
%DI
Energy
175 kJ
440 kJ
Protein
0.1 g
0.3 g
Total Fat
0 g
0 g
Saturated Fat
0 g
0 g
Carbohydrate
9.7 g
24.3 g
Sugars
9.2 g
23.0 g
Sodium
9 mg
23 mg
Vitamin C
15 mg
37 mg (92% RDI*)
15 mg
* Percentage Daily Intakes are based on an average adult diet of 8700 kJ. Your daily intakes may be higher or lower depending on your energy needs.",,https://www.coles.com.au/product/golden-circle-orange-fruit-drink-lunchbox-multipack-poppers-6x250ml-6-pack-384365,,,2024-06-16T11:15:47.905512-04:00
Ind53SColes_ADrinks_SAJuice_IGolden Circle  Golden Pash Tetra | 1L,Golden Circle  Golden Pash Tetra | 1L,Golden Circle,Drinks,Juice,Packs & Pouches,,$2.70,,,$2.70 per 1L,5127235,"No birthday party, backyard barbecue or picnic in the park is complete without Golden Circle Golden Pash Fruit Drink. This fruit drink is sure to be a hit with your friends and family. Nothing quite beats a nice cold glass of delicious Golden Circle Golden Pash Fruit Drink. Made with no artificial colours, flavours or preservatives, this fruit drink is best served straight from the fridge with ice. Golden Circle, Share the Sunshine.
No artificial colours, flavours or preservatives

A good source of vitamin C

Bursting with the fruity flavours of apple or pear, pineapple and passionfruit

Use as the base of a fruity punch

Mix into smoothies, cocktails or mocktails",,,"Per 100g/ml
Per Serving
%DI
Energy
175kJ
350kJ
Protein
0g
0g
Total Fat
0g
0g
Saturated Fat
0g
0g
Carbohydrate
9.5g
19.0g
Sugars
9.3g
18.6g
Sodium
9mg
18mg
Vitamin C
15 mg
30 mg (75% RDI)*
15 mg
* Percentage Daily Intakes are based on an average adult diet of 8700 kJ. Your daily intakes may be higher or lower depending on your energy needs.",,https://www.coles.com.au/product/golden-circle-golden-pash-tetra-1l-5127235,,,2024-06-16T11:15:58.678287-04:00
Ind53SColes_ADrinks_SAJuice_INudie Nothing But Orange Juice | 400mL,Nudie Nothing But Orange Juice | 400mL,Nudie,Drinks,Juice,Chilled juice,,$3.90,,,$9.75 per 1L,3724390,"It's not easy to concentrate, which is why we avoid it at all costs. But some juicers looove to concentrate so much, they use it in their juice! Concentrate is a kind of cryogenically frozen juice that's brought back to life years later by adding water, flavour, sugar and other stuff. Eww! That's why we made nothing but; good, simple, fruit juice - no preservatives, no additives, just Aussie fruit. And because we love to support local farmers and growers - we will always only use Australian oranges, right from our own backyard. What good could we do beyond the juice fridge? creatorsofgood@nudie.com.au
100% Australian fruit

No added sugar

No preservatives

No artificial flavours

No concentrates",,,"Per 100g/ml
Per Serving
%DI
Energy
180kJ
450kJ
Protein
Less than 1g
2g
Total Fat
Less than 1g
Less than 1g
Saturated Fat
Less than 1g
Less than 1g
Carbohydrate
10g
25g
Sugars
7.6g
19g
Sodium
Less than 5mg
Less than 5mg
Dietary Fibre (total)
Less than 1g
Less than 1g
* Percentage Daily Intakes are based on an average adult diet of 8700 kJ. Your daily intakes may be higher or lower depending on your energy needs.",,https://www.coles.com.au/product/nudie-nothing-but-orange-juice-400ml-3724390,,,2024-06-16T11:16:09.616165-04:00
Ind53SColes_ADrinks_SAJuice_ICampbell's V8 Vegetable Juice | 300mL,Campbell's V8 Vegetable Juice | 300mL,Campbells,Drinks,Juice,Plastic juice bottles,,$2.70,,,$9.00 per 1L,2047130,"V8 Original vegetable juice is a healthy antioxidant boost. This tomato, carrot and celery juice is packed with vitamins to put a powerful pep in your step. Grab this ambient juice for a healthy morning pick-me-up. Or if you're short on time, it's the perfect lunchbox drink for an on-the-go afternoon top up. Grab yourself a V8 fuel up!
No artificial flavours or colours
No added preservatives or added sugar
Source of vitamin A and antioxidant vitamin C
Four serves of vegetables per 250mL (based on the 2013 Australian Dietary Guidelines)",,,"Per 100g/ml
Per Serving
%DI
Energy
88kJ
263kJ
0
Protein
0.7g
2.2g
0
Total Fat
0.1g
0.2g
0
Saturated Fat
<0.1g
<0.1g
0
Carbohydrate
3.7g
11.2g
0
Sugars
2.9g
8.6g
0
Vitamin A
75ug
225ug
Sodium
237mg
710mg
0
Monounsaturated
0
0
0
Vitamin C
2mg
6mg
Energy (Cal)
21Cal
63Cal
0
Dietary Fibre (total)
1.0g
3.1g
0
Polyunsaturated
0
0
0
Trans
0
0
0
* Percentage Daily Intakes are based on an average adult diet of 8700 kJ. Your daily intakes may be higher or lower depending on your energy needs.",,https://www.coles.com.au/product/campbell's-v8-vegetable-juice-300ml-2047130,,,2024-06-16T11:16:21.007561-04:00
Ind53SColes_ADrinks_SAJuice_IGolden Circle 100 Percent Apple Blackcurrant Juice | 2L,Golden Circle 100 Percent Apple Blackcurrant Juice | 2L,Golden Circle,Drinks,Juice,Plastic juice bottles,,$3.50,,$4.80,$1.75 per 1L,2044539,"With two favourite juice flavours in one, Golden Circle Apple Blackcurrant Juice is a must have in any fridge. This classic juice is a family favourite and made with no added sugar. Whether you're spending the day at a backyard barbecue, lying by the pool or reading a book in the sun, you're sure to want an ice cold drink to cool you down. Enjoy a glass of Golden Circle Apple Blackcurrant Juice poured over ice, or mix with sparkling water for something a little more exciting. Golden Circle Apple Blackcurrant Juice contains no artificial colours or flavours and is made with no preservatives either. Golden Circle, Share the Sunshine.
No added sugar

No artificial colours or flavours

No preservatives

Tastes great chilled

Mix with sparkling water for a special treat",,,"Per 100g/ml
Per Serving
%DI
Energy
210 kJ
420 kJ
Protein
0.1 g
0.2 g
Total Fat
0 g
0 g
Saturated Fat
0 g
0 g
Carbohydrate
11.6 g
23.2 g
Sugars
11.4 g
22.8 g
Sodium
8 mg
16 mg
Vitamin C
40 mg
80 mg (200% RDI*)
Dietary Fibre (total)
0.2 g
0.4 g
* Percentage Daily Intakes are based on an average adult diet of 8700 kJ. Your daily intakes may be higher or lower depending on your energy needs.",,https://www.coles.com.au/product/golden-circle-100-percent-apple-blackcurrant-juice-2l-2044539,,,2024-06-16T11:16:32.271889-04:00
Ind53SColes_ADrinks_SAJuice_IOriginal Black Label Grapefruit Juice | 1.5L,Original Black Label Grapefruit Juice | 1.5L,Original,Drinks,Juice,Chilled juice,,$6.50,,,$4.33 per 1L,5658661,"Sweet and Juicy, perfect for cocktails, spritzes and tangy punches, full of nutrients and low in calories.",,,"Per 100g/ml
Per Serving
%DI
Energy
175kJ
350kJ
Protein
0.5g
1g
Total Fat
0.1g
0.2g
Saturated Fat
0g
0g
Carbohydrate
9.4g
18.8g
Sugars
9.4g
18.8g
Sodium
1mg
2mg
Vitamin C
20mg
40mg
Dietary Fibre (total)
0.1g
0.2g
* Percentage Daily Intakes are based on an average adult diet of 8700 kJ. Your daily intakes may be higher or lower depending on your energy needs.",,https://www.coles.com.au/product/original-black-label-grapefruit-juice-1.5l-5658661,,,2024-06-16T11:16:43.103129-04:00
Ind53SColes_ADrinks_SAJuice_IYoufoodz Youjuice Thanks A Melon | 350mL,Youfoodz Youjuice Thanks A Melon | 350mL,Youfoodz,Drinks,Juice,Chilled juice,,$4.00,,,$11.43 per 1L,4849493,"Youfoodz have pressed watermelon, green apple, strawberry, fresh mint, and a touch of earthy beetroot to create this seriously unbeetable blend. Take a sip of Youjuice Thanks a Melon (350ml) for a natural vitamin boost & make it part of your morning routine. You'll hit top notes of hydrating melon and a hint of mint, with a barely-there beetroot taste for added nutritional goodness.",,,"Per 100g/ml
Per Serving
%DI
Energy
153kJ
536kJ
Protein
Less than 1g
1.1g
Total Fat
Less than 1g
1.2g
Saturated Fat
Less than 1g
Less than 1g
Carbohydrate
7.8g
27.5g
Sugars
7.8g
27.4g
Sodium
2mg
7mg
Vitamin C
38mg
133mg
Energy (Cal)
37Cal
128Cal
* Percentage Daily Intakes are based on an average adult diet of 8700 kJ. Your daily intakes may be higher or lower depending on your energy needs.",,https://www.coles.com.au/product/youfoodz-youjuice-thanks-a-melon-350ml-4849493,,,2024-06-16T11:16:55.123906-04:00
Ind53SColes_ADrinks_SAJuice_ICampbell's V8 Tropical Juice Multipack 250mL | 3 pack,Campbell's V8 Tropical Juice Multipack 250mL | 3 pack,Campbells,Drinks,Juice,Multi pack juice,,$4.00,,$4.50,$5.33 per 1L,7945223,"V8 Tropical juice is a healthy antioxidant boost. This apple, pineapple, passionfruit and carrot juice contains vitamins. Take one of these perfectly sized lunchbox drinks with your packed lunch to enjoy anywhere. Share this multipack of fruit and vegetable juices with a friend for a healthy morning pick-me-up. Or if you're short on time, it's the perfect ambient juice for an on-the-go afternoon top up. Grab yourself a V8 fuel up!
No artificial flavours or colours
No added preservatives or added sugar
Source of vitamin A and antioxidant vitamin C",,,"Per 100g/ml
Per Serving
%DI
Energy
184kJ
459kJ
0
Protein
0.4g
1.0g
0
Total Fat
0.1g
0.2g
0
Saturated Fat
<0.1
0.1g
0
Carbohydrate
10.0g
25.1g
0
Sugars
8.6g
21.4g
0
Vitamin A
75ug
188ug
Sodium
22mg
54mg
0
Monounsaturated
0
0
0
Vitamin C
2mg
4mg
Energy (Cal)
44Cal
110Cal
0
Dietary Fibre (total)
0.4g
0.9g
0
Polyunsaturated
0
0
0
Trans
0
0
0
* Percentage Daily Intakes are based on an average adult diet of 8700 kJ. Your daily intakes may be higher or lower depending on your energy needs.",,https://www.coles.com.au/product/campbell's-v8-tropical-juice-multipack-250ml-3-pack-7945223,,,2024-06-16T11:17:05.825613-04:00
Ind53SColes_ADrinks_SAJuice_IImpressed Cold Pressed Juice Limited Edition | 1L,Impressed Cold Pressed Juice Limited Edition | 1L,Impressed,Drinks,Juice,Chilled juice,,$5.00,,$5.50,$5.00 per 1L,7018354,"Savour the refreshing blend of pineapple, apple, lemon and cucumber, combined with the zing of ginger and the zest of lime. This is a limited batch so get in quick!",,,"Per 100g/ml
Per Serving
%DI
Energy
177kJ
442kJ
Protein
0.2g
0.5g
Total Fat
<0.1g
<0.1g
Saturated Fat
<0.1g
<0.1g
Carbohydrate
10.2g
25.5g
Sugars
9.1g
22.7g
Sodium
1mg
3mg
* Percentage Daily Intakes are based on an average adult diet of 8700 kJ. Your daily intakes may be higher or lower depending on your energy needs.",,https://www.coles.com.au/product/impressed-cold-pressed-juice-limited-edition-1l-7018354,,,2024-06-16T11:17:16.842937-04:00
Ind53SColes_ADrinks_SAJuice_IPrima Apple Fruit Drink Multipack 200mL | 6 pack,Prima Apple Fruit Drink Multipack 200mL | 6 pack,Prima,Drinks,Juice,Multi pack juice,,$4.10,,,"$3.42 per 1L
Was $4.60 on Apr 2024",3529792,"Enjoy Prima Apple 200mL on the go or at home. As an accompaniment to lunch or an afternoon pick me up! With no preservatives or artificial colours or flavours. Available in a 6 pack of 200mL juice boxes.
20% fruit juice

No added sugar

No preservatives

No artificial colour

No artificial flavours

Convenient pack size.

6 x 200mL Packs.",,,"Per 100g/ml
Per Serving
%DI
Energy
84kJ
168kJ
Protein
0.0g
0.0g
Total Fat
0.0g
0.0g
Saturated Fat
0.0g
0.0g
Carbohydrate
4.9g
9.8g
Sugars
2.0g
4.0g
Sodium
2mg
4mg
Dietary Fibre (total)
0.0g
0.0g
* Percentage Daily Intakes are based on an average adult diet of 8700 kJ. Your daily intakes may be higher or lower depending on your energy needs.",,https://www.coles.com.au/product/prima-apple-fruit-drink-multipack-200ml-6-pack-3529792,,,2024-06-16T11:17:27.755350-04:00
Ind53SColes_ADrinks_SAJuice_IGolden Circle 100% Apple Juice No Added Sugar Fruit Juice | 2L,Golden Circle 100% Apple Juice No Added Sugar Fruit Juice | 2L,Golden Circle,Drinks,Juice,Plastic juice bottles,,$3.50,,$4.80,$1.75 per 1L,5487456,"Golden Circle Apple Juice is the perfect drink to keep you cool during summer. This juice is made with no added sugar and contains no artificial colours, flavours or preservatives. Looking for a refreshing juice to enjoy this summer? Look no further than Golden Circle Apple Juice! Made with no added sugar and no artificial colors, flavors, or preservatives, it's the perfect Juice to keep you cool and hydrated on scorching days.Whether you enjoy it poured over ice or frozen into ice blocks, Golden Circle Apple Juice is a delicious and refreshing beverage choice. It's also a great addition to breakfast, providing a tasty and refreshing start to your day.So next time you're looking for a refreshing drink, choose Golden Circle Apple Juice and Share the Sunshine with those around you. With its no added sugar Apple Juice and delicious flavor, it's sure to become a new favorite in your household!
No added sugar

No artificial colours, flavours or preservatives

The perfect drink to keep you cool during summer

Serve chilled

Delicious on its own or with a meal",,,"Per 100g/ml
Per Serving
%DI
Energy
210 kJ
420 kJ
Protein
0.1 g
0.2 g
Total Fat
0 g
0 g
Saturated Fat
0 g
0 g
Carbohydrate
11.7 g
23.4 g
Sugars
11.7 g
23.4 g
Sodium
8 mg
16 mg
Vitamin C
40 mg
80 mg (200% RDI*)
Dietary Fibre (total)
0.2 g
0.4 g
* Percentage Daily Intakes are based on an average adult diet of 8700 kJ. Your daily intakes may be higher or lower depending on your energy needs.",,https://www.coles.com.au/product/golden-circle-100percent-apple-juice-no-added-sugar-fruit-juice-2l-5487456,,,2024-06-16T11:17:38.404869-04:00
Ind53SColes_ADrinks_SABeverages_IRemedy Kombucha Wild Berry | 750mL,Remedy Kombucha Wild Berry | 750mL,Remedy,Drinks,Beverages,Water & juices,,$5.90,,,"$7.87 per 1L
Was $7.50 on May 2024",3951359,"Meet the wild child of the Remedy Kombucha flavoursan all natural blend of strawberry, blackberry and blueberry bliss. Jammy and beautifully aromatic, one sip and you'll be swept away to a warm summer's day. No sugar, naturally and chock full of goodness. Remedy Kombucha contains:
No Sugar, for real
All Natural
Certified Organic
Low on Caloriesl
Vegan
Gluten Free",,,"Per 100g/ml
Per Serving
%DI
Energy
12kJ
40kJ
Protein
<1g
<1g
Total Fat
<1g
<1g
Saturated Fat
<1g
<1g
Carbohydrate
<4g
<1g
Sugars
0g
0g
Sodium
<5mg
<5mg
Dietary Fibre (total)
<1g
<1g
* Percentage Daily Intakes are based on an average adult diet of 8700 kJ. Your daily intakes may be higher or lower depending on your energy needs.","Certified organic raw kombucha (sparkling water, wild kombucha culture, black tea*, green tea*), hibiscus tea*, natural sweeteners (erythritol* and steviol glycosides*), lemon juice*, natural blueberry, blackberry, strawberry and caramel flavours.",https://www.coles.com.au/product/remedy-kombucha-wild-berry-750ml-3951359,,,2024-06-16T11:17:51.125841-04:00
Ind53SColes_ADrinks_SA_IFrucor Ribena Ready To Drink Blackcurrant | 6 pack,Frucor Ribena Ready To Drink Blackcurrant | 6 pack,Frucor,Drinks,,,,$5.00,,$6.00,$3.33 per 1L,9515087,"Ribena Fruit Drink Blackcurrant has a rich source of Vitamin C and contains no artificial colour, artificial flavour or artificial sweetener.",,,"Per 100g/ml
Per Serving
%DI
Energy
179kJ
445kJ
5%
Protein
<1g
<1g
0%
Total Fat
<1g
<1g
0%
Saturated Fat
<1g
<1g
0%
Carbohydrate
10.3g
25.8g
8%
Sugars
10.3g
25.8g
29%
Sodium
<5mg
<5mg
0%
Vitamin C
8mg
20mg
50% RDI**
Energy (Cal)
42Cal
105Cal
* Percentage Daily Intakes are based on an average adult diet of 8700 kJ. Your daily intakes may be higher or lower depending on your energy needs.",,https://www.coles.com.au/product/frucor-ribena-ready-to-drink-blackcurrant-6-pack-9515087,,,2024-06-16T11:18:02.949495-04:00
Ind53SColes_ADrinks_SAJuice_IBickford's Cranberry Juice Drink | 1L,Bickford's Cranberry Juice Drink | 1L,Bickfords,Drinks,Juice,Glass juice bottles,,$5.50,,,$5.50 per 1L,9097249,"There's nothing like a chilled glass of Cranberry to make you smile. Not only does it taste amazing, there's an antioxidant hit and some Vitamin C too! And best of all, there's nothing artificial and no preservatives because we know that's important to you.",,,"Per 100g/ml
Per Serving
%DI
Energy
221kJ
553kJ
Protein
<0g
<0g
Total Fat
0g
0g
Saturated Fat
0g
0g
Carbohydrate
13g
32.3g
Sugars
12g
30g
Sodium
1mg
2.5mg
Monounsaturated
0g
0g
Dietary Fibre (total)
0g
0g
Polyunsaturated
0g
0g
Trans
0g
0g
* Percentage Daily Intakes are based on an average adult diet of 8700 kJ. Your daily intakes may be higher or lower depending on your energy needs.",,https://www.coles.com.au/product/bickford's-cranberry-juice-drink-1l-9097249,,,2024-06-16T11:18:14.171648-04:00
Ind53SColes_ADrinks_SAJuice_IGolden Circle 100% No Added Sugar Apple And Mango Juice | 3L,Golden Circle 100% No Added Sugar Apple And Mango Juice | 3L,Golden Circle,Drinks,Juice,Plastic juice bottles,,$4.50,,$5.50,$1.50 per 1L,9349068,"A mix of two summer flavours in one, Golden Circle Apple Mango Juice is the perfect drink for backyard barbecues and birthday parties. Made with no added sugar, this juice is sure to be a summertime staple in any household. Golden Circle Apple Mango Juice contains no artificial colours, flavours or preservatives. A great mix of two fruit flavours, apple and mango, this juice is perfect to enjoy on hot days. Golden Circle, Share the Sunshine.
No added sugar

No artificial colours or flavours

No preservatives

Serve chilled

Delicious on its own, in smoothies, and in desserts",,,"Per 100g/ml
Per Serving
%DI
Energy
215 KJ
430 kJ
Protein
0.2 g
0.4 g
Total Fat
0.1g
0.2 g
Saturated Fat
0 g
0 g
Carbohydrate
11.9 g
23.8 g
Sugars
11.8 g
23.6 g
Sodium
8 mg
16 mg
Vitamin C
40 mg
80 mg (200% RDI*)
Dietary Fibre (total)
0.3 g
0.6 g
* Percentage Daily Intakes are based on an average adult diet of 8700 kJ. Your daily intakes may be higher or lower depending on your energy needs.",,https://www.coles.com.au/product/golden-circle-100percent-no-added-sugar-apple-and-mango-juice-3l-9349068,,,2024-06-16T11:18:25.129291-04:00
Ind53SColes_ADrinks_SA_IImpressed Sunny Side Up Juice | 325mL,Impressed Sunny Side Up Juice | 325mL,Impressed,Drinks,,,,$3.60,,,$11.08 per 1L,3062365,"Wake up on the bright side with Sunny Side Up  our fresh new blend is a delicious mix of orange, coconut water, pineapple and passionfruit.
Impressed Juices are cold pressed from the freshest produce.
Each juice contains Aussie-grown fresh vegetables, fruits and herbs which we carefully cold press and bottle locally resulting in full flavoured and irresistibly aromatic fresh juice.",,,"Per 100g/ml
Per Serving
%DI
Energy
162kJ
527kJ
Protein
0.3g
0.8g
Total Fat
0.1g
0.2g
Saturated Fat
0.1g
0.1g
Carbohydrate
9.6g
31.1g
Sugars
8.2g
26.6g
Sodium
6mg
21mg
Dietary Fibre (total)
0.1g
0.4g
* Percentage Daily Intakes are based on an average adult diet of 8700 kJ. Your daily intakes may be higher or lower depending on your energy needs.",,https://www.coles.com.au/product/impressed-sunny-side-up-juice-325ml-3062365,,,2024-06-16T11:18:36.196280-04:00
Ind53SColes_ADrinks_SA_IRemedy Kombucha Mango Passion | 750mL,Remedy Kombucha Mango Passion | 750mL,Remedy,Drinks,,,,$5.90,,,"$7.87 per 1L
Was $7.50 on May 2024",3951348,"This delicious mango passion drink is true to fruit, fresh as with all natural flavour. Smooth and sweet (minus the sugar) with a hint of passionfruit tang. This Remedy Kombucha flavour will make your mouth water  it's ripe and ready. Remedy Kombucha contains:
No Sugar, for real
All Natural
Certified Organic
Low on Caloriesl
Vegan
Gluten Free",,,"Per 100g/ml
Per Serving
%DI
Energy
12kJ
40kJ
Protein
<1g
<1g
Total Fat
<1g
<1g
Saturated Fat
<1g
<1g
Carbohydrate
<3g
<1g
Sugars
0g
0g
Sodium
<5mg
<5mg
Dietary Fibre (total)
<1g
<1g
* Percentage Daily Intakes are based on an average adult diet of 8700 kJ. Your daily intakes may be higher or lower depending on your energy needs.",,https://www.coles.com.au/product/remedy-kombucha-mango-passion-750ml-3951348,,,2024-06-16T11:19:32.494870-04:00
Ind53SColes_ADrinks_SAJuice_ISummer Snow Sparkling Pink Lady Apple Juice | 750mL,Summer Snow Sparkling Pink Lady Apple Juice | 750mL,Summer Snow,Drinks,Juice,Chilled juice,,$4.20,,$5.50,$5.60 per 1L,3957821,"Summer Snow Sparkling Pink Lady Apple Juice 750mL. It's fruit juice, but fancy! Our pink lady variety rocked the show at the 2019 Australian Food Awards, bringing home a silver medal. It is a great addition to a dinner party as a non-alcoholic alternative or for everyday enjoyment. As with all our products, our sparkling pink lady is 100% Australian with no preservatives, no added water and no added sugar. Just 100% delicious.",,,,,https://www.coles.com.au/product/summer-snow-sparkling-pink-lady-apple-juice-750ml-3957821,,,2024-06-16T11:19:41.223664-04:00
Ind53SColes_ADrinks_SAJuice_IOcean Spray Low Sugar Cranberry Pineapple Drink | 1.5L,Ocean Spray Low Sugar Cranberry Pineapple Drink | 1.5L,Ocean Spray,Drinks,Juice,Plastic juice bottles,,$6.40,,,$4.27 per 1L,4753383,"With less than 10 little calories and 1 gram of sugar, enjoy the delicious blend of sweet pineapple and crisp clean cranberries throughout the day!",,,"Per 100g/ml
Per Serving
%DI
Energy
15kJ
38kJ
Protein
0g
0g
Total Fat
0g
0g
Saturated Fat
0g
0g
Carbohydrate
0.4g
1g
Sugars
0.4g
1g
Sodium
10mg
25mg
Vitamin C
3.2mg
8mg
20%
Potassium
6mg
15mg
* Percentage Daily Intakes are based on an average adult diet of 8700 kJ. Your daily intakes may be higher or lower depending on your energy needs.",,https://www.coles.com.au/product/ocean-spray-low-sugar-cranberry-pineapple-drink-1.5l-4753383,,,2024-06-16T11:19:51.983993-04:00
Ind53SColes_ADrinks_SAJuice_IImpressed Essentials Orange Juice Pulp Free | 1L,Impressed Essentials Orange Juice Pulp Free | 1L,Impressed,Drinks,Juice,Chilled juice,,$4.80,,,$4.80 per 1L,4845620,,,,"Per 100g/ml
Per Serving
%DI
Energy
197kJ
493kJ
Protein
0.6g
1.5g
Total Fat
0.1g
0.1g
Saturated Fat
0.1g
0.1g
Carbohydrate
10.9g
27.3g
Sugars
8.5g
21.3g
Sodium
1mg
1mg
* Percentage Daily Intakes are based on an average adult diet of 8700 kJ. Your daily intakes may be higher or lower depending on your energy needs.",,https://www.coles.com.au/product/impressed-essentials-orange-juice-pulp-free-1l-4845620,,,2024-06-16T11:20:02.872170-04:00
Ind53SColes_ADrinks_SABeverages_IRemedy Kombucha Raspberry Lemonade | 750mL,Remedy Kombucha Raspberry Lemonade | 750mL,Remedy,Drinks,Beverages,Water & juices,,$5.90,,,"$7.87 per 1L
Was $7.50 on May 2024",3896931,"No sugar. No Nasties. Just REAL kombucha made the old-school way, brewed over 30 days. Our Raspberry Lemonade is a nostalgic childhood flavour upgraded to an all-natural kombucha filled with live cultures, organic acids and antioxidants. This guilt-free, no-sugar fizzy drink is safe for kids and allergen-free. Remedy Kombucha contains:
No Sugar, for real
All Natural
Certified Organic
Low on Caloriesl
Vegan
Gluten Free",,,"Per 100g/ml
Per Serving
%DI
Energy
12kJ
40kJ
Protein
<1g
<1g
Total Fat
<1g
<1g
Saturated Fat
<1g
<1g
Carbohydrate
<1g
<1g
Sugars
0g
0g
Sodium
<5mg
<5mg
Dietary Fibre (total)
<1g
<1g
* Percentage Daily Intakes are based on an average adult diet of 8700 kJ. Your daily intakes may be higher or lower depending on your energy needs.",,https://www.coles.com.au/product/remedy-kombucha-raspberry-lemonade-750ml-3896931,,,2024-06-16T11:20:13.709203-04:00
Ind53SColes_ADrinks_SAJuice_INudie Nothing But Apple Juice | 3L,Nudie Nothing But Apple Juice | 3L,Nudie,Drinks,Juice,Chilled juice,,$10.00,,,$3.33 per 1L,3184704,"Our mission: To create good. Simple enough, but where do you start? We got going on our local juice aisle. It was 2003 and we couldn't find ANY juices free from concentrates, preservatives, colours or artificial flavours. So we decided to create good ourselves, blending fruit (and only fruit) and bottling it up for lovers of legitimate fruity goodness. Since then, we've created good with Aussie farmers, local communities, charities and sports teams. When the opportunity to create good arises, so do we! Mission Accomplish-ing. Got some good you want to see created? Tell us! creatorsofgood@nudie.com.au
100% Australian fruit
No added sugar
No preservatives
No artificial flavours
No concentrates",,,"Per 100g/ml
Per Serving
%DI
Energy
211kJ
528kJ
Protein
Less than 1g
Less than 1g
Total Fat
Less than 1g
Less than 1g
Saturated Fat
Less than 1g
Less than 1g
Carbohydrate
12.3g
30.7g
Sugars
10.8g
27g
Sodium
Less than 5mg
Less than 5mg
Dietary Fibre (total)
Less than 1g
Less than 1g
* Percentage Daily Intakes are based on an average adult diet of 8700 kJ. Your daily intakes may be higher or lower depending on your energy needs.",apple juice (100%) ... and nothing else! No concentrates.,https://www.coles.com.au/product/nudie-nothing-but-apple-juice-3l-3184704,,,2024-06-16T11:20:24.632660-04:00
Ind53SColes_ADrinks_SAJuice_INudie Pink Lemonade Juice | 2L,Nudie Pink Lemonade Juice | 2L,Nudie,Drinks,Juice,Chilled juice,,$7.00,,$8.50,$3.50 per 1L,3962956,"Us nudies have been courting some fresh flavours and having a ball in the process...

Our latest creation is a blend of blood orange with a sneaky backhand of zesty lemon and groovy grape to really unlock your swing. Taking inspiration from pink lemonade perfection, we've served up a citrusy grand slam which really doubles up the flavour. Perfect for grass court sipping or a good old sandy beach volley before an ocean plunge. We know your reaction will be love/one!

Got an inspired fruit combo to get the juices flowing? Be a good sport and serve it up to us!
Made with 100% real fruit

No added sugar

No preservatives

No artificial flavours

100% Australian Fruit",,,"Per 100g/ml
Per Serving
%DI
Energy
228kJ
570kJ
Protein
Less than 1g
Less than 1g
Total Fat
Less than 1g
Less than 1g
Saturated Fat
Less than 1g
Less than 1g
Carbohydrate
13.2g
33.0g
Sugars
12.4g
31.0g
Sodium
9mg
23mg
Potassium
100mg
250mg
* Percentage Daily Intakes are based on an average adult diet of 8700 kJ. Your daily intakes may be higher or lower depending on your energy needs.",,https://www.coles.com.au/product/nudie-pink-lemonade-juice-2l-3962956,,,2024-06-16T11:20:35.401682-04:00
Ind53SColes_ADrinks_SAJuice_IGolden Circle Golden Pash Fruit Drink 24x250mL | 6L,Golden Circle Golden Pash Fruit Drink 24x250mL | 6L,Golden Circle,Drinks,Juice,Plastic juice bottles,,$14.90,,,$2.48 per 1L,3961308,"No birthday party, backyard barbecue or picnic in the park is complete without Golden Circle Golden Pash Fruit Drink. Well-loved in many Australian households, this fruit drink is sure to be a hit with your friends and family. Nothing quite beats the delicious taste of Golden Circle Golden Pash Fruit Drink. Made with no artificial colours, flavours or preservatives, this fruit drink is best served straight from the fridge. Golden Circle, Share the Sunshine.
No artificial colours

No artificial flavours

No preservatives

Refreshing and tasty treat on a hot day

250mL size is convenient for on the go",,,"Per 100g/ml
Per Serving
%DI
Energy
175 kJ
440 kJ
Protein
0 g
0 g
Total Fat
0 g
0 g
Saturated Fat
0 g
0 g
Carbohydrate
9.5 g
23.8 g
Sugars
9.3 g
23.3 g
Sodium
9 mg
23 mg
Vitamin C
15 mg
37 mg (92% RDI*)
15 mg
* Percentage Daily Intakes are based on an average adult diet of 8700 kJ. Your daily intakes may be higher or lower depending on your energy needs.",,https://www.coles.com.au/product/golden-circle-golden-pash-fruit-drink-24x250ml-6l-3961308,,,2024-06-16T11:20:46.070970-04:00
Ind53SColes_ADrinks_SAJuice_INudie Probiotic Strawberry & Raspberry Smoothie | 400mL,Nudie Probiotic Strawberry & Raspberry Smoothie | 400mL,Nudie,Drinks,Juice,Chilled juice,,$4.50,,,$11.25 per 1L,4477763,"Gimme that yummy, tummy feelin'
With more than three serves of 100% real fruit and a massive 80 million probiotic cultures per helping, what's not to love? Think of this smoothie as two parts giant hug and one-part fluffy cloud. Sweet strawberry and raspberry tickle the tastebuds while orange, pear and banana bring the right balance of zest and smooth softness to the mix.
80 million cultures per serve* *Contains at least 80 million cultures until the use by date when product is stored at 0-4 C.

No concentrates

No added sugar

No artifical flavours or colours

No preservatives

Made with 100% real fruit.

Contains 3.2 serves of fruit.",,,"Per 100g/ml
Per Serving
%DI
Energy
199kJ
498kJ
Protein
Less than 1g
1.0g
Total Fat
Less than 1g
Less than 1g
Saturated Fat
Less than 1g
Less than 1g
Carbohydrate
11.3g
28.3g
Sugars
8.4g
21.0g
Sodium
Less than 5mg
Less than 5mg
Dietary Fibre (total)
Less than 1g
Less than 1g
* Percentage Daily Intakes are based on an average adult diet of 8700 kJ. Your daily intakes may be higher or lower depending on your energy needs.",,https://www.coles.com.au/product/nudie-probiotic-strawberry-and-raspberry-smoothie-400ml-4477763,,,2024-06-16T11:20:56.911212-04:00
Ind53SColes_ADrinks_SAJuice_IColes Apple Orange And Ginger Juice | 2L,Coles Apple Orange And Ginger Juice | 2L,Coles,Drinks,Juice,Chilled juice,,$5.50,,,$2.75 per 1L,4862356,"Coles 2L carrot, apple, orange and ginger juice made with no added sugar to help you kickstart your morning.",,,"Per 100g/ml
Per Serving
%DI
Energy
168.03
420.08
Protein
0.2
0.5
Carbohydrate
9.3
23.25
Sugars
8.4
21
Sodium
43
107.5
Saturated
0.09
0.23
Vitamin C
20
50
Energy (Cal)
40.2
100.5
Fat
0.09
0.23
Dietary Fibre (total)
0.4
1
* Percentage Daily Intakes are based on an average adult diet of 8700 kJ. Your daily intakes may be higher or lower depending on your energy needs.",,https://www.coles.com.au/product/coles-apple-orange-and-ginger-juice-2l-4862356,,,2024-06-16T11:21:07.811777-04:00
Ind53SColes_ADrinks_SAJuice_IColes Juice Apple & Mango 6pk | 6 pack,Coles Juice Apple & Mango 6pk | 6 pack,Coles,Drinks,Juice,Multi pack juice,,$4.00,,,$2.67 per 1L,5934678,No Added SugarGood Source of Vitamin C,,,"Per 100g/ml
Per Serving
%DI
Energy
185.34
463.35
Protein
0.09
0.23
Carbohydrate
10.40
26.00
Sugars
9.60
24.00
Sodium
8.00
20.00
Saturated
0.06
0.15
Vitamin C
10.00
25.00
Energy (Cal)
44.34
110.85
Fat
0.09
0.23
Dietary Fibre (total)
0.46
1.15
* Percentage Daily Intakes are based on an average adult diet of 8700 kJ. Your daily intakes may be higher or lower depending on your energy needs.",,https://www.coles.com.au/product/coles-juice-apple-and-mango-6pk-6-pack-5934678,,,2024-06-16T11:21:18.799989-04:00
Ind53SColes_ADrinks_SAJuice_ILo Bros Brewed Ginger Beer | 330mL,Lo Bros Brewed Ginger Beer | 330mL,Lo Bros,Drinks,Juice,Chilled juice,,$3.20,,$4.20,$9.70 per 1L,3411894,"Move over Ed and Harry - there's a new favourite Ginger in town. Fiery ginger flavour with a hops-y taste and a dash of chilli for that traditional ginger beer taste. It's time to rethink your drink! Lo Bros brews better-for-you drinks using a little process we like to call the Cycle of Doin' Good. It kicks off with old-school fermentation and know-how using the best organic ingredients, then transforms those bad old sugars into tasty drinks and positive change. Naturally low in sugar, bubbling with millions of living cultures, bursting with refreshing feel good flavour & giving the planet a helping hand too.",,,"Per 100g/ml
Per Serving
%DI
Energy
<40kJ
<40kJ
Protein
<1g
<1g
Total Fat
<1g
<1g
Saturated Fat
<1g
<1g
Carbohydrate
0.3g
1g
Sugars
0.3g
1g
Sodium
<5mg
<5mg
Dietary Fibre (total)
<1g
<1g
* Percentage Daily Intakes are based on an average adult diet of 8700 kJ. Your daily intakes may be higher or lower depending on your energy needs.",,https://www.coles.com.au/product/lo-bros-brewed-ginger-beer-330ml-3411894,,,2024-06-16T11:21:29.820231-04:00
Ind53SColes_ADrinks_SAJuice_INudie Nothing But 100% Fresh Apple Juice | 1L,Nudie Nothing But 100% Fresh Apple Juice | 1L,Nudie,Drinks,Juice,Chilled juice,,$6.00,,,$6.00 per 1L,8738520,"Our mission: To create good. Simple enough, but where do you start? We got going on our local juice aisle. It was 2003 and we couldn't find ANY juices free from concentrates, preservatives, colours or artificial flavours. So we decided to create good ourselves, blending fruit (and only fruit) and bottling it up for lovers of legitimate fruity goodness. Since then, we've created good with Aussie farmers, local communities, charities and sports teams. When the opportunity to create good arises, so do we! Mission Accomplish-ing. Got some good you want to see created? Tell us! creatorsofgood@nudie.com.au
Made with 100% Australian apples

No added sugar

No preservatives

No artificial flavours",,,"Per 100g/ml
Per Serving
%DI
Energy
211kJ
528kJ
Protein
Less than 1g
Less than 1g
Total Fat
Less than 1g
Less than 1g
Saturated Fat
Less than 1g
Less than 1g
Carbohydrate
12.3g
30.7g
Sugars
10.8g
27g
Sodium
Less than 5mg
Less than 5mg
Dietary Fibre (total)
Less than 1g
Less than 1g
Potassium
100mg
250mg
* Percentage Daily Intakes are based on an average adult diet of 8700 kJ. Your daily intakes may be higher or lower depending on your energy needs.",,https://www.coles.com.au/product/nudie-nothing-but-100percent-fresh-apple-juice-1l-8738520,,,2024-06-16T11:21:40.892189-04:00
Ind53SColes_ADrinks_SAJuice_IGolden Circle 100% Juice Tropical | 2L,Golden Circle 100% Juice Tropical | 2L,Golden Circle,Drinks,Juice,Plastic juice bottles,,$3.50,,$4.80,$1.75 per 1L,5487558,"This tropical combination of flavours is great for any time of the day. Enjoy a glass of Golden Circle Tropical Juice with breakfast, or freeze into ice blocks for an afternoon cool down treat. Golden Circle Tropical Juice contains no added sugar and is made with no artificial colours, flavours or preservatives. Serve chilled with a glass of ice or mix with refrigerated sparkling water for a summertime punch. Golden Circle, Share the Sunshine.
No added sugar

No artificial colours or flavours

No preservatives

Served chilled

Delicious on its own or with savoury snacks and meals",,,"Per 100g/ml
Per Serving
%DI
Energy
190 kJ
380 kJ
Protein
0.1 g
0.2 g
Total Fat
0 g
0 g
Saturated Fat
0 g
0 g
Carbohydrate
10.0 g
20.0 g
Sugars
9.0 g
18.0 g
Sodium
11 mg
22 mg
Vitamin C
40 mg
80 mg (200% RDI*)
Dietary Fibre (total)
0.4 g
0.8 g
* Percentage Daily Intakes are based on an average adult diet of 8700 kJ. Your daily intakes may be higher or lower depending on your energy needs.",,https://www.coles.com.au/product/golden-circle-100percent-juice-tropical-2l-5487558,,,2024-06-16T11:21:52.250801-04:00
Ind53SColes_ADrinks_SAColes Finest_IColes Finest Orange Juice | 2L,Coles Finest Orange Juice | 2L,Coles,Drinks,Coles Finest,Fruit & Fruit Juice,,$5.20,,,$2.60 per 1L,2690908,"Coles chilled pure Australian orange juice, 2L. Made with 100% Australian oranges and no added sugar. The perfect beverage to start your morning.",,,"Per 100g/ml
Per Serving
%DI
Energy
172.72
431.80
Protein
0.83
2.08
Carbohydrate
9.00
22.50
Sugars
8.20
20.50
Sodium
0.10
0.25
Saturated
0.09
0.23
Vitamin C
20.00
50.00
Energy (Cal)
41.32
103.30
Fat
0.13
0.33
Dietary Fibre (total)
0.10
0.25
* Percentage Daily Intakes are based on an average adult diet of 8700 kJ. Your daily intakes may be higher or lower depending on your energy needs.",INGREDIENTS: Orange Juice (100%).,https://www.coles.com.au/product/coles-finest-orange-juice-2l-2690908,,,2024-06-16T11:22:03.070840-04:00
Ind53SColes_ADrinks_SAJuice_ISunraysia Pouch 99.9% Apple & Mango Juice | 200mL,Sunraysia Pouch 99.9% Apple & Mango Juice | 200mL,Sunraysia,Drinks,Juice,Plastic juice bottles,,$1.50,Pick any 5 for $5.30,,$7.50 per 1L,4158969,"Sunraysia pouches are a wholesome great tasting range of juices with added sugar, no artificial colours, flavours or preservatives. Available in a convenient, durable 200ml single serve pouch that won't split or break. Also great frozen or as a slushie - the perfect addition to any lunchbox.
- 100% Natural.
- Non genetically modified.
- Nothing Artificial.
- No added sugars or preservatives.
- Good Source of Vitamin C.
- 99.9 % Juice.
- BPA Free.
100% Natural

1 Serve of Fruit*

Good Source of Vitamin C

99.9 % Juice, no added sugar

Non genetically modified

Vegetarian & Vegan Friendly.

No artificial colours, flavours or preservatives.

Great Frozen.",,,"Per 100g/ml
Per Serving
%DI
Energy
200kJ
400kJ
Protein
0.2g
0.4g
Total Fat
0.1g
0.2g
Saturated Fat
0.0g
0.0g
Carbohydrate
11.2g
22.4g
Sugars
10.7g
21.4g
Sodium
6mg
12mg
Vitamin C
20mg
40mg
100% RDI#
Energy (Cal)
48Cal
96Cal
Trans
0.0g
0.0g
* Percentage Daily Intakes are based on an average adult diet of 8700 kJ. Your daily intakes may be higher or lower depending on your energy needs.",,https://www.coles.com.au/product/sunraysia-pouch-99.9percent-apple-and-mango-juice-200ml-4158969,,,2024-06-16T11:22:13.844170-04:00
Ind53SColes_ADrinks_SAJuice_IEmma And Toms Kick Starter Juice | 1L,Emma And Toms Kick Starter Juice | 1L,Emma And Toms,Drinks,Juice,Chilled juice,,$4.00,,$6.20,$4.00 per 1L,6381600,"Prebiotics are certain plant fibre that are indigestible to human but are important source of food and environment to the trillions of good bacteria that live within us, known as 'microbiome'.
It is becoming very clear that what we eat has an enormous impact on the health of our microbiome and that in turn has a big impact on our own health.
We have added the Prebiotics Acacia Fibre, Chicory Fibre to this juice to support good digestion and a thriving gut microbiome.",,,"Per 100g/ml
Per Serving
%DI
Energy
179kJ
358kJ
Protein
0.6g
1.2g
Total Fat
0.1g
0.2g
Saturated Fat
0g
0g
Carbohydrate
11.2g
22.4g
Sugars
8.5g
17g
Sodium
9mg
18mg
Vitamin C
11mg
22mg
Dietary Fibre (total)
2g
4g
Potassium
130mg
260mg
* Percentage Daily Intakes are based on an average adult diet of 8700 kJ. Your daily intakes may be higher or lower depending on your energy needs.",,https://www.coles.com.au/product/emma-and-toms-kick-starter-juice-1l-6381600,,,2024-06-16T11:22:24.769510-04:00
Ind53SColes_ADrinks_SAJuice_INudie Watermelon Juice | 2L,Nudie Watermelon Juice | 2L,Nudie,Drinks,Juice,Chilled juice,,$7.00,,$8.50,$3.50 per 1L,7016610,,,,,,https://www.coles.com.au/product/nudie-watermelon-juice-2l-7016610,,,2024-06-16T11:22:33.534369-04:00
Ind53SColes_ADrinks_SAJuice_INudie Probiotic Mango & Passionfruit Smoothie | 400mL,Nudie Probiotic Mango & Passionfruit Smoothie | 400mL,Nudie,Drinks,Juice,Chilled juice,,$4.50,,,$11.25 per 1L,4477752,"Smooth sailing ahead!
Imagine lying on the beach on a tropical island getaway. The sun is shining, the waves are crashing in the distance and the out of office is on for the rest of time. And what's that in your hand? Oh, it's this bottle! The scent of 100% real mango, passionfruit, pear, orange and banana fills the air - and added probiotics leave you feeling happy, inside and out.
80 million cultures per serve* *Contains at least 80 million cultures until the use by date when product is stored at 0-4 C.

No concentrates

No added sugar

No artifical flavours or colours

No preservatives

Made with 100% real fruit.

Contains 3.2 serves of fruit.",,,"Per 100g/ml
Per Serving
%DI
Energy
216kJ
540kJ
Protein
Less than 1g
Less than 1g
Total Fat
Less than 1g
Less than 1g
Saturated Fat
Less than 1g
Less than 1g
Carbohydrate
12.4g
31.0g
Sugars
8.7g
21.8g
Sodium
Less than 5mg
Less than 5mg
Dietary Fibre (total)
Less than 1g
Less than 1g
* Percentage Daily Intakes are based on an average adult diet of 8700 kJ. Your daily intakes may be higher or lower depending on your energy needs.","pear juice (45%), mango puree (23%), banana puree (12%), passionfruit puree (10%), orange juice (10%), vitamin c, probiotic (Bacillus Coagulans) and nothing else!",https://www.coles.com.au/product/nudie-probiotic-mango-and-passionfruit-smoothie-400ml-4477752,,,2024-06-16T11:22:44.381961-04:00
Ind53SColes_ADrinks_SAJuice_IColes Orange Nas | 2L,Coles Orange Nas | 2L,Coles,Drinks,Juice,Chilled juice,,$4.50,,,$2.25 per 1L,7430256,,,,"Per 100g/ml
Per Serving
%DI
Energy
178.90
447.25
Protein
0.60
1.50
Carbohydrate
9.30
23.25
Sugars
8.40
21.00
Sodium
4.00
10.00
Saturated
0.13
0.33
Energy (Cal)
42.80
107.00
Fat
0.20
0.50
Dietary Fibre (total)
0.40
1.00
* Percentage Daily Intakes are based on an average adult diet of 8700 kJ. Your daily intakes may be higher or lower depending on your energy needs.",,https://www.coles.com.au/product/coles-orange-nas-2l-7430256,,,2024-06-16T11:22:55.392700-04:00
Ind53SColes_ADrinks_SAJuice_IDaily Juice No added Sugar Breakfast Juice | 500mL,Daily Juice No added Sugar Breakfast Juice | 500mL,Daily Juice,Drinks,Juice,Chilled juice,,$3.00,,,$6.00 per 1L,8757058,"With great flavour, no added sugar and packed in a convenient 500ml bottle, Daily Juice Breakfast Juice is the ideal 'on-the-go' pick me up to support your busy lifestyle!

Recharge with Vitamin C, which supports energy and reduces feelings of tiredness and fatigue when consumed as part of a balanced diet. 

Proudly Australian owned, made and loved. 

Contains fresh, reconstituted and from time to time, cold-stored juice. 
No Added Sugar

5 Star Health rating

1 serve of fruit per 125mL of fruit juice. As part of a balanced intake, fruit juice can be a serve of fruit (Australian Dietary Guidelines)

Perfect for breakfast or as a refreshment/snack",,,"Per 100g/ml
Per Serving
%DI
Energy
176kJ
880kJ
10%
Protein
0.4g
2.0g
4%
Total Fat
<1.0g
<1.0g
<1%
Saturated Fat
0.0g
0.0g
0%
Carbohydrate
9.6g
48.0g
15%
Sugars
9.0g
45.0g
50%
Vitamin A
80ug
400ug
53% RDI*
Sodium
2.0mg
10.0mg
<1%
Vitamin C
34mg
170mg
425% RDI*
Energy (Cal)
42Cal
210Cal
Dietary Fibre (total)
0.2g
1.0g
3%
Potassium
140mg
700mg
* Percentage Daily Intakes are based on an average adult diet of 8700 kJ. Your daily intakes may be higher or lower depending on your energy needs.",,https://www.coles.com.au/product/daily-juice-no-added-sugar-breakfast-juice-500ml-8757058,,,2024-06-16T11:23:06.250100-04:00
Ind53SColes_ADrinks_SAJuice_IPure Tassie Organic Apple Juice Chilled | 1.5L,Pure Tassie Organic Apple Juice Chilled | 1.5L,Pure Tassie,Drinks,Juice,Chilled juice,,$5.70,,$6.40,$3.80 per 1L,3061103,"Founded and operating in Tasmania for over 40 years, we take great pride in the quality of the ingredients we use in our range of juices. Our Organic Apples are sourced from local family farms and then pressed and bottled here in Tasmania. We think our fruit is grown in the cleanest air, the best soil and the purist water on earth. That's why our juice taste is so clean, fresh and pure.",,,"Per 100g/ml
Per Serving
%DI
Energy
186kJ
465kJ
Protein
<1g
<1g
Total Fat
<1g
<1g
Saturated Fat
<1g
<1g
Carbohydrate
10.4g
26.3g
Sugars
10.4g
26g
Sodium
<5mg
<5mg
Vitamin C
38mg
95mg
Dietary Fibre (total)
<0.5g
<0.5g
Trans
<1g
<1g
* Percentage Daily Intakes are based on an average adult diet of 8700 kJ. Your daily intakes may be higher or lower depending on your energy needs.",,https://www.coles.com.au/product/pure-tassie-organic-apple-juice-chilled-1.5l-3061103,,,2024-06-16T11:23:16.965794-04:00
Ind53SColes_ADrinks_SAJuice_IImpressed Easy Greens Juice | 1L,Impressed Easy Greens Juice | 1L,Impressed,Drinks,Juice,Chilled juice,,$5.00,,$5.50,$5.00 per 1L,3183880,"Impressed Juices are cold pressed from the freshest produce. Each juice contains Aussie-grown fresh vegetables, fruits and herbs which we carefully cold press and bottle locally resulting in full flavoured and irresistibly aromatic fresh juice.
A delicious blend of cucumber, apple, celery, pineapple, spinach and kale  Easy Greens is where it's at. Now in a handy 1L bottle, there's more than enough to go around.
For our full range of products & more, visit our website www.impressedlife.com.au and follow us @impressedlife",,,"Per 100g/ml
Per Serving
%DI
Energy
136kJ
339kJ
Protein
0.5g
1.3g
Total Fat
0.1g
0.3g
Saturated Fat
0.1g
0.1g
Carbohydrate
7.7g
19.3g
Sugars
7.2g
17.9g
Sodium
6mg
15mg
* Percentage Daily Intakes are based on an average adult diet of 8700 kJ. Your daily intakes may be higher or lower depending on your energy needs.",,https://www.coles.com.au/product/impressed-easy-greens-juice-1l-3183880,,,2024-06-16T11:23:27.730289-04:00
Ind53SColes_ADrinks_SAJuice_IGolden Circle Tropical Punch Fruit Drink Lunch Box Multipack Poppers 6x250mL | 6 pack,Golden Circle Tropical Punch Fruit Drink Lunch Box Multipack Poppers 6x250mL | 6 pack,Golden Circle,Drinks,Juice,Multi pack juice,,$5.10,Pick any 2 for $8,,$3.40 per 1L,384354,"Delicious Golden Circle Tropical Punch Fruit Drink has all your favourite tropical flavours, and is sure to be a hit at birthday parties and events. As soon as the sun comes out, it's time to bring out Golden Circle Tropical Punch Fruit Drink. A fruit drink with a good source of vitamin C, Golden Circle Tropical Punch Fruit Drink is made with no artificial colours, flavours or preservatives. Enjoy it straight from the carton or make homemade ice blocks. Golden Circle, Share the Sunshine.
No artificial colours

No artificial flavours

No preservatives

Good source of vitamin C

Perfect size for bringing to picnics and beach trips",,,"Per 100g/ml
Per Serving
%DI
Energy
175 kJ
440 kJ
Protein
0 g
0 g
Total Fat
0 g
0 g
Saturated Fat
0 g
0 g
Carbohydrate
9.6 g
24.0 g
Sugars
9.4 g
23.5 g
Sodium
9 mg
23 mg
Vitamin C
15 mg
37 mg (92% RDI*)
15 mg
* Percentage Daily Intakes are based on an average adult diet of 8700 kJ. Your daily intakes may be higher or lower depending on your energy needs.",,https://www.coles.com.au/product/golden-circle-tropical-punch-fruit-drink-lunch-box-multipack-poppers-6x250ml-6-pack-384354,,,2024-06-16T11:23:38.905753-04:00
Ind53SColes_ADrinks_SAJuice_IGolden Circle Apple Splash Fruit Drink Lunch Box Multipack Poppers 6x250mL | 6 pack,Golden Circle Apple Splash Fruit Drink Lunch Box Multipack Poppers 6x250mL | 6 pack,Golden Circle,Drinks,Juice,Multi pack juice,,$5.10,Pick any 2 for $8,,$3.40 per 1L,212111,"Golden Circle Apple Splash Fruit Drink contains no artificial colours, flavours or preservatives. This delicious fruit drink is perfect for outings to the beach or park. Golden Circle Apple Splash Fruit Drink is made with no artificial colours, flavours or preservatives. Packed in single serves which are perfect for on the go, whether you're heading to work, spending the day at the beach or going on a picnic in the park. Golden Circle, Share the Sunshine.
No artificial colours

No artificial flavours

No preservatives

A good source of vitamin C

250mL size is perfect for on the go",,,"Per 100g/ml
Per Serving
%DI
Energy
175 kJ
440 kJ
Protein
0 g
0 g
Total Fat
0 g
0 g
Saturated Fat
0 g
0 g
Carbohydrate
9.8 g
24.5 g
Sugars
9.8 g
24.5 g
Sodium
9 mg
23 mg
Vitamin C
15 mg
37 mg (92% RDI*)
15 mg
* Percentage Daily Intakes are based on an average adult diet of 8700 kJ. Your daily intakes may be higher or lower depending on your energy needs.","Water, Reconstituted Apple Juice (25%), Sugar, Food Acids (Malic Acid, Potassium Citrate), Vitamin C, Natural Flavour, Stabiliser (Pectin).",https://www.coles.com.au/product/golden-circle-apple-splash-fruit-drink-lunch-box-multipack-poppers-6x250ml-6-pack-212111,,,2024-06-16T11:23:50.352366-04:00
Ind53SColes_ADrinks_SAJuice_IEastcoast Beverages Country Style Lemonade Fruit Drink Chilled | 2L,Eastcoast Beverages Country Style Lemonade Fruit Drink Chilled | 2L,Eastcoast Beverages,Drinks,Juice,Chilled juice,,$6.60,,,$3.30 per 1L,7340801,"Locally, here on the Central Coast of NSW, Australia, we are best known as a supplier of fresh citrus fruit juices. There are the bartender's favourites - our 100% pure lemon and 100% lime juices plus our divine orange and grapefruit juices from our Central Coast orchards. Our fresh orange juice couldn't taste any better if you'd picked the fruit from the tree yourself! Importantly, our citrus juices never contain concentrate.Additionally, Eastcoast Juices supply a whole range of beverages, blended and bottled at Kulnura, and sourced mostly from Australian fruit. Favourites include our guava fruit drink and country style lemonade",,,"Per 100g/ml
Per Serving
%DI
Energy
142kJ
283kJ
Protein
0.1g
0.2g
Total Fat
0g
0.1g
Saturated Fat
0g
0g
Carbohydrate
8.1g
16.3g
Sugars
8.1g
16.3g
Sodium
1mg
3mg
* Percentage Daily Intakes are based on an average adult diet of 8700 kJ. Your daily intakes may be higher or lower depending on your energy needs.",,https://www.coles.com.au/product/eastcoast-beverages-country-style-lemonade-fruit-drink-chilled-2l-7340801,,,2024-06-16T11:24:01.045543-04:00
Ind53SColes_ADrinks_SAJuice_ICampbell's V8 Healthy Greens Juice | 1.25L,Campbell's V8 Healthy Greens Juice | 1.25L,Campbells,Drinks,Juice,Plastic juice bottles,,$4.80,,$6.00,$3.84 per 1L,2528320,"V8 Power Blend Healthy Greens fruit and vegetable juice is a healthy antioxidant boost. This sweet potato, apple, yellow carrot, spinach and kale juice contains vitamins. Share this fruit and veg juice with a friend for a healthy morning pick-me-up. Or if you're short on time, it's the perfect ambient juice for an on-the-go afternoon top up. Grab yourself a V8 Power Blend fuel up!
No artificial flavours or colours
No added preservatives or added sugar
Source of antioxidant vitamin C",,,"Per 100g/ml
Per Serving
%DI
Energy
185kJ
463kJ
0
Protein
0.4g
1.0g
0
Total Fat
0.1g
0.2g
0
Saturated Fat
<0.1g
0.1g
0
Carbohydrate
10.2g
25.5g
0
Sugars
9.4g
23.5g
0
Sodium
29mg
73mg
0
Monounsaturated
0
0
0
Vitamin C
2mg
5mg
Energy (Cal)
44Cal
110Cal
0
Dietary Fibre (total)
0.1g
0.2g
0
Polyunsaturated
0
0
0
Trans
0
0
0
* Percentage Daily Intakes are based on an average adult diet of 8700 kJ. Your daily intakes may be higher or lower depending on your energy needs.",,https://www.coles.com.au/product/campbell's-v8-healthy-greens-juice-1.25l-2528320,,,2024-06-16T11:24:11.940650-04:00
Ind53SColes_ADrinks_SAJuice_IRemedy Kombucha Pink Grapefruit | 330mL,Remedy Kombucha Pink Grapefruit | 330mL,Remedy,Drinks,Juice,Chilled juice,,$4.30,,,$13.03 per 1L,7682441,"We're shaking up fizzy drinks for good with our fresh and fruity Pink Grapefruit. Experience the delicately luscious, fizzy and refreshing Remedy Kombucha Pink Grapefruit pairing the real taste of ripe Grapefruit with just the right balance of sweet and sour. It's low in calories, full of goodness, all natural and bursting with flavour. Remedy Kombucha is:
Sugar free, for real
All natural
Certified Organic
Low on Calories
Vegan
Gluten Free
A-Ok in or out of the fridge",,,"Per 100g/ml
Per Serving
%DI
Energy
9kJ
40kJ
Protein
<1g
<1g
Total Fat
<1g
<1g
Saturated Fat
<1g
<1g
Carbohydrate
<1g
<1g
Sugars
0g
0g
Sodium
<5mg
<5mg
* Percentage Daily Intakes are based on an average adult diet of 8700 kJ. Your daily intakes may be higher or lower depending on your energy needs.",,https://www.coles.com.au/product/remedy-kombucha-pink-grapefruit-330ml-7682441,,,2024-06-16T11:24:22.716701-04:00
Ind53SColes_ADrinks_SAJuice_ICampbells V8 Power Blend Prebiotics Juice Pine Orange | 1.25L,Campbells V8 Power Blend Prebiotics Juice Pine Orange | 1.25L,Campbells,Drinks,Juice,Plastic juice bottles,,$4.80,,$6.00,$3.84 per 1L,7219516,"Refreshingly delicious, V8 Prebiotic Pine Orange  gives you the benefits of blended fruit and veggies, as well as added fibre to support gut health in one drink. Enjoy for breakfast or bring to work for a nutritious drink. This healthy juice is a source of  Vitamin C, contains no added sugar and provides 2 serves of vegetables per 250mL serve. 

V8 Prebiotic Pine Orange is a delicious and refreshing blend of juicy orange, pineapple and pear with carrot and sweet potato. It also contains added fibre to support gut health. Increase your fruit and veg intake with every sip whilst also supporting a healthy gut.
Source of fibre to support gut health
No added sugar
Source of Vitamin C
Plant Based
2  serves of veg per 250ml serve
No Added Preservatives, no artificial flavours, no artificial colours",,,"Per 100g/ml
Per Serving
%DI
Energy
222kJ
554kJ
0
Protein
0.5g
1.1g
0
Total Fat
0.1g
0.1g
0
Saturated Fat
<0.1g
0.1g
0
Carbohydrate
11.8g
29.5g
0
Sugars
9.9g
24.8g
0
Sodium
47mg
119mg
0
Monounsaturated
0
0
0
Vitamin C
6mg
15mg
Energy (Cal)
53Cal
132Cal
0
Dietary Fibre (total)
1.4g
3.5g
0
Polyunsaturated
0
0
0
Trans
0
0
0
* Percentage Daily Intakes are based on an average adult diet of 8700 kJ. Your daily intakes may be higher or lower depending on your energy needs.",,https://www.coles.com.au/product/campbells-v8-power-blend-prebiotics-juice-pine-orange-1.25l-7219516,,,2024-06-16T11:24:34.134021-04:00
Ind53SColes_ADrinks_SAJuice_INudie Nothing But 100% Fresh Orange Juice | 1L,Nudie Nothing But 100% Fresh Orange Juice | 1L,Nudie,Drinks,Juice,Chilled juice,,$6.00,,,$6.00 per 1L,8738530,"It's not easy to concentrate, which is why we avoid it at all costs. But some juicers looove to concentrate so much, they use it in their juice! Concentrate is a kind of cryogenically frozen juice that's brought back to life years later by adding water, flavour, sugar and other stuff. Eww! That's why we made nothing but; good, simple, fruit juice - no preservatives, no additives, just Aussie fruit. And because we love to support local farmers and growers - we will always only use Australian oranges, right from our own backyard. What good could we do beyond the juice fridge? creatorsofgood@nudie.com.au
Made with 100% real fruit

No added sugar

No preservatives

No artificial flavours

100% Australian Oranges

100% Australian Fruit.",,,"Per 100g/ml
Per Serving
%DI
Energy
180kJ
450kJ
Protein
Less than 1g
2g
Total Fat
Less than 1g
Less than 1g
Saturated Fat
Less than 1g
Less than 1g
Carbohydrate
10g
25g
Sugars
7.6g
19g
Sodium
Less than 5mg
Less than 5mg
Vitamin C
18mg
Dietary Fibre (total)
Less than 1g
Less than 1g
* Percentage Daily Intakes are based on an average adult diet of 8700 kJ. Your daily intakes may be higher or lower depending on your energy needs.",,https://www.coles.com.au/product/nudie-nothing-but-100percent-fresh-orange-juice-1l-8738530,,,2024-06-16T11:24:44.847440-04:00
Ind53SColes_ADrinks_SAJuice_ICampbells V8 Power Blend Prebiotics Juice Berry | 1.25L,Campbells V8 Power Blend Prebiotics Juice Berry | 1.25L,Campbells,Drinks,Juice,Plastic juice bottles,,$4.80,,$6.00,$3.84 per 1L,7220242,"Refreshingly delicious, V8 Prebiotic Berry gives you the benefits of blended fruit and veggies, as well as added fibre to support gut health in one drink. Enjoy for breakfast or bring to work for a nutritious drink. This healthy juice is a source of  Vitamin C, contains no added sugar and provides 2 serves of vegetables per 250mL serve. 

V8 Prebiotic Berry is a delicious, refreshing blend of juicy apple, strawberry and raspberry with sweet potato, carrot  and beetroot. It also contains added fibre to support gut health. Increase your fruit and veg intake with every sip whilst also supporting a healthy gut


Source of fibre to support gut health
No added sugar
Source of Vitamin C
Plant Based
2  serves of veg per 250ml serve
No added preservatives, no artificial flavours, no artificial colours",,,"Per 100g/ml
Per Serving
%DI
Energy
203kJ
507kJ
0
Protein
0.5g
1.2g
0
Total Fat
0.1g
0.2g
0
Saturated Fat
<0.1g
0.1g
0
Carbohydrate
10.7g
26.8g
0
Sugars
8.9g
22.2g
0
Sodium
35mg
86mg
0
Monounsaturated
0
0
0
Vitamin C
7mg
17mg
Energy (Cal)
48Cal
121Cal
0
Dietary Fibre (total)
1.1g
2.8g
0
Polyunsaturated
0
0
0
Trans
0
0
0
* Percentage Daily Intakes are based on an average adult diet of 8700 kJ. Your daily intakes may be higher or lower depending on your energy needs.",,https://www.coles.com.au/product/campbells-v8-power-blend-prebiotics-juice-berry-1.25l-7220242,,,2024-06-16T11:24:55.761720-04:00
Ind53SColes_ADrinks_SAJuice_IGolden Circle Fruit Drink Pineapple And Orange | 1L,Golden Circle Fruit Drink Pineapple And Orange | 1L,Golden Circle,Drinks,Juice,Packs & Pouches,,$2.70,,,$2.70 per 1L,280097,"Golden Circle Pine Orange Fruit Drink contains no artificial colours, flavours or preservatives. This delicious mix of pineapple and orange flavours is guaranteed to be your new summer favourite. Make sure you're stocked up with some Golden Circle Pine Orange Fruit Drink this summer. Blend into a summer smoothie, mix with sparkling water and frozen fruit or simply enjoy a glass of Golden Circle Pine Orange Fruit Drink poured over ice. Golden Circle, Share the Sunshine.
No artificial colours or flavours

Contains no preservatives

The perfect drink to enjoy while relaxing under the sun

Mix into cocktails, smoothies and mocktails for a fruity twist

Ideal for parties and barbecues",,,"Per 100g/ml
Per Serving
%DI
Energy
175kJ
350kJ
Protein
0.1g
0.2g
Total Fat
0g
0g
Saturated Fat
0g
0g
Carbohydrate
9.7g
19.4g
Sugars
9.5g
19.0g
Sodium
8mg
16mg
Vitamin C
15 mg
30 mg (75% RDI)*
* Percentage Daily Intakes are based on an average adult diet of 8700 kJ. Your daily intakes may be higher or lower depending on your energy needs.",,https://www.coles.com.au/product/golden-circle-fruit-drink-pineapple-and-orange-1l-280097,,,2024-06-16T11:25:06.558320-04:00
Ind53SColes_ADrinks_SAJuice_INudie Nothing But Kids Tropical Juice | 200mL,Nudie Nothing But Kids Tropical Juice | 200mL,Nudie,Drinks,Juice,Chilled juice,,$2.20,,,$11.00 per 1L,7016494,,,,,,https://www.coles.com.au/product/nudie-nothing-but-kids-tropical-juice-200ml-7016494,,,2024-06-16T11:25:15.421432-04:00
Ind53SColes_ADrinks_SAJuice_ICampbells V8 Power Blend Golden Glow Juice | 1.25L,Campbells V8 Power Blend Golden Glow Juice | 1.25L,Campbells,Drinks,Juice,Plastic juice bottles,,$4.80,,$6.00,$3.84 per 1L,3913123,"V8 Power Blend Golden Glow fruit & vegetable juice is a healthy antioxidant boost with a gentle ginger kick. This carrot, apple, sweet potato and ginger juice contains vitamins. Share this fruit and vegetable juice with a friend for a healthy morning pick-me-up. Or if you're short on time, it's the perfect ambient juice for an on-the-go afternoon top up. Grab yourself a V8 Power Blend fuel up!
No artificial flavours or colours
No added preservatives or added sugar
Source of vitamin A and antioxidant vitamin C",,,"Per 100g/ml
Per Serving
%DI
Energy
155kJ
387kJ
0
Protein
0.1g
0.8g
0
Total Fat
0.1g
0.3g
0
Saturated Fat
<0.1g
0.1g
0
Carbohydrate
8.4g
21.1g
0
Sugars
7.5g
18.7g
0
Vitamin A
180ug
450ug
Sodium
38mg
96mg
0
Monounsaturated
0
0
0
Vitamin C
13mg
32mg
Energy (Cal)
37Cal
92Cal
0
Dietary Fibre (total)
0.2g
0.4g
0
Polyunsaturated
0
0
0
Trans
0
0
0
* Percentage Daily Intakes are based on an average adult diet of 8700 kJ. Your daily intakes may be higher or lower depending on your energy needs.",,https://www.coles.com.au/product/campbells-v8-power-blend-golden-glow-juice-1.25l-3913123,,,2024-06-16T11:25:26.403697-04:00
Ind53SColes_ADrinks_SAJuice_IJust Juice Orange Juice | 1L,Just Juice Orange Juice | 1L,Just Juice,Drinks,Juice,Packs & Pouches,,$3.10,,,$3.10 per 1L,105563,"Enjoy Just Juice Orange Juice with the whole family. Drink with breakfast or as an afternoon pick me up! With no added sugar, no preservatives and no artificial colours or flavours.
No Added Sugar

High in Vitamin C

No Preservatives

No Artificial Colours

No Artificial Flavours

Convenient 1L pack.",,,"Per 100g/ml
Per Serving
%DI
Energy
168kJ
336kJ
4.0%
Protein
0.6g
1.2g
2.0%
Total Fat
<1.0g
<1.0g
<1%
Saturated Fat
0.0g
0.0g
0.0%
Carbohydrate
9.0g
18.0g
6.0%
Sugars
8.3g
16.6g
18.0%
Sodium
8mg
16mg
1.0%
Vitamin C
20mg
40mg
Dietary Fibre (total)
0.2g
0.4g
1.0%
* Percentage Daily Intakes are based on an average adult diet of 8700 kJ. Your daily intakes may be higher or lower depending on your energy needs.",,https://www.coles.com.au/product/just-juice-orange-juice-1l-105563,,,2024-06-16T11:25:37.304828-04:00
Ind53SColes_ADrinks_SAJuice_IGolden Circle Refreshers Island Punch 6x250mL | 6 pack,Golden Circle Refreshers Island Punch 6x250mL | 6 pack,Golden Circle,Drinks,Juice,Multi pack juice,,$5.80,Pick any 2 for $8,,$5.80 per 1L,6823606,"Low sugar, Golden Circle Refreshers Island Punch is an excellent ready-to-drink option for cooling off on hot days. Enjoy chilled or in a glass over ice cubes. Golden Circle Refreshers Island Punch is a refreshing mix of still water, fruit juice and delicious mango, peach & lychee flavours. It contains no artificial colours or flavours and no preservatives. Keep it in your fridge for entertaining or take it on the go to enjoy at work or outdoors.
Convenient on-the-go size

Mango, Peach & Lychee Flavours

Low sugar

No artificial colours, flavours or preservatives

Serve chilled for a refreshing taste",,,"Per 100g/ml
Per Serving
%DI
Energy
45KJ
115kJ
Protein
0.1g
0.3g
Total Fat
0g
0g
Saturated Fat
0g
0g
Carbohydrate
2.4g
6.0g
Sugars
2.3g
5.8g
Sodium
9mg
23mg
Dietary Fibre (total)
0.1g
0.3g
* Percentage Daily Intakes are based on an average adult diet of 8700 kJ. Your daily intakes may be higher or lower depending on your energy needs.",,https://www.coles.com.au/product/golden-circle-refreshers-island-punch-6x250ml-6-pack-6823606,,,2024-06-16T11:25:48.362770-04:00
Ind53SColes_ADrinks_SA_IGolden Circle Aussie Blends Whitsunday Wonder Apple & Plum Fruit Drink | 1.5L,Golden Circle Aussie Blends Whitsunday Wonder Apple & Plum Fruit Drink | 1.5L,Golden Circle,Drinks,,,,$5.50,Pick any 2 for $7,,$3.67 per 1L,6824074,"A sweet and refreshing fruit drink! Taste the summer with Golden Circle Aussie Blends Whitsunday Wonder Apple & Plum Fruit Drink with no added sugar, artificial colours, flavours or preservatives. Golden Circle Aussie Blends Whitsunday Wonder Apple & Plum Fruit Drink flavour offers a refreshing balance of sweet and tangy, perfect for gatherings or casual sipping. Proudly made with Australian grown fruit, it has no added sugar, artificial colours, flavours or preservatives. Enjoy chilled or served with ice.
Refreshing fruit drink with Apple & Plum flavour

No artificial colours, flavours or preservatives

No added sugar

Contains 99% Australian ingredients

Proudly made with Australian grown fruit",,,"Per 100g/ml
Per Serving
%DI
Energy
100 kJ
200 kJ
Protein
0.1 g
0.2 g
Total Fat
0 g
0 g
Saturated Fat
0 g
0 g
Carbohydrate
5.1 g
10.2 g
Sugars
4.6 g
9.2 g
Sodium
11 mg
22 mg
Vitamin C
27 mg
54 mg (135% RDI*)
Dietary Fibre (total)
0.1 g
0.2 g
* Percentage Daily Intakes are based on an average adult diet of 8700 kJ. Your daily intakes may be higher or lower depending on your energy needs.",,https://www.coles.com.au/product/golden-circle-aussie-blends-whitsunday-wonder-apple-and-plum-fruit-drink-1.5l-6824074,,,2024-06-16T11:26:00.118251-04:00
Ind53SColes_ADrinks_SAJuice_IDaily Juice No Added Sugar Pulpy Orange Juice | 500mL,Daily Juice No Added Sugar Pulpy Orange Juice | 500mL,Daily Juice,Drinks,Juice,Chilled juice,,$3.00,,,$6.00 per 1L,8756102,"Daily Juice Orange is your daily dose of happiness! It is a delicious orange juice with pulp that's perfect to accompany your breakfast or refuel and refresh you throughout the day! Its packed with the good stuff to kick start your day with Vitamin C. It contains the goodness of fruit with one serve of fruit per 125mL of juice.
No Added Sugar

With Vitamin C

1 serve of fruit per 125mL of fruit Juice as part of a balanced diet

Perfect for breakfast or as a refreshment/snack",,,"Per 100g/ml
Per Serving
%DI
Energy
167kJ
835kJ
10.0%
Protein
0.6g
3.0g
6.0%
Total Fat
<1.0g
<1.0g
<1%
Saturated Fat
0.0g
0.0g
0.0%
Carbohydrate
8.9g
44.5g
14.000000000000002%
Sugars
8.2g
41.0g
46.0%
Sodium
2.0mg
10.0mg
<1%
Vitamin C
37mg
185mg
Energy (Cal)
40Cal
200Cal
Dietary Fibre (total)
0.2g
1.0g
3.0%
* Percentage Daily Intakes are based on an average adult diet of 8700 kJ. Your daily intakes may be higher or lower depending on your energy needs.",,https://www.coles.com.au/product/daily-juice-no-added-sugar-pulpy-orange-juice-500ml-8756102,,,2024-06-16T11:26:10.993348-04:00
Ind53SColes_ADrinks_SAJuice_IPreshafruit Cold Pressed Pink Lady Apple Juice Chilled | 1L,Preshafruit Cold Pressed Pink Lady Apple Juice Chilled | 1L,Preshafruit,Drinks,Juice,Chilled juice,,$5.50,,,$5.50 per 1L,8730947,"Preshafruit Cold Pressed Pink Lady Apple Juice 1L. Sweet. Balanced. Bold taste.Break the seal and smell the aroma.It's light, it's fragrant, it's Pink Ladies.The taste is pure. Serve from a chilled bottle or over ice.",,,,,https://www.coles.com.au/product/preshafruit-cold-pressed-pink-lady-apple-juice-chilled-1l-8730947,,,2024-06-16T11:26:19.841075-04:00
Ind53SColes_ADrinks_SAJuice_IColes Apple Juice | 2L,Coles Apple Juice | 2L,Coles,Drinks,Juice,Plastic juice bottles,,$2.80,,,$1.40 per 1L,2531530,Coles 2L Apple juice. Made with no added sugar and is a good source of vitamin C,,,"Per 100g/ml
Per Serving
%DI
Energy
181.09
452.73
Protein
0.09
0.23
Carbohydrate
10.30
25.75
Sugars
9.40
23.50
Sodium
8.00
20.00
Saturated
0.09
0.23
Vitamin C
10.00
25.00
Energy (Cal)
43.32
108.31
Fat
0.06
0.15
Dietary Fibre (total)
0.28
0.70
* Percentage Daily Intakes are based on an average adult diet of 8700 kJ. Your daily intakes may be higher or lower depending on your energy needs.",,https://www.coles.com.au/product/coles-apple-juice-2l-2531530,,,2024-06-16T11:26:31.338907-04:00
Ind53SColes_ADrinks_SAJuice_IColes Apple Fruit Drink 250mL | 6 Pack,Coles Apple Fruit Drink 250mL | 6 Pack,Coles,Drinks,Juice,Multi pack juice,,$3.50,,,$2.33 per 1L,2535574,No Artificial Sweeteners35% Fruit Juice,,,"Per 100g/ml
Per Serving
%DI
Energy
152.4
381
Protein
0.1
0.25
Saturated Fat
LESS THAN 1g
LESS THAN 1g
1
Carbohydrate
8.6
21.5
Sugars
8.1
20.25
Sodium
3
7.5
Saturated
0.1
0.25
Energy (Cal)
36
91
Fat
0.1
0.25
Dietary Fibre (total)
0.1
0.25
* Percentage Daily Intakes are based on an average adult diet of 8700 kJ. Your daily intakes may be higher or lower depending on your energy needs.",,https://www.coles.com.au/product/coles-apple-fruit-drink-250ml-6-pack-2535574,,,2024-06-16T11:26:42.096201-04:00
Ind53SColes_ADrinks_SAJuice_ISunraysia Pouch 99.9% Apple & Blackcurrent Juice | 200mL,Sunraysia Pouch 99.9% Apple & Blackcurrent Juice | 200mL,Sunraysia,Drinks,Juice,Plastic juice bottles,,$1.50,Pick any 5 for $5.30,,$7.50 per 1L,4158958,"Sunraysia pouches are a wholesome great tasting range of juices with added sugar, no artificial colours, flavours or preservatives. Available in a convenient, durable 200ml single serve pouch that won't split or break. Also great frozen or as a slushie - the perfect addition to any lunchbox.
- 100% Natural.
- Non genetically modified.
- Nothing Artificial.
- No added sugars or preservatives.
- 99.9 % Juice.
- BPA Free.
100% Natural

1 Serve of Fruit*

99.9 % Juice, no added sugar

Non genetically modified

Vegetarian & Vegan Friendly

No artificial colours, flavours or preservatives.

Great Frozen.",,,"Per 100g/ml
Per Serving
%DI
Energy
203kJ
406kJ
Protein
0.0g
0.0g
Total Fat
0.0g
0.0g
Saturated Fat
0.0g
0.0g
Carbohydrate
11.9g
23.8g
Sugars
11.4g
22.8g
Sodium
7mg
14mg
Energy (Cal)
49Cal
98Cal
Trans
0.0g
0.0g
* Percentage Daily Intakes are based on an average adult diet of 8700 kJ. Your daily intakes may be higher or lower depending on your energy needs.",,https://www.coles.com.au/product/sunraysia-pouch-99.9percent-apple-and-blackcurrent-juice-200ml-4158958,,,2024-06-16T11:26:52.835809-04:00
Ind53SColes_ADrinks_SAJuice_IDaily Juice Limited Edition | 1L,Daily Juice Limited Edition | 1L,Daily Juice,Drinks,Juice,Chilled juice,,$3.80,,$4.80,$3.80 per 1L,4465378,"Daily Juice has been working since 1989 to create great tasting juice, great for the whole family to enjoy! With fruit ripened in the sun and no added sugar, Daily Juice is packed with good stuff to help kick start your day. 

Daily Juice Co Mango Blend with Vitamin A & C has been created to support your immunity (Vitamin A&C support healthy immune functions when consumed as part of a balanced diet), to help you continue to lead a healthy, happy and balanced lifestyle. 

Proudly Australian owned, made and loved. 

Contains fresh, reconstituted and from time to time, cold-stored juice.  
Your daily dose of happiness!

with vitamin A & C to support immunity

No added sugar

Packed with the good stuff to kick start your day!",,,"Per 100g/ml
Per Serving
%DI
Energy
181kJ
362kJ
4%
Protein
0.4g
0.8g
2%
Total Fat
<1.0g
<1.0g
<1%
Saturated Fat
0.0g
0.0g
0%
Carbohydrate
10g
20g
6%
Sugars
9.0g
18g
20%
Vitamin A
58ug
115ug
15% RDI*
Sodium
2.0mg
4.0mg
<1%
Vitamin C
40mg
80mg
200% RDI*
Energy (Cal)
43Cal
86Cal
Dietary Fibre (total)
0.5g
1.0g
3%
* Percentage Daily Intakes are based on an average adult diet of 8700 kJ. Your daily intakes may be higher or lower depending on your energy needs.",,https://www.coles.com.au/product/daily-juice-limited-edition-1l-4465378,,,2024-06-16T11:27:03.705389-04:00
Ind53SColes_ADrinks_SAJuice_IBickford's Pomegranate Juice | 1L,Bickford's Pomegranate Juice | 1L,Bickfords,Drinks,Juice,Plastic juice bottles,,$5.50,,$6.50,$5.50 per 1L,5973625,"A selection of hand-picked pomegranates from our own farm in the Northern Mallee region of South Australia adds to the deliciousness of this bottle of juice. There's no added sugar, no preservatives and nothing artificial because we know that's important to you.",,,"Per 100g/ml
Per Serving
%DI
Energy
270kJ
675kJ
Protein
<0.2g
<0.5g
Total Fat
0g
0g
Saturated Fat
0g
0g
Carbohydrate
16g
40g
Sugars
13g
32.5g
Sodium
5mg
12.5mg
Monounsaturated
0g
0g
Dietary Fibre (total)
0g
0g
Polyunsaturated
0g
0g
Trans
0g
0g
* Percentage Daily Intakes are based on an average adult diet of 8700 kJ. Your daily intakes may be higher or lower depending on your energy needs.",100% POMEGRANATE JUICE (FROM CONCENTRATE),https://www.coles.com.au/product/bickford's-pomegranate-juice-1l-5973625,,,2024-06-16T11:27:14.522680-04:00
Ind53SColes_ADrinks_SAJuice_IBickford's Cloudy Pear Juice | 1L,Bickford's Cloudy Pear Juice | 1L,Bickfords,Drinks,Juice,Glass juice bottles,,$5.50,,$6.50,$5.50 per 1L,2044583,"Our utterly delicious Cloudy Pear juice contains refreshing Australian pears. It's a tasty way to aid digestive health plus it's packed with antioxidants and low in sodium. There's no added sugar, no preservatives and nothing artificial because we know that's important to you.",,,"Per 100g/ml
Per Serving
%DI
Energy
207kJ
518kJ
Protein
<0g
<0g
Total Fat
0g
0g
Saturated Fat
0g
0g
Carbohydrate
12g
30g
Sugars
8g
20g
Sodium
5mg
13mg
Monounsaturated
0g
0g
Dietary Fibre (total)
0g
0g
Polyunsaturated
0g
0g
Trans
0g
0g
* Percentage Daily Intakes are based on an average adult diet of 8700 kJ. Your daily intakes may be higher or lower depending on your energy needs.",,https://www.coles.com.au/product/bickford's-cloudy-pear-juice-1l-2044583,,,2024-06-16T11:27:25.349703-04:00
Ind53SColes_ADrinks_SAJuice_IPerkii Mango Passionfruit Probiotic Drink | 350mL,Perkii Mango Passionfruit Probiotic Drink | 350mL,Perkii,Drinks,Juice,Chilled juice,,$4.40,,,$12.57 per 1L,3416559,"Delivering more goodness where it counts - your gut. Developed at the University of Queensland, PERKii Probiotic Drink contains 1.2 billion probiotics scientifically designed to reach your gut alive. Blended with natural juice flavours, every bottle is low in sugar and just 37 calories per serving. Great taste, even better for you.
Did you know that the majority of probiotics perish in your stomach, well before they've even reached your gut? PERKii is different!
The brainchild of serious scientific research at UNI of QLD, our probiotics are protected for the long journey through your stomach. Delivering More goodness to the gut.",,,"Per 100g/ml
Per Serving
%DI
Energy
44kJ
154kJ
Protein
<1g
<1g
Total Fat
<0.1g
<0.1g
Saturated Fat
<0.1g
<0.1g
Carbohydrate
2.6g
9.1g
Sugars
2.4g
8.4g
Sodium
2.7mg
9.5mg
Dietary Fibre (total)
<1g
<1g
* Percentage Daily Intakes are based on an average adult diet of 8700 kJ. Your daily intakes may be higher or lower depending on your energy needs.",,https://www.coles.com.au/product/perkii-mango-passionfruit-probiotic-drink-350ml-3416559,,,2024-06-16T11:27:36.167095-04:00
Ind53SColes_ADrinks_SAJuice_IGolden Circle 100 Percent Orange Mango Juice | 2L,Golden Circle 100 Percent Orange Mango Juice | 2L,Golden Circle,Drinks,Juice,Plastic juice bottles,,$4.80,,,$2.40 per 1L,2044540,"The flavours of juicy orange and sweet mango combined with other ingredients in this refreshing Golden Circle Orange Mango Juice. Made with no artificial colours, flavours or preservatives, this juice is perfect to serve with breakfast. Indulge in the refreshing taste of Golden Circle Orange Mango Juice, where the flavors of juicy orange and sweet mango come together in perfect harmony. This delicious juice is made with no artificial colors, flavors, or preservatives, making it a great choice to start your day. With no added sugar, Golden Circle Orange Mango Juice is a great beverage for any time of the day, whether it's paired with breakfast or enjoyed in the afternoon. As part of the Golden Circle brand, this juice represents the essence of sharing and spreading sunshine. So, take a sip and let the delicious taste of Golden Circle Orange Mango Juice brighten up your day.
No added sugar

No artificial colours, flavours or preservatives

Perfect juice to serve with breakfast

Served chilled

Delicious on its own, in smoothies or desserts",,,"Per 100g/ml
Per Serving
%DI
Energy
190 kJ
380 kJ
Protein
0.6 g
1.2 g
Total Fat
0.1 g
0.2 g
Saturated Fat
0 g
0 g
Carbohydrate
10.0 g
20.0 g
Sugars
8.1 g
16.2 g
Sodium
8 mg
16 mg
Vitamin C
40 mg
80 mg (200% RDI*)
Dietary Fibre (total)
0.2 g
0.4 g
* Percentage Daily Intakes are based on an average adult diet of 8700 kJ. Your daily intakes may be higher or lower depending on your energy needs.",,https://www.coles.com.au/product/golden-circle-100-percent-orange-mango-juice-2l-2044540,,,2024-06-16T11:27:48.210767-04:00
Ind53SColes_ADrinks_SAJuice_IRemedy Kombucha Passionfruit | 330mL,Remedy Kombucha Passionfruit | 330mL,Remedy,Drinks,Juice,Chilled juice,,$4.30,,,$13.03 per 1L,3905227,"This delicious mango passion drink is true to fruit, fresh as with all natural flavour. Smooth and sweet (minus the sugar) with a hint of passionfruit tang. This Remedy Kombucha flavour will make your mouth water  it's ripe and ready. Remedy Kombucha contains:
No Sugar, for real
All Natural
Certified Organic
Low on Caloriesl
Vegan
Gluten Free",,,"Per 100g/ml
Per Serving
%DI
Energy
12kJ
40kJ
Protein
<1g
<1g
Total Fat
<1g
<1g
Saturated Fat
<1g
<1g
Carbohydrate
<1g
<1g
Sugars
0g
0g
Sodium
<5mg
<5mg
Dietary Fibre (total)
<1g
<1g
* Percentage Daily Intakes are based on an average adult diet of 8700 kJ. Your daily intakes may be higher or lower depending on your energy needs.",,https://www.coles.com.au/product/remedy-kombucha-passionfruit-330ml-3905227,,,2024-06-16T11:27:59.076334-04:00
Ind53SColes_ADrinks_SAJuice_IGolden Circle Refreshers Berry Burst Flavoured Water Drink | 1L,Golden Circle Refreshers Berry Burst Flavoured Water Drink | 1L,Golden Circle,Drinks,Juice,Packs & Pouches,,$3.50,Pick any 2 for $4.90,,$3.50 per 1L,5632250,"Golden Circle Refreshers Berry Burst brings a new and exciting blend of fruity flavours. Perfect for cooling off on those hot summer days. Low sugar, Golden Circle Refreshers Berry Burst is the perfect drink option to serve to any crowd. It's a delicious blend of still water, fruit juice and berry flavours. No artificial colours, flavours or preservatives.
Refreshing berry flavours

Low sugar

No artificial flavours

No artificial colours

No preservatives",,,"Per 100g/ml
Per Serving
%DI
Energy
50kJ
100kJ
Protein
0g
0g
Total Fat
0g
0g
Saturated Fat
0g
0g
Carbohydrate
2.4g
4.8g
Sugars
2.4g
4.8g
Sodium
10mg
20mg
Dietary Fibre (total)
0.1g
0.2g
* Percentage Daily Intakes are based on an average adult diet of 8700 kJ. Your daily intakes may be higher or lower depending on your energy needs.",,https://www.coles.com.au/product/golden-circle-refreshers-berry-burst-flavoured-water-drink-1l-5632250,,,2024-06-16T11:28:09.963845-04:00
Ind53SColes_ADrinks_SAJuice_IGolden Circle Sunshine Punch Fruit Drink | 1L,Golden Circle Sunshine Punch Fruit Drink | 1L,Golden Circle,Drinks,Juice,Packs & Pouches,,$2.70,,,$2.70 per 1L,6909461,"Whether you're going camping, to the beach, or on a road trip, you're sure to get thirsty along the way. Golden Circle Sunshine Punch Fruit Drink is here to quench your thirst with a delicious fruit drink made with no artificial colours or flavours. Enjoy a taste of summer in a glass with Golden Circle Sunshine Punch Fruit Drink. Containing no artificial colours, flavours or preservatives, this fruit drink with a good source of vitamin C is full of flavour. Enjoy a glass at any time of the day, bring the carton along on big days out, or use it as a base for fruit punch to keep the whole family smiling. Golden Circle, Share the Sunshine.
No artificial colours, flavours or preservatives

Sunshine Punch fruit drink with flavours including apple or pear, pineapple, orange, passionfruit and peach

Tasty drink to have alongside any meal

A good source of vitamin C

Delicious base for punches and mocktails",,,"Per 100g/ml
Per Serving
%DI
Energy
175kJ
350kJ
Protein
0g
0g
Total Fat
0g
0g
Saturated Fat
0g
0g
Carbohydrate
9.8g
19.6g
Sugars
9.6g
19.2g
Sodium
9mg
18mg
Vitamin C
15 mg
30 mg (75% RDI)*
15 mg
* Percentage Daily Intakes are based on an average adult diet of 8700 kJ. Your daily intakes may be higher or lower depending on your energy needs.",,https://www.coles.com.au/product/golden-circle-sunshine-punch-fruit-drink-1l-6909461,,,2024-06-16T11:28:20.775179-04:00
Ind53SColes_ADrinks_SAJuice_IYoufoodz Youjuice Blue Tropics | 350mL,Youfoodz Youjuice Blue Tropics | 350mL,Youfoodz,Drinks,Juice,Chilled juice,,$4.00,,,$11.43 per 1L,6284148,"A vibrant blend of blue spirulina extract & coconut water with tropical fruits including guava, lime, passionfruit, apple & pear. 

Blue Spirulina is a trending functional ingredient that's naturally supercharged with health-boosting nutrients and antioxidants. This potent plant-based superfood is known to support total body vitality by boosting protein intake, aiding digestion and reducing inflammation.

Squeezed full of real Aussie-grown fruit with no added sugar and no artificial colours, flavours, or preservatives.",,,"Per 100g/ml
Per Serving
%DI
Energy
180kJ
631kJ
Protein
Less than 1g
Less than 1g
Total Fat
Less than 1g
Less than 1g
Saturated Fat
Less than 1g
Less than 1g
Carbohydrate
10.4g
36.5g
Sugars
7.9g
27.6g
Sodium
7mg
25mg
Energy (Cal)
43Cal
151Cal
* Percentage Daily Intakes are based on an average adult diet of 8700 kJ. Your daily intakes may be higher or lower depending on your energy needs.",,https://www.coles.com.au/product/youfoodz-youjuice-blue-tropics-350ml-6284148,,,2024-06-16T11:28:31.557302-04:00
Ind53SColes_ADrinks_SAJuice_IEastcoast Berverage 100% Pineapple Juice | 400mL,Eastcoast Berverage 100% Pineapple Juice | 400mL,Eastcoast Berverage,Drinks,Juice,Chilled juice,,$2.60,,$2.95,$6.50 per 1L,7016676,No added sugar,,,"Per 100g/ml
Per Serving
%DI
Energy
196kJ
392kJ
Protein
0.3g
0.6g
Total Fat
0g
0g
Saturated Fat
0g
0g
Carbohydrate
10.3g
20.6g
Sugars
10.3g
20.6g
Sodium
1mg
2mg
* Percentage Daily Intakes are based on an average adult diet of 8700 kJ. Your daily intakes may be higher or lower depending on your energy needs.",,https://www.coles.com.au/product/eastcoast-berverage-100percent-pineapple-juice-400ml-7016676,,,2024-06-16T11:28:42.263295-04:00
Ind53SColes_ADrinks_SAJuice_ICampbell's V8 Breakfast Juice | 1.25L,Campbell's V8 Breakfast Juice | 1.25L,Campbells,Drinks,Juice,Plastic juice bottles,,$5.50,,,$4.40 per 1L,1165425,"V8 Breakfast juice is a healthy antioxidant boost. This apple, pineapple, orange and carrot juice contains vitamins. Share this fruit and vegetable juice with a friend for a healthy morning pick-me-up. Or if you're short on time, it's the perfect ambient juice for an on-the-go afternoon top-up. Grab yourself a V8 fuel up!
No artificial flavours or colours
No added preservatives or added sugar
Source of vitamin A and antioxidant vitamin C",,,"Per 100g/ml
Per Serving
%DI
Energy
204kJ
510kJ
0
Protein
0.4g
1.0g
0
Total Fat
0.1g
0.2g
0
Saturated Fat
<0.1g
<0.1g
0
Carbohydrate
11.4g
28.4g
0
Sugars
9.8g
24.5g
0
Vitamin A
75ug
188ug
Sodium
19mg
47mg
0
Monounsaturated
0
0
0
Vitamin C
2mg
5mg
Energy (Cal)
49Cal
122Cal
0
Dietary Fibre (total)
0.2g
0.5g
0
Polyunsaturated
0
0
0
Trans
0
0
0
* Percentage Daily Intakes are based on an average adult diet of 8700 kJ. Your daily intakes may be higher or lower depending on your energy needs.",,https://www.coles.com.au/product/campbell's-v8-breakfast-juice-1.25l-1165425,,,2024-06-16T11:28:54.239637-04:00
Ind53SColes_ADrinks_SAJuice_IBickford's Prune Juice | 1L,Bickford's Prune Juice | 1L,Bickfords,Drinks,Juice,Glass juice bottles,,$5.50,,$6.50,$5.50 per 1L,5225460,"If you need a little help getting your digestive health moving in the right direction, our 100% Prune juice could be just the thing. It tastes pretty fabulous, there's no added sugar, no preservatives and nothing artificial because we know that's important to you.",,,"Per 100g/ml
Per Serving
%DI
Energy
309kJ
773kJ
Protein
<0.5g
<1.3g
Total Fat
0g
0g
Saturated Fat
0g
0g
Carbohydrate
18g
42.5g
Sugars
10.7g
25g
Sodium
9mg
22.5mg
Monounsaturated
0g
0g
Dietary Fibre (total)
0g
0g
Polyunsaturated
0g
0g
Trans
0g
0g
* Percentage Daily Intakes are based on an average adult diet of 8700 kJ. Your daily intakes may be higher or lower depending on your energy needs.",,https://www.coles.com.au/product/bickford's-prune-juice-1l-5225460,,,2024-06-16T11:29:05.058050-04:00
Ind53SColes_ADrinks_SABeverages_IThe Juice Lab Wellness Shot Kids Tropical Immune | 60mL,The Juice Lab Wellness Shot Kids Tropical Immune | 60mL,The Juice Lab,Drinks,Beverages,Water & juices,,$2.25,,,"$37.51 per 1L
Was $3.50 on Jun 2024",7027559,,,,,,https://www.coles.com.au/product/the-juice-lab-wellness-shot-kids-tropical-immune-60ml-7027559,,,2024-06-16T11:29:13.841535-04:00
Ind53SColes_ADrinks_SAJuice_ILo Bros Organic Kombucha Purple Grape | 330mL,Lo Bros Organic Kombucha Purple Grape | 330mL,Lo Bros,Drinks,Juice,Chilled juice,,$3.20,,$4.20,$10.67 per 1L,7026691,,,,,,https://www.coles.com.au/product/lo-bros-organic-kombucha-purple-grape-330ml-7026691,,,2024-06-16T11:29:22.414295-04:00
Ind53SColes_ADrinks_SAJuice_INudie Tropical Breakfast Juice Chilled | 2L,Nudie Tropical Breakfast Juice Chilled | 2L,Nudie,Drinks,Juice,Chilled juice,,$8.00,,,$4.00 per 1L,1011975,"Naming your newborn is never easy.Unless of course they're made of fruit. Naming nudie was actually a reasonably straightforward job. We needed something that said it was blended fruit and nothing else. When 'naked fruit' was deemed too saucy, someone suggested 'nudie'. We liked the idea of answering the phone welcome to nudie and the URL was (inexplicably) available so nudie was named! We created some characters and the nudie label was ready to be popped onto bottles for fruit fans far and wide. We did good that day. Got any good you've created today? creatorsofgood@nudie.com.au
No added sugar

No preservatives

No artificial flavours

No concentrates",,,"Per 100g/ml
Per Serving
%DI
Energy
201kJ
502kJ
Protein
Less than 1g
1g
Total Fat
Less than 1g
Less than 1g
Saturated Fat
Less than 1g
Less than 1g
Carbohydrate
11.4g
28.5g
Sugars
9.0g
22.5g
Sodium
Less than 5mg
Less than 5mg
Vitamin C
20mg
Dietary Fibre (total)
Less than 1g
Less than 1g
* Percentage Daily Intakes are based on an average adult diet of 8700 kJ. Your daily intakes may be higher or lower depending on your energy needs.",,https://www.coles.com.au/product/nudie-tropical-breakfast-juice-chilled-2l-1011975,,,2024-06-16T11:29:33.275900-04:00
Ind53SColes_ADrinks_SAJuice_IRemedy Kombucha Ginger & Lemon | 330mL,Remedy Kombucha Ginger & Lemon | 330mL,Remedy,Drinks,Juice,Chilled juice,,$4.30,,,$13.03 per 1L,2746820,"A classic with a twist. A no-sugar, guilt-free take on ginger beer. Hot and sour, fiery and tangy, made with natural ingredients, Remedy Kombucha Ginger Lemon is the perfect tummy-tamer. Fresh ginger adds warmth and spice, while real lemon adds a citrus spark. Remedy Kombucha contains:
No Sugar, for real
All Natural
Certified Organic
Low on Caloriesl
Vegan
Gluten Free",,,"Per 100g/ml
Per Serving
%DI
Energy
12kJ
40kJ
Protein
<1g
<1g
Total Fat
<1g
<1g
Saturated Fat
<1g
<1g
Carbohydrate
<1g
<1g
Sugars
0g
0g
Sodium
<5mg
<5mg
Dietary Fibre (total)
<1g
<1g
* Percentage Daily Intakes are based on an average adult diet of 8700 kJ. Your daily intakes may be higher or lower depending on your energy needs.",,https://www.coles.com.au/product/remedy-kombucha-ginger-and-lemon-330ml-2746820,,,2024-06-16T11:29:45.207227-04:00
Ind53SColes_ADrinks_SAJuice_IGolden Circle Refreshers Berry Burst Flavoured Water Drink 250mL | 6 pack,Golden Circle Refreshers Berry Burst Flavoured Water Drink 250mL | 6 pack,Golden Circle,Drinks,Juice,Multi pack juice,,$5.80,Pick any 2 for $8,,$3.87 per 1L,5633718,"Golden Circle Refreshers Berry Burst brings an exciting and new blend of fruity flavours. Perfect for cooling off on those hot summer days. Low sugar, with no artificial colours, flavours or preservatives., Golden Circle Refreshers Berry Burst is the perfect drink option to serve to any crowd. It's a delicious blend of still water,fruit juice and berry flavours. Best served chilled.
Convenient on-the-go size

Refreshing berry flavours

Low sugar

No artificial flavours or colours

No preservatives",,,"Per 100g/ml
Per Serving
%DI
Energy
50kJ
125kJ
Protein
0g
0g
Total Fat
0g
0g
Saturated Fat
0g
0g
Carbohydrate
2.4g
6.0g
Sugars
2.4g
6.0g
Sodium
10mg
25mg
Dietary Fibre (total)
0.1g
0.3g
* Percentage Daily Intakes are based on an average adult diet of 8700 kJ. Your daily intakes may be higher or lower depending on your energy needs.",,https://www.coles.com.au/product/golden-circle-refreshers-berry-burst-flavoured-water-drink-250ml-6-pack-5633718,,,2024-06-16T11:29:55.934966-04:00
Ind53SColes_ADrinks_SAJuice_IFruit Co Juice Plus + Tomato | 2L,Fruit Co Juice Plus + Tomato | 2L,Fruit Co,Drinks,Juice,Plastic juice bottles,,$3.50,,,$1.75 per 1L,3752330,"Made from 98% Juice and enriched with the goodness of Vitamin C and Fibre, FruitCo Juice is the perfect juice for any occasion. FruitCo Juice comes in a convenient and ergonomic 2L PET grip bottle.",,,"Per 100g/ml
Per Serving
%DI
Energy
109kJ
272kJ
3%
Protein
<1g
<1g
1%
Total Fat
<1g
<1g
1%
Saturated Fat
<1g
<1g
1%
Carbohydrate
6.4g
16g
5%
Sugars
6.1g
15.3g
17%
Sodium
202mg
505mg
22%
Vitamin C
10mg
25mg
0%
Dietary Fibre (total)
<1g
<1g
8%
* Percentage Daily Intakes are based on an average adult diet of 8700 kJ. Your daily intakes may be higher or lower depending on your energy needs.",,https://www.coles.com.au/product/fruit-co-juice-plus-+-tomato-2l-3752330,,,2024-06-16T11:30:06.645132-04:00
Ind53SColes_ADrinks_SAJuice_IColes F&V Vitality Glow Juice | 1L,Coles F&V Vitality Glow Juice | 1L,Coles,Drinks,Juice,Plastic juice bottles,,$2.90,,,$2.90 per 1L,6604420,"Good Source of Antioxidants  Folate & Vitamin C 4 Serves of fruit & Veg in every bottle Carrot, Beetroot, Apple & Sweet Potato Juice",,,"Per 100g/ml
Per Serving
%DI
Energy
169.80
424.50
Protein
0.70
1.75
Carbohydrate
8.60
21.50
Sugars
7.40
18.50
Sodium
71.00
177.50
Saturated
0.00
0.00
Vitamin C
20.00
50.00
Energy (Cal)
40.62
101.56
Fat
0.10
0.25
Dietary Fibre (total)
1.00
2.50
Folate
30.00
75.00
* Percentage Daily Intakes are based on an average adult diet of 8700 kJ. Your daily intakes may be higher or lower depending on your energy needs.",,https://www.coles.com.au/product/coles-fandv-vitality-glow-juice-1l-6604420,,,2024-06-16T11:30:17.370870-04:00
Ind53SColes_ADrinks_SAJuice_IGolden Circle Refreshers Wild Waterfall | 1L,Golden Circle Refreshers Wild Waterfall | 1L,Golden Circle,Drinks,Juice,Packs & Pouches,,$3.50,Pick any 2 for $4.90,,$3.50 per 1L,6804645,"Freshen up with the delicious flavours of kiwi and watermelon in the Golden Circle Refreshers Wild Waterfall. It's perfect to have on hand for entertaining or to take on the go to enjoy at work or outdoors. Low sugar, Golden Circle Refreshers Wild Waterfall is a fun and refreshing drink option that's sure to be a hit with the whole family. It's a tasty mix of still water and fruit juice with refreshing kiwi and watermelon flavours. No artificial colours, flavours or preservatives.
Kiwi and watermelon flavours

Low sugar

No artificial colours or flavours

No preservatives

Serve chilled for a refreshing taste",,,"Per 100g/ml
Per Serving
%DI
Energy
50kJ
100kJ
Protein
0g
0g
Total Fat
0g
0g
Saturated Fat
0g
0g
Carbohydrate
2.4g
4.8g
Sugars
2.3g
4.6g
Sodium
10mg
20mg
Dietary Fibre (total)
0g
0g
* Percentage Daily Intakes are based on an average adult diet of 8700 kJ. Your daily intakes may be higher or lower depending on your energy needs.",,https://www.coles.com.au/product/golden-circle-refreshers-wild-waterfall-1l-6804645,,,2024-06-16T11:30:28.080442-04:00
Ind53SColes_ADrinks_SAJuice_IColes Apple & Mango Juice | 2L,Coles Apple & Mango Juice | 2L,Coles,Drinks,Juice,Plastic juice bottles,,$2.80,,,$1.40 per 1L,3048681,Coles 2L Apple and Mango juice. Made with no added sugar and is a good source of vitamin C,,,"Per 100g/ml
Per Serving
%DI
Energy
195.35
488.38
Protein
0.09
0.23
Total Fat
0.06
0.15
Saturated Fat
0.09
0.23
Carbohydrate
10.80
27.00
Sugars
10.10
25.25
Sodium
8.00
20.00
Vitamin C
10.00
25.00
Energy (Cal)
46.73
116.84
Dietary Fibre (total)
1.00
2.50
* Percentage Daily Intakes are based on an average adult diet of 8700 kJ. Your daily intakes may be higher or lower depending on your energy needs.",,https://www.coles.com.au/product/coles-apple-and-mango-juice-2l-3048681,,,2024-06-16T11:30:39.828465-04:00
Ind53SColes_ADrinks_SAJuice_IJust Juice Paradise Punch Juice Multipack 200mL | 6 pack,Just Juice Paradise Punch Juice Multipack 200mL | 6 pack,Just Juice,Drinks,Juice,Multi pack juice,,$5.50,,$6.30,$4.58 per 1L,5424365,"No added sugar
- High in Vitamin C
- No Preservatives
- No Artificial Colours or Flavours
- 1 Serve of Fruit per 125mL (as part of a balanced intake, fruit juice can be a serve of fruit (Australian Dietary Guidelines)).
No Added Sugar

High in Vitamin C

No Preservatives

No Artificial Colours

No Artificial Flavours

1 serve of fruit per 125mL of fruit juice as part of a balanced diet..",,,"Per 100g/ml
Per Serving
%DI
Energy
190kJ
380kJ
4%
Protein
0.2g
0.4g
1%
Total Fat
<1g
<1g
0%
Saturated Fat
0g
0g
0%
Carbohydrate
10.6g
21.2g
7%
Sugars
10.1g
20.2g
22%
Sodium
8mg
16mg
1%
Vitamin C
8mg
16mg
50% RDI#
Dietary Fibre (total)
0.2g
0.4g
1%
* Percentage Daily Intakes are based on an average adult diet of 8700 kJ. Your daily intakes may be higher or lower depending on your energy needs.",,https://www.coles.com.au/product/just-juice-paradise-punch-juice-multipack-200ml-6-pack-5424365,,,2024-06-16T11:30:51.736546-04:00
Ind53SColes_ADrinks_SAJuice_IOcean Spray Low Sugar Apple Raspberry Pomegrte | 1.5L,Ocean Spray Low Sugar Apple Raspberry Pomegrte | 1.5L,Ocean Spray,Drinks,Juice,Plastic juice bottles,,$6.26,,,$4.17 per 1L,7061535,"Expertly blended Low Sugar Raspberry, Pomegranate & Apple fruit drink, with less than 10 calories per serve, for deliciously fruit refreshment!",,,"Per 100g/ml
Per Serving
%DI
Energy
15kJ
38kJ
Protein
0g
0g
Total Fat
0g
0g
Saturated Fat
0g
0g
Carbohydrate
0.5g
1.2g
Sugars
0.5g
1.2g
Sodium
8mg
20mg
* Percentage Daily Intakes are based on an average adult diet of 8700 kJ. Your daily intakes may be higher or lower depending on your energy needs.",,https://www.coles.com.au/product/ocean-spray-low-sugar-apple-raspberry-pomegrte-1.5l-7061535,,,2024-06-16T11:31:02.575475-04:00
Ind53SColes_ADrinks_SAJuice_IJust Juice Apple Blackcurrant Juice Multipack 200mL | 6 pack,Just Juice Apple Blackcurrant Juice Multipack 200mL | 6 pack,Just Juice,Drinks,Juice,Multi pack juice,,$5.50,,$6.30,$4.58 per 1L,5001248,"No added sugar
- High in Vitamin C
- No Preservatives
- No Artificial Colours or Flavours
- 1 Serve of Fruit per 125mL (as part of a balanced intake, fruit juice can be a serve of fruit (Australian Dietary Guidelines)).
No Added Sugar

High in Vitamin C

No Preservatives

No Artificial Colours

No Artificial Flavours

Convenient 1L pack.",,,"Per 100g/ml
Per Serving
%DI
Energy
185kJ
370kJ
4%
Protein
<1.0g
<1.0g
<1%
Total Fat
<1.0g
<1.0g
<1%
Saturated Fat
0.0g
0.0g
0%
Carbohydrate
10.5g
21.0g
7%
Sugars
10.1g
10.2g
22%
Sodium
8mg
16mg
1%
Vitamin C
10mg
20.0mg
50% RDI#
Dietary Fibre (total)
0.1
0.2g
1%
* Percentage Daily Intakes are based on an average adult diet of 8700 kJ. Your daily intakes may be higher or lower depending on your energy needs.",,https://www.coles.com.au/product/just-juice-apple-blackcurrant-juice-multipack-200ml-6-pack-5001248,,,2024-06-16T11:31:13.607818-04:00
Ind53SColes_ADrinks_SAColes Finest_IColes Finest Juice Orange | 500mL,Coles Finest Juice Orange | 500mL,Coles,Drinks,Coles Finest,Fruit & Fruit Juice,,$2.40,,,$4.80 per 1L,1013915,"Coles Australian pure orange juice, 500mL. Made with 100% Australian oranges and no added sugar, packed into a travel friendly bottle for a refreshment on the go.",,,"Per 100g/ml
Per Serving
%DI
Energy
172.35
430.88
Protein
0.83
2.08
Carbohydrate
9.00
22.50
Sugars
8.20
20.50
Sodium
1.10
2.75
Saturated
0.09
0.23
Vitamin C
20.00
50.00
Energy (Cal)
41.23
103.08
Fat
0.12
0.30
Dietary Fibre (total)
0.10
0.25
* Percentage Daily Intakes are based on an average adult diet of 8700 kJ. Your daily intakes may be higher or lower depending on your energy needs.",,https://www.coles.com.au/product/coles-finest-juice-orange-500ml-1013915,,,2024-06-16T11:31:24.336906-04:00
Ind53SColes_ADrinks_SAJuice_IBoost Energy Lift Juice Chilled | 1L,Boost Energy Lift Juice Chilled | 1L,Boost,Drinks,Juice,Chilled juice,,$6.20,,,$6.20 per 1L,4866812,"Boost Energy Lift Juice is a blend of pear, orange, mango, pineapple, and apple, perfect as a refreshing drink to go with your meals or for during an afternoon break.
It has the tastiest infusions, deliciously thirst-quenching for everyone to enjoy.",,,"Per 100g/ml
Per Serving
%DI
Energy
197kJ
394kJ
Protein
0.4g
0.8g
Total Fat
<0.1g
<0.1g
Saturated Fat
<0.1g
<0.1g
Carbohydrate
10.8g
21.6g
Sugars
10g
20g
Vitamin A
100ug
200ug
25%
Sodium
<1mg
<1mg
Vitamin C
50mg
100mg
250%
Dietary Fibre (total)
0.7g
1.4g
* Percentage Daily Intakes are based on an average adult diet of 8700 kJ. Your daily intakes may be higher or lower depending on your energy needs.",,https://www.coles.com.au/product/boost-energy-lift-juice-chilled-1l-4866812,,,2024-06-16T11:31:35.028950-04:00
Ind53SColes_ADrinks_SAJuice_IRemedy Shot Immune Plus | 60mL,Remedy Shot Immune Plus | 60mL,Remedy,Drinks,Juice,Chilled juice,,$2.50,,$3.50,$41.67 per 1L,4471440,"Your daily multivitamin just got a glow up! With Vitamin A, C and B6, Remedy Immune+ is the perfect friend to have on standby in the pantry, the fridge or your handbag when you've had one too many nights on the wines (we ain't judgin'), work is kickin' your butt, or you just need that extra immune boost. Remedy Shots are:
No sugar, for real
All Natural
Certified Organic
Full of flavour
Vegan
Gluten Free
A-Ok in or out of the fridge",,,"Per 100g/ml
Per Serving
%DI
Energy
18kJ
11kJ
Protein
<1g
<1g
Total Fat
<1g
<1g
Saturated Fat
<1g
<1g
Carbohydrate
<1g
<1g
Sugars
0g
0g
Vitamin A
125mg
75mg
10%
Sodium
<5mg
<5mg
Vitamin C
17mg
10mg
25%
Dietary Fibre (total)
<1g
<1g
Vitamin B6
0.3mg
0.2mg
11%
* Percentage Daily Intakes are based on an average adult diet of 8700 kJ. Your daily intakes may be higher or lower depending on your energy needs.",,https://www.coles.com.au/product/remedy-shot-immune-plus-60ml-4471440,,,2024-06-16T11:31:46.954497-04:00
Ind53SColes_ADrinks_SAJuice_IGolden Circle Apple & Mango Juice No Added Sugar Fruit Juices | 2L,Golden Circle Apple & Mango Juice No Added Sugar Fruit Juices | 2L,Golden Circle,Drinks,Juice,Plastic juice bottles,,$3.50,,$4.80,$1.75 per 1L,5487547,"A mix of two summer flavours in one, Golden Circle Apple Mango Juice is the perfect drink for backyard barbecues and birthday parties. Made with no added sugar, this juice is sure to be a summertime staple in any household. Golden Circle Apple Mango Juice contains no artificial colours, flavours or preservatives. A great mix of two fruit flavours, apple and mango, this juice is perfect to enjoy on hot days. Golden Circle, Share the Sunshine.
No added sugar

No artificial colours, flavours or preservatives

Delicious on its own, in smoothies, and in desserts

Served chilled

Good source of Vitamin C",,,"Per 100g/ml
Per Serving
%DI
Energy
215 kJ
430 kJ
Protein
0.2 g
0.4 g
Total Fat
0.1 g
0.2 g
Saturated Fat
0 g
0 g
Carbohydrate
11.9 g
23.8 g
Sugars
11.8 g
23.6 g
Sodium
8 mg
16 mg
Vitamin C
40 mg
80 mg (200% RDI*)
Dietary Fibre (total)
0.3 g
0.6 g
* Percentage Daily Intakes are based on an average adult diet of 8700 kJ. Your daily intakes may be higher or lower depending on your energy needs.",,https://www.coles.com.au/product/golden-circle-apple-and-mango-juice-no-added-sugar-fruit-juices-2l-5487547,,,2024-06-16T11:31:57.983585-04:00
Ind53SColes_ADrinks_SAJuice_IImpressed Essentials Green Supreme | 1L,Impressed Essentials Green Supreme | 1L,Impressed,Drinks,Juice,Chilled juice,,$4.80,,,$4.80 per 1L,4864410,"Impressed Juices are cold pressed from the freshest produce.
Each juice contains Aussie-grown fresh vegetables, fruits and herbs which we carefully cold press and bottle locally resulting in full flavoured and irresistibly aromatic fresh juice.
Cold pressed juice
Fresh Australian produce
Cold pressurised for freshness
Naturally nutritious
Vibrant and fresh
For our full range of products & more, visit our website www.impressedlife.com.au and follow us @impressedlife",,,"Per 100g/ml
Per Serving
%DI
Energy
223kJ
556kJ
Protein
0.4g
1g
Total Fat
<0.1g
<0.1g
Saturated Fat
<0.1g
<0.1g
Carbohydrate
12.7g
31.8g
Sugars
11g
27.5g
Sodium
5mg
13mg
* Percentage Daily Intakes are based on an average adult diet of 8700 kJ. Your daily intakes may be higher or lower depending on your energy needs.",,https://www.coles.com.au/product/impressed-essentials-green-supreme-1l-4864410,,,2024-06-16T11:32:09.653517-04:00
Ind53SColes_ADrinks_SAJuice_IJust Juice Apple Juice Multipack 200mL | 6 pack,Just Juice Apple Juice Multipack 200mL | 6 pack,Just Juice,Drinks,Juice,Multi pack juice,,$5.50,,$6.30,$4.58 per 1L,8147115,"No added sugar
- High in Vitamin C
- No Preservatives
- No Artificial Colours or Flavours
- 1 Serve of Fruit per 125mL (as part of a balanced intake, fruit juice can be a serve of fruit (Australian Dietary Guidelines)).
No Added Sugar

High in Vitamin C

No Preservatives

No Artificial Colours

No Artifical Flavours

1 serve of fruit per 125mL of fruit Juice as part of a balanced diet.",,,"Per 100g/ml
Per Serving
%DI
Energy
184kJ
368kJ
4%
Protein
<1.0g
<1.0g
<1%
Total Fat
<1.0g
<1.0g
<1%
Saturated Fat
0.0g
0.0g
0%
Carbohydrate
10.5g
21.0g
7%
Sugars
10.1g
20.2g
22%
Sodium
8mg
16mg
1%
Vitamin C
10mg
20mg
50% RDI#
Dietary Fibre (total)
0.1g
0.2g
1%
* Percentage Daily Intakes are based on an average adult diet of 8700 kJ. Your daily intakes may be higher or lower depending on your energy needs.",,https://www.coles.com.au/product/just-juice-apple-juice-multipack-200ml-6-pack-8147115,,,2024-06-16T11:32:21.129449-04:00
Ind53SColes_ADrinks_SAJuice_IGolden Circle Mango Nectar | 2L,Golden Circle Mango Nectar | 2L,Golden Circle,Drinks,Juice,Plastic juice bottles,,$3.50,,$4.80,$1.75 per 1L,7796225,"Reminisce on days spent in the sunshine with Golden Circle Mango Nectar. This nectar is made with no artificial colours, flavours or preservatives and brings bright and sweet flavour to smoothies, desserts and even savoury recipes. Golden Circle Mango Nectar saves you time in the kitchen, adding mango flavour to sauces, curries, smoothies and desserts with no preparation needed. A good source of vitamin C, Golden Circle Mango Nectar is a summertime barbecue staple. Try blending with frozen banana and pineapple for a tropical smoothie, or using this sweet nectar as a marinade for chicken or pork. Golden Circle, Share the Sunshine.
No artificial colours, flavours or preservatives

Serve chilled

Great in smoothies and mocktails

Adds a sweet flavour hit to savoury recipes

Good source of vitamin C",,,"Per 100g/ml
Per Serving
%DI
Energy
240 kJ
480 kJ
Protein
0.1 g
0.2 g
Total Fat
0.1 g
0.2 g
Saturated Fat
0 g
0 g
Carbohydrate
13.3 g
26.6 g
Sugars
13.0 g
26.0 g
Sodium
11 mg
22 mg
Vitamin C
15 mg
30 mg (75% RDI*)
* Percentage Daily Intakes are based on an average adult diet of 8700 kJ. Your daily intakes may be higher or lower depending on your energy needs.",,https://www.coles.com.au/product/golden-circle-mango-nectar-2l-7796225,,,2024-06-16T11:32:32.696017-04:00
Ind53SColes_ADrinks_SAJuice_IGolden Circle Refreshers Tropical Sunrise Flavoured Water Drink 250mL | 6 pack,Golden Circle Refreshers Tropical Sunrise Flavoured Water Drink 250mL | 6 pack,Golden Circle,Drinks,Juice,Multi pack juice,,$5.80,Pick any 2 for $8,,$3.87 per 1L,5633729,"Low sugar, Golden Circle Refreshers Tropical Sunrise is the perfect ready-to-drink option for cooling off on hot days. Enjoy chilled or in a glass over ice cubes. Golden Circle Refreshers Tropical Sunrise is a refreshing mix of still water, fruit juice and delicious tropical flavours. It contains no artificial colours or flavours and no preservatives. Keep it in your fridge for entertaining or take it on the go to enjoy at work or outdoors.
Convenient on-the-go size

Bright tropical flavours

Low sugar

No artificial colours, flavours or preservatives

Serve chilled for a refreshing taste",,,"Per 100g/ml
Per Serving
%DI
Energy
50kJ
125kJ
Protein
0g
0g
Total Fat
0g
0g
Saturated Fat
0g
0g
Carbohydrate
2.4g
6.0g
Sugars
2.3g
5.8g
Sodium
10mg
25mg
Dietary Fibre (total)
0.1g
0.3g
* Percentage Daily Intakes are based on an average adult diet of 8700 kJ. Your daily intakes may be higher or lower depending on your energy needs.",,https://www.coles.com.au/product/golden-circle-refreshers-tropical-sunrise-flavoured-water-drink-250ml-6-pack-5633729,,,2024-06-16T11:32:43.490588-04:00
Ind53SColes_ADrinks_SAJuice_IColes Apple & Raspberry Fruit Drink Multipack 250mL | 6 pack,Coles Apple & Raspberry Fruit Drink Multipack 250mL | 6 pack,Coles,Drinks,Juice,Multi pack juice,,$3.50,,,$2.33 per 1L,2535596,No Artificial Sweeteners35% Fruit Juice,,,"Per 100g/ml
Per Serving
%DI
Energy
152.4
381
Protein
LESS THAN 1g
LESS THAN 1g
1
Total Fat
LESS THAN 1g
LESS THAN 1g
0
Carbohydrate
8.6
21.5
7
Sugars
8.1
20.25
Sodium
LESS THAN 5mg
8
0
Saturated
0.1
0.25
Energy (Cal)
36.46
91.15
Fat
0.1
0.25
Dietary Fibre (total)
0.1
0.25
* Percentage Daily Intakes are based on an average adult diet of 8700 kJ. Your daily intakes may be higher or lower depending on your energy needs.",,https://www.coles.com.au/product/coles-apple-and-raspberry-fruit-drink-multipack-250ml-6-pack-2535596,,,2024-06-16T11:32:55.406088-04:00
Ind53SColes_ADrinks_SAJuice_ILo Bros Kombucha Raspberry & Blackcurrant | 750mL,Lo Bros Kombucha Raspberry & Blackcurrant | 750mL,Lo Bros,Drinks,Juice,Chilled juice,,$7.70,Pick any 2 for $9,,$10.27 per 1L,5786082,"Flavours of ripened raspberries combined with the sweetness of blackcurrants make this the most brilliantly refreshing combo that literally can't get any better.
It's time to rethink your drink! Lo Bros brews better-for-you drinks using a little process we like to call the Cycle of Doin' Good. It kicks off with old-school fermentation and know-how using the best organic ingredients, then transforms those bad old sugars into tasty drinks and positive change.
Naturally low in sugar, bubbling with millions of living cultures, bursting with refreshing feel good flavour & giving the planet a helping hand too.",,,"Per 100g/ml
Per Serving
%DI
Energy
<40kJ
40kJ
Protein
<1g
<1g
Total Fat
<1g
<1g
Saturated Fat
<1g
<1g
Carbohydrate
0.3g
0.8g
Sugars
0.3g
0.8g
Sodium
<5mg
<5mg
Dietary Fibre (total)
<1g
<1g
* Percentage Daily Intakes are based on an average adult diet of 8700 kJ. Your daily intakes may be higher or lower depending on your energy needs.","Kombucha (Filtered Water, Kombucha Culture, Black Tea, Green Tea, Raw Sugar), Sweeteners (Naturally Fermented Glucose (Erythritol), Stevia Leaf (Steviol Glycosides)), Apple Cider Vinegar, Acacia Fibre, Natural Flavour (Raspberry, Blackcurrant), Black Carrot Concentrate, Probiotics.*Certified Organic Ingredient",https://www.coles.com.au/product/lo-bros-kombucha-raspberry-and-blackcurrant-750ml-5786082,,,2024-06-16T11:33:06.648459-04:00
Ind53SColes_ADrinks_SAJuice_IMildura Sunrise Orange And Mango Fruit Drink | 3L,Mildura Sunrise Orange And Mango Fruit Drink | 3L,Mildura,Drinks,Juice,Chilled juice,,$5.80,,,$1.93 per 1L,1418178,"Midura Refreshing Fruit Drink is aussie owned and loved. 

Available in a convenient 3L family sized bottle, a glass of delicious and vibrant juice drink is a refreshing addition to your day!

Proudly packed in NSW and QLD by and for the Bega Group using local and imported ingredients. The local ingredients are sourced Australia wide.
With real fruit juice

Family sized pack

Easy to pour, resealable pack

Delicious and full flavoured

Refreshing drink

Manufactured in Australia.

Packed in Australia from at least 84% Australian ingredients.",,,"Per 100g/ml
Per Serving
%DI
Energy
159kJ
318kJ
4.0%
Protein
<1g
<1g
<1%
Total Fat
0.0g
0.0g
0.0%
Saturated Fat
0.0g
0.0g
0.0%
Carbohydrate
9.2g
18.4g
6.0%
Sugars
8.8g
17.6g
20.0%
Sodium
8mg
16mg
1.0%
* Percentage Daily Intakes are based on an average adult diet of 8700 kJ. Your daily intakes may be higher or lower depending on your energy needs.",,https://www.coles.com.au/product/mildura-sunrise-orange-and-mango-fruit-drink-3l-1418178,,,2024-06-16T12:19:23.745199-04:00
Ind53SColes_ADrinks_SA_IPrima Apple Fruit Drink Multipack 200mL | 6 pack,Prima Apple Fruit Drink Multipack 200mL | 6 pack,Prima,Drinks,,,,$4.10,,,"$3.42 per 1L
Was $4.60 on Apr 2024",3529792,"Enjoy Prima Apple 200mL on the go or at home. As an accompaniment to lunch or an afternoon pick me up! With no preservatives or artificial colours or flavours. Available in a 6 pack of 200mL juice boxes.
20% fruit juice

No added sugar

No preservatives

No artificial colour

No artificial flavours

Convenient pack size.

6 x 200mL Packs.",,,"Per 100g/ml
Per Serving
%DI
Energy
84kJ
168kJ
Protein
0.0g
0.0g
Total Fat
0.0g
0.0g
Saturated Fat
0.0g
0.0g
Carbohydrate
4.9g
9.8g
Sugars
2.0g
4.0g
Sodium
2mg
4mg
Dietary Fibre (total)
0.0g
0.0g
* Percentage Daily Intakes are based on an average adult diet of 8700 kJ. Your daily intakes may be higher or lower depending on your energy needs.",,https://www.coles.com.au/product/prima-apple-fruit-drink-multipack-200ml-6-pack-3529792,,,2024-06-16T12:19:35.377721-04:00
Ind53SColes_ADrinks_SAJuice_IJust Juice Apple Blackcurrant Juice Multipack 200mL | 6 pack,Just Juice Apple Blackcurrant Juice Multipack 200mL | 6 pack,Just Juice,Drinks,Juice,Multi pack juice,,$5.50,,$6.30,$4.58 per 1L,5001248,"No added sugar
- High in Vitamin C
- No Preservatives
- No Artificial Colours or Flavours
- 1 Serve of Fruit per 125mL (as part of a balanced intake, fruit juice can be a serve of fruit (Australian Dietary Guidelines)).
No Added Sugar

High in Vitamin C

No Preservatives

No Artificial Colours

No Artificial Flavours

Convenient 1L pack.",,,"Per 100g/ml
Per Serving
%DI
Energy
185kJ
370kJ
4%
Protein
<1.0g
<1.0g
<1%
Total Fat
<1.0g
<1.0g
<1%
Saturated Fat
0.0g
0.0g
0%
Carbohydrate
10.5g
21.0g
7%
Sugars
10.1g
10.2g
22%
Sodium
8mg
16mg
1%
Vitamin C
10mg
20.0mg
50% RDI#
Dietary Fibre (total)
0.1
0.2g
1%
* Percentage Daily Intakes are based on an average adult diet of 8700 kJ. Your daily intakes may be higher or lower depending on your energy needs.",,https://www.coles.com.au/product/just-juice-apple-blackcurrant-juice-multipack-200ml-6-pack-5001248,,,2024-06-16T12:19:48.062965-04:00
Ind53SColes_ADrinks_SAJuice_ILo Bros Kombucha Pineapple Lime | 330mL,Lo Bros Kombucha Pineapple Lime | 330mL,Lo Bros,Drinks,Juice,Chilled juice,,$3.20,,$4.20,$9.70 per 1L,4474390,"We've taken the joy of summerand bottled it. The fresh taste of pineapple with a splash of lime, lightly sparkling, naturally sweet and full of living cultures - it's so tasty you'd run a mile on hot sand to get one! It's time to rethink your drink! Lo Bros brews better-for-you drinks using a little process we like to call the Cycle of Doin' Good. It kicks off with old-school fermentation and know-how using the best organic ingredients, then transforms those bad old sugars into tasty drinks and positive change. Naturally low in sugar, bubbling with millions of living cultures, bursting with refreshing feel good flavour & giving the planet a helping hand too.",,,"Per 100g/ml
Per Serving
%DI
Energy
<40kJ
<40kJ
Protein
<1g
<1g
Total Fat
<1g
<1g
Saturated Fat
<1g
<1g
Carbohydrate
0.3g
1g
Sugars
0.3g
1g
Sodium
<5mg
<5mg
Dietary Fibre (total)
<1g
<1g
* Percentage Daily Intakes are based on an average adult diet of 8700 kJ. Your daily intakes may be higher or lower depending on your energy needs.",,https://www.coles.com.au/product/lo-bros-kombucha-pineapple-lime-330ml-4474390,,,2024-06-16T12:19:59.212001-04:00
Ind53SColes_ADrinks_SAJuice_IFruit Co Juice Plus + Apple Banana Mango | 2L,Fruit Co Juice Plus + Apple Banana Mango | 2L,Fruit Co,Drinks,Juice,Plastic juice bottles,,$3.50,,,$1.75 per 1L,3752272,"Made from 99% Juice and enriched with the goodness of Vitamin C and Fibre, FruitCo Juice is the perfect juice for any occasion. FruitCo Juice comes in a convenient and ergonomic 2L PET grip bottle.",,,"Per 100g/ml
Per Serving
%DI
Energy
187kJ
468kJ
5%
Protein
<1g
<1g
1%
Total Fat
<1g
<1g
1%
Saturated Fat
<1g
<1g
1%
Carbohydrate
11g
27.5g
9%
Sugars
10.7g
26.8g
30%
Sodium
5mg
13mg
1%
Vitamin C
10mg
25mg
0%
Dietary Fibre (total)
<1g
<1g
8%
* Percentage Daily Intakes are based on an average adult diet of 8700 kJ. Your daily intakes may be higher or lower depending on your energy needs.",,https://www.coles.com.au/product/fruit-co-juice-plus-+-apple-banana-mango-2l-3752272,,,2024-06-16T12:20:11.144214-04:00
Ind53SColes_ADrinks_SAJuice_IOriginal Black Label Cloudy Apple & Pear Juice | 1.5L,Original Black Label Cloudy Apple & Pear Juice | 1.5L,Original,Drinks,Juice,Chilled juice,,$6.50,,,$4.33 per 1L,7863763,,,,,,https://www.coles.com.au/product/original-black-label-cloudy-apple-and-pear-juice-1.5l-7863763,,,2024-06-16T12:20:19.944277-04:00
Ind53SColes_ADrinks_SAJuice_ISunraysia Pouch 99.9% Tropical Juice | 200mL,Sunraysia Pouch 99.9% Tropical Juice | 200mL,Sunraysia,Drinks,Juice,Plastic juice bottles,,$1.50,Pick any 5 for $5.30,,$7.50 per 1L,4159112,"Sunraysia pouches are a wholesome great tasting range of juices with added sugar, no artificial colours, flavours or preservatives. Available in a convenient, durable 200ml single serve pouch that won't split or break. Also great frozen or as a slushie - the perfect addition to any lunchbox.
- 100% Natural.
- Non genetically modified.
- Nothing Artificial.
- No added sugars or preservatives.
- Good Source of Vitamin C.
- 99.9 % Juice.
- BPA Free.
100% Natural

1 Serve of Fruit*

Good Source of Vitamin C

99.9 % Juice, no added sugar

Non genetically modified

Vegetarian & Vegan Friendly.

No artificial colours, flavours or preservatives.

Great Frozen.",,,"Per 100g/ml
Per Serving
%DI
Energy
201kJ
402kJ
Protein
0.1g
0.2g
Total Fat
0.0g
0.0g
Saturated Fat
0.0g
0.0g
Carbohydrate
11.7g
23.4g
Sugars
11.3g
22.6g
Sodium
9mg
18mg
Vitamin C
15mg
30mg
75% RDI#
Energy (Cal)
47Cal
94Cal
Trans
0.0g
0.0g
* Percentage Daily Intakes are based on an average adult diet of 8700 kJ. Your daily intakes may be higher or lower depending on your energy needs.",,https://www.coles.com.au/product/sunraysia-pouch-99.9percent-tropical-juice-200ml-4159112,,,2024-06-16T12:20:30.840793-04:00
Ind53SColes_ADrinks_SAJuice_ISunraysia Pomegranate Juice | 1L,Sunraysia Pomegranate Juice | 1L,Sunraysia,Drinks,Juice,Glass juice bottles,,$5.50,,$6.50,$5.50 per 1L,2531992,"All Natural.

Nothing Artificial. 

Potassium to Nourish Your Nervous System. This superfruit is a source of potassium, which is one of the essential elements to keep your nervous system happy - ensuring all the messages for actions like muscle movement, heart function and digestion get around the body, keeping you on top of your game.

100% Juice

All Natural

Naturally Contains Potassium

No added sugar

No Artificial Colours

No artificial Flavours.",,,,100% Reconstituted Pomegranate Juice.,https://www.coles.com.au/product/sunraysia-pomegranate-juice-1l-2531992,,,2024-06-16T12:20:39.786784-04:00
Ind53SColes_ADrinks_SAJuice_ISunraysia Prune Juice Bottle | 1L,Sunraysia Prune Juice Bottle | 1L,Sunraysia,Drinks,Juice,Glass juice bottles,,$5.50,,$6.50,$5.50 per 1L,1386118,"All Natural.

Nothing artificial. 

Put the Spring Back in Your Step!

Prunes are a well-known remedy for keeping your digestive system running at its best; potassium, which contributes to normal nervous system function and iron which contributes to normal cognitive function. Like good wine, our prune juices vary from season to season - as it's all natural!
100% Juice

All Natural

Source of Iron

Source of Fibre, Gut Health Boost

Naturally contains potassium

No added sugar.

No Artificial Colours.

No artificial Flavours.",,,"Per 100g/ml
Per Serving
%DI
Energy
272kJ
680kJ
Protein
0.0g
0.0g
Total Fat
0.0g
0.0g
Saturated Fat
0.0g
0.0g
Carbohydrate
15.3g
38.3g
Sugars
8.0g
20.0g
Sodium
13mg
33mg
Energy (Cal)
65Cal
162Cal
Dietary Fibre (total)
1.0g
2.5g
Iron
1.2mg
3.0mg
Potassium
270mg
675mg
Trans
0.0g
0.0g
* Percentage Daily Intakes are based on an average adult diet of 8700 kJ. Your daily intakes may be higher or lower depending on your energy needs.",,https://www.coles.com.au/product/sunraysia-prune-juice-bottle-1l-1386118,,,2024-06-16T12:20:50.713158-04:00
Ind53SColes_ADrinks_SAJuice_INudie Tropical Breakfast Juice | 1L,Nudie Tropical Breakfast Juice | 1L,Nudie,Drinks,Juice,Chilled juice,,$6.00,,,$6.00 per 1L,7016541,,,,,,https://www.coles.com.au/product/nudie-tropical-breakfast-juice-1l-7016541,,,2024-06-16T12:20:59.220769-04:00
Ind53SColes_ADrinks_SAJuice_IRemedy Kombucha Passionfruit | 330mL,Remedy Kombucha Passionfruit | 330mL,Remedy,Drinks,Juice,Chilled juice,,$4.30,,,$13.03 per 1L,3905227,"This delicious mango passion drink is true to fruit, fresh as with all natural flavour. Smooth and sweet (minus the sugar) with a hint of passionfruit tang. This Remedy Kombucha flavour will make your mouth water  it's ripe and ready. Remedy Kombucha contains:
No Sugar, for real
All Natural
Certified Organic
Low on Caloriesl
Vegan
Gluten Free",,,"Per 100g/ml
Per Serving
%DI
Energy
12kJ
40kJ
Protein
<1g
<1g
Total Fat
<1g
<1g
Saturated Fat
<1g
<1g
Carbohydrate
<1g
<1g
Sugars
0g
0g
Sodium
<5mg
<5mg
Dietary Fibre (total)
<1g
<1g
* Percentage Daily Intakes are based on an average adult diet of 8700 kJ. Your daily intakes may be higher or lower depending on your energy needs.",,https://www.coles.com.au/product/remedy-kombucha-passionfruit-330ml-3905227,,,2024-06-16T12:21:09.934033-04:00
Ind53SColes_ADrinks_SAJuice_IColes Simply Orange Mango Fruit Drink 20% | 2L,Coles Simply Orange Mango Fruit Drink 20% | 2L,Coles,Drinks,Juice,Chilled juice,,$2.30,,,$1.15 per 1L,7430369,,,,"Per 100g/ml
Per Serving
%DI
Energy
175.58
438.95
Protein
0.09
0.23
Carbohydrate
10.00
25.00
Sugars
9.50
23.75
Sodium
0.10
0.25
Saturated
0.09
0.23
Energy (Cal)
42.00
105.01
Fat
0.09
0.23
Dietary Fibre (total)
0.09
0.23
* Percentage Daily Intakes are based on an average adult diet of 8700 kJ. Your daily intakes may be higher or lower depending on your energy needs.",,https://www.coles.com.au/product/coles-simply-orange-mango-fruit-drink-20percent-2l-7430369,,,2024-06-16T12:21:20.728011-04:00
Ind53SColes_ADrinks_SA_IColes Apple & Blackcurrant Juice | 2L,Coles Apple & Blackcurrant Juice | 2L,Coles,Drinks,,,,$2.80,,,$1.40 per 1L,2531529,Coles 2L Apple and Blackcurrant juice. Made with no added sugar and is a good source of vitamin C,,,"Per 100g/ml
Per Serving
%DI
Energy
190.54
476.35
Protein
0.09
0.23
Carbohydrate
10.50
26.25
Sugars
9.60
24.00
Sodium
7.00
17.50
Saturated
0.09
0.23
Vitamin C
10.00
25.00
Energy (Cal)
45.58
113.96
Fat
0.07
0.18
Dietary Fibre (total)
0.99
2.48
* Percentage Daily Intakes are based on an average adult diet of 8700 kJ. Your daily intakes may be higher or lower depending on your energy needs.",,https://www.coles.com.au/product/coles-apple-and-blackcurrant-juice-2l-2531529,,,2024-06-16T12:21:31.355520-04:00
Ind53SColes_ADrinks_SAJuice_ISunraysia Cranberry Juice Bottle | 250mL,Sunraysia Cranberry Juice Bottle | 250mL,Sunraysia,Drinks,Juice,Glass juice bottles,,$2.25,,$2.85,$9.00 per 1L,5533473,"SUPER FRUIT. That's what Cranberries are, because of all the natural nutrients they contain called antioxidants. There are around 85 of the little red berries crammed into every 250mL bottle! Feel super both inside and out - with the juice from asuper fruit and no bitter aftertaste!

Australian Family owned since 1985.
30% Juice content
Naturally contains vitamin C
No nasties added
No artificial colours
No artificial flavours
No preservatives.",,,"Per 100g/ml
Per Serving
%DI
Energy
235kJ
588kJ
Protein
0.0g
0.0g
Total Fat
0.0g
0.0g
Saturated Fat
0.0g
0.0g
Carbohydrate
13.7g
34.3g
Sugars
12.2g
30.5g
Sodium
5mg
13mg
Vitamin C
30mg
75mg
Energy (Cal)
56Cal
140Cal
Trans
0.0g
0.0g
* Percentage Daily Intakes are based on an average adult diet of 8700 kJ. Your daily intakes may be higher or lower depending on your energy needs.",,https://www.coles.com.au/product/sunraysia-cranberry-juice-bottle-250ml-5533473,,,2024-06-16T12:21:42.631984-04:00
Ind53SColes_ADrinks_SAJuice_IEastcoast Beverages Orange Juice Pulp Free Chilled | 2L,Eastcoast Beverages Orange Juice Pulp Free Chilled | 2L,Eastcoast Beverages,Drinks,Juice,Chilled juice,,$6.60,,,$3.30 per 1L,7342057,"Locally, here on the Central Coast of NSW, Australia, we are best known as a supplier of fresh citrus fruit juices. There are the bartender's favourites - our 100% pure lemon and 100% lime juices plus our divine orange and grapefruit juices from our Central Coast orchards. Our fresh orange juice couldn't taste any better if you'd picked the fruit from the tree yourself! Importantly, our citrus juices never contain concentrate.Additionally, Eastcoast Juices supply a whole range of beverages, blended and bottled at Kulnura, and sourced mostly from Australian fruit. Favourites include our guava fruit drink and country style lemonade",,,"Per 100g/ml
Per Serving
%DI
Energy
120kJ
240kJ
Protein
0.8g
1.6g
Total Fat
0g
0g
Saturated Fat
0g
0g
Carbohydrate
5.4g
10.8g
Sugars
5.4g
10.8g
Sodium
2mg
4mg
* Percentage Daily Intakes are based on an average adult diet of 8700 kJ. Your daily intakes may be higher or lower depending on your energy needs.",,https://www.coles.com.au/product/eastcoast-beverages-orange-juice-pulp-free-chilled-2l-7342057,,,2024-06-16T12:21:53.425609-04:00
Ind53SColes_ADrinks_SAJuice_IGolden Circle 100% Juice Tropical | 2L,Golden Circle 100% Juice Tropical | 2L,Golden Circle,Drinks,Juice,Plastic juice bottles,,$3.50,,$4.80,$1.75 per 1L,5487558,"This tropical combination of flavours is great for any time of the day. Enjoy a glass of Golden Circle Tropical Juice with breakfast, or freeze into ice blocks for an afternoon cool down treat. Golden Circle Tropical Juice contains no added sugar and is made with no artificial colours, flavours or preservatives. Serve chilled with a glass of ice or mix with refrigerated sparkling water for a summertime punch. Golden Circle, Share the Sunshine.
No added sugar

No artificial colours or flavours

No preservatives

Served chilled

Delicious on its own or with savoury snacks and meals",,,"Per 100g/ml
Per Serving
%DI
Energy
190 kJ
380 kJ
Protein
0.1 g
0.2 g
Total Fat
0 g
0 g
Saturated Fat
0 g
0 g
Carbohydrate
10.0 g
20.0 g
Sugars
9.0 g
18.0 g
Sodium
11 mg
22 mg
Vitamin C
40 mg
80 mg (200% RDI*)
Dietary Fibre (total)
0.4 g
0.8 g
* Percentage Daily Intakes are based on an average adult diet of 8700 kJ. Your daily intakes may be higher or lower depending on your energy needs.",,https://www.coles.com.au/product/golden-circle-100percent-juice-tropical-2l-5487558,,,2024-06-16T12:22:04.680897-04:00
Ind53SColes_ADrinks_SAJuice_INudie Nothing But Juice Orange Pulp Free | 400mL,Nudie Nothing But Juice Orange Pulp Free | 400mL,Nudie,Drinks,Juice,Chilled juice,,$3.90,,,$9.75 per 1L,3893489,"It's not easy to concentrate, which is why we avoid it at all costs. But some juicers looove to concentrate so much, they use it in their juice! Concentrate is a kind of cryogenically frozen juice that's brought back to life years later by adding water, flavour, sugar and other stuff. Eww! That's why we made nothing but; good, simple, fruit juice - no preservatives, no additives, just Aussie fruit. And because we love to support local farmers and growers - we will always only use Australian oranges, right from our own backyard. What good could we do beyond the juice fridge? creatorsofgood@nudie.com.au
100% Australian fruit & veg

No added sugar

No preservatives

No artificial flavours

No concentrates",,,,,https://www.coles.com.au/product/nudie-nothing-but-juice-orange-pulp-free-400ml-3893489,,,2024-06-16T12:22:13.402868-04:00
Ind53SColes_ADrinks_SAJuice_INudie Tropical Breakfast Juice Chilled | 2L,Nudie Tropical Breakfast Juice Chilled | 2L,Nudie,Drinks,Juice,Chilled juice,,$8.00,,,$4.00 per 1L,1011975,"Naming your newborn is never easy.Unless of course they're made of fruit. Naming nudie was actually a reasonably straightforward job. We needed something that said it was blended fruit and nothing else. When 'naked fruit' was deemed too saucy, someone suggested 'nudie'. We liked the idea of answering the phone welcome to nudie and the URL was (inexplicably) available so nudie was named! We created some characters and the nudie label was ready to be popped onto bottles for fruit fans far and wide. We did good that day. Got any good you've created today? creatorsofgood@nudie.com.au
No added sugar

No preservatives

No artificial flavours

No concentrates",,,"Per 100g/ml
Per Serving
%DI
Energy
201kJ
502kJ
Protein
Less than 1g
1g
Total Fat
Less than 1g
Less than 1g
Saturated Fat
Less than 1g
Less than 1g
Carbohydrate
11.4g
28.5g
Sugars
9.0g
22.5g
Sodium
Less than 5mg
Less than 5mg
Vitamin C
20mg
Dietary Fibre (total)
Less than 1g
Less than 1g
* Percentage Daily Intakes are based on an average adult diet of 8700 kJ. Your daily intakes may be higher or lower depending on your energy needs.",,https://www.coles.com.au/product/nudie-tropical-breakfast-juice-chilled-2l-1011975,,,2024-06-16T12:22:24.063257-04:00
Ind53SColes_ADrinks_SAJuice_ICampbell's V8 Breakfast Juice Box 250mL | 3 pack,Campbell's V8 Breakfast Juice Box 250mL | 3 pack,Campbells,Drinks,Juice,Multi pack juice,,$4.00,,$4.50,$5.33 per 1L,1165301,"V8 Breakfast juice is a healthy antioxidant boost. This apple, pineapple, orange and carrot juice contains vitamins. Take one of these perfectly sized lunchbox drinks with your packed lunch to enjoy anywhere. Share this multipack of fruit and vegetable juices with a friend for a healthy morning pick-me-up. Or if you're short on time, it's the perfect ambient juice for an on-the-go afternoon top up. Grab yourself a V8 fuel up!
No artificial flavours or colours
No added preservatives or added sugar
Source of vitamin A and antioxidant vitamin C",,,"Per 100g/ml
Per Serving
%DI
Energy
204kJ
510kJ
0
Protein
0.4g
1.0g
0
Total Fat
0.1g
0.1g
0
Saturated Fat
<0.1g
<0.1g
0
Carbohydrate
11.4g
28.4g
0
Sugars
9.8g
24.5g
0
Vitamin A
75ug
188ug
Sodium
19mg
47mg
0
Monounsaturated
0
0
0
Vitamin C
2mg
16mg
Energy (Cal)
49Cal
122Cal
0
Dietary Fibre (total)
0.2g
0.5g
0
Polyunsaturated
0
0
0
Trans
0
0
0
* Percentage Daily Intakes are based on an average adult diet of 8700 kJ. Your daily intakes may be higher or lower depending on your energy needs.",,https://www.coles.com.au/product/campbell's-v8-breakfast-juice-box-250ml-3-pack-1165301,,,2024-06-16T12:22:35.586601-04:00
Ind53SColes_ADrinks_SAJuice_IEastcoast Berverage Apple Blackcurrant Juice | 400mL,Eastcoast Berverage Apple Blackcurrant Juice | 400mL,Eastcoast Berverage,Drinks,Juice,Chilled juice,,$2.60,,$2.95,$6.50 per 1L,7017395,No added sugar,,,"Per 100g/ml
Per Serving
%DI
Energy
83.6kJ
167kJ
Protein
0g
0g
Total Fat
0g
0g
Saturated Fat
0g
0g
Carbohydrate
4.5g
9.1g
Sugars
4.5g
8.9g
Sodium
5mg
9mg
* Percentage Daily Intakes are based on an average adult diet of 8700 kJ. Your daily intakes may be higher or lower depending on your energy needs.",,https://www.coles.com.au/product/eastcoast-berverage-apple-blackcurrant-juice-400ml-7017395,,,2024-06-16T12:22:46.272727-04:00
Ind53SColes_ADrinks_SAJuice_IColes F&V Juice Gut Goodness | 1L,Coles F&V Juice Gut Goodness | 1L,Coles,Drinks,Juice,Plastic juice bottles,,$2.90,,,$2.90 per 1L,6604431,"With prebiotic fibre for gut health 4 Serves of fruit & veg in every bottle Sweet Potato, Apple, Carrot & Spinach Juice No Added Sugar",,,"Per 100g/ml
Per Serving
%DI
Energy
193.60
484.00
Protein
0.50
1.25
Carbohydrate
10.20
25.50
Sugars
8.50
21.25
Soluble Fibre
1.00
2.50
Sodium
48.00
120.00
Saturated
0.00
0.00
Vitamin C
20.00
50.00
Energy (Cal)
46.32
115.79
Fat
0.10
0.25
Dietary Fibre (total)
1.00
2.50
* Percentage Daily Intakes are based on an average adult diet of 8700 kJ. Your daily intakes may be higher or lower depending on your energy needs.",,https://www.coles.com.au/product/coles-fandv-juice-gut-goodness-1l-6604431,,,2024-06-16T12:22:57.089972-04:00
Ind53SColes_ADrinks_SAJuice_IOcean Spray Pure Cranberry Juice | 1L,Ocean Spray Pure Cranberry Juice | 1L,Ocean Spray,Drinks,Juice,Plastic juice bottles,,$8.00,,,$8.00 per 1L,6764653,"Enjoy the powerful taste of 100% unsweetened cranberries, loaded with antioxidants to help cleanse & purify your body. Boost your daily smoothie, sparkling water or enjoy as a daily shot!",,,"Per 100g/ml
Per Serving
%DI
Energy
118kJ
295kJ
Protein
0g
0g
Total Fat
0g
0g
Saturated Fat
0g
0g
Carbohydrate
4.5g
11.3g
Sugars
3.9g
9.8g
Sodium
11mg
28mg
Potassium
74mg
185mg
* Percentage Daily Intakes are based on an average adult diet of 8700 kJ. Your daily intakes may be higher or lower depending on your energy needs.",,https://www.coles.com.au/product/ocean-spray-pure-cranberry-juice-1l-6764653,,,2024-06-16T12:23:07.888108-04:00
Ind53SColes_ADrinks_SAJuice_IThe Juice Lab Wellness Shot Immunity | 60mL,The Juice Lab Wellness Shot Immunity | 60mL,The Juice Lab,Drinks,Juice,Chilled juice,,$2.50,,$3.50,$41.67 per 1L,3960746,Need an immune boost? I'm packing serious citrus which makes me naturally high in Vitamin C and antioxidants. Just what your immune system needs to stay healthy and strong!,,,"Per 100g/ml
Per Serving
%DI
Energy
132kJ
79kJ
Protein
<1g
<1g
Total Fat
<1g
<1g
Saturated Fat
<1g
<1g
Carbohydrate
6.5g
3.9g
Sugars
6g
3.6g
Sodium
8mg
5mg
Vitamin C
133mg
80mg
200%
Dietary Fibre (total)
<1g
<1g
* Percentage Daily Intakes are based on an average adult diet of 8700 kJ. Your daily intakes may be higher or lower depending on your energy needs.",,https://www.coles.com.au/product/the-juice-lab-wellness-shot-immunity-60ml-3960746,,,2024-06-16T12:23:18.586829-04:00
Ind53SColes_ADrinks_SAStationery & media_IExpo Whiteboard Markers Fine Tip | 8 pack,Expo Whiteboard Markers Fine Tip | 8 pack,Expo,Drinks,Stationery & media,Stationery,,$10.80,,$18.00,$1.35 per 1ea,3887329,"Fine tip assorted whiteboard markers are suitable for everyday office, home and school use. 8 pack.",,,,,https://www.coles.com.au/product/expo-whiteboard-markers-fine-tip-8-pack-3887329,,,2024-06-16T12:23:27.129916-04:00
Ind53SColes_ADrinks_SAJuice_INudie Carrot Apple Orange & Ginger Juice Chilled | 2L,Nudie Carrot Apple Orange & Ginger Juice Chilled | 2L,Nudie,Drinks,Juice,Chilled juice,,$7.00,,$8.50,$3.50 per 1L,3118313,"Waltz into a fancy pants blend of five-star deliciousness. with double the goodness to boast about, you'll feel like serving these juice from a golden platter (we won't mind if you do!).
Made with 100% real fruit and veg

No added sugar

No preservatives

No artificial flavours

100% Australian Fruit and Veg",,,"Per 100g/ml
Per Serving
%DI
Energy
172kJ
430kJ
Protein
Less than 1g
1.0g
Total Fat
Less than 1g
Less than 1g
Saturated Fat
Less than 1g
Less than 1g
Carbohydrate
9.3g
23.3g
Sugars
8.1g
20.2g
Sodium
33mg
83mg
Dietary Fibre (total)
Less than 1g
1g
Potassium
100mg
250mg
* Percentage Daily Intakes are based on an average adult diet of 8700 kJ. Your daily intakes may be higher or lower depending on your energy needs.",,https://www.coles.com.au/product/nudie-carrot-apple-orange-and-ginger-juice-chilled-2l-3118313,,,2024-06-16T12:23:37.874525-04:00
Ind53SColes_ADrinks_SAJuice_IImpressed Cold Pressed Juice Limited Edition | 1L,Impressed Cold Pressed Juice Limited Edition | 1L,Impressed,Drinks,Juice,Chilled juice,,$5.00,,$5.50,$5.00 per 1L,7018354,"Savour the refreshing blend of pineapple, apple, lemon and cucumber, combined with the zing of ginger and the zest of lime. This is a limited batch so get in quick!",,,"Per 100g/ml
Per Serving
%DI
Energy
177kJ
442kJ
Protein
0.2g
0.5g
Total Fat
<0.1g
<0.1g
Saturated Fat
<0.1g
<0.1g
Carbohydrate
10.2g
25.5g
Sugars
9.1g
22.7g
Sodium
1mg
3mg
* Percentage Daily Intakes are based on an average adult diet of 8700 kJ. Your daily intakes may be higher or lower depending on your energy needs.",,https://www.coles.com.au/product/impressed-cold-pressed-juice-limited-edition-1l-7018354,,,2024-06-16T12:23:49.281739-04:00
Ind53SColes_ADrinks_SAJuice_INudie Nothing But Apple Juice | 3L,Nudie Nothing But Apple Juice | 3L,Nudie,Drinks,Juice,Chilled juice,,$10.00,,,$3.33 per 1L,3184704,"Our mission: To create good. Simple enough, but where do you start? We got going on our local juice aisle. It was 2003 and we couldn't find ANY juices free from concentrates, preservatives, colours or artificial flavours. So we decided to create good ourselves, blending fruit (and only fruit) and bottling it up for lovers of legitimate fruity goodness. Since then, we've created good with Aussie farmers, local communities, charities and sports teams. When the opportunity to create good arises, so do we! Mission Accomplish-ing. Got some good you want to see created? Tell us! creatorsofgood@nudie.com.au
100% Australian fruit
No added sugar
No preservatives
No artificial flavours
No concentrates",,,"Per 100g/ml
Per Serving
%DI
Energy
211kJ
528kJ
Protein
Less than 1g
Less than 1g
Total Fat
Less than 1g
Less than 1g
Saturated Fat
Less than 1g
Less than 1g
Carbohydrate
12.3g
30.7g
Sugars
10.8g
27g
Sodium
Less than 5mg
Less than 5mg
Dietary Fibre (total)
Less than 1g
Less than 1g
* Percentage Daily Intakes are based on an average adult diet of 8700 kJ. Your daily intakes may be higher or lower depending on your energy needs.",,https://www.coles.com.au/product/nudie-nothing-but-apple-juice-3l-3184704,,,2024-06-16T12:24:00.272885-04:00
Ind53SColes_ADrinks_SAJuice_IPop Tops Apple Blackcurrant Fruit Drink 30% Juice Poppers Multipack Lunch Box Bottles 250mL X 6 Pack | 6 pack,Pop Tops Apple Blackcurrant Fruit Drink 30% Juice Poppers Multipack Lunch Box Bottles 250mL X 6 Pack | 6 pack,Pop Tops,Drinks,Juice,Multi pack juice,,$5.90,,,$3.93 per 1L,8147374,"Pop Tops Fruit Drink Apple Blackcurrant contains 30% fruit juice with no preservatives, no artificial colours, flavours and sweeteners.
30% Fruit Juice

No Preservatives

No Artificial Colours, Flavours or Sweeteners",,,"Per 100g/ml
Per Serving
%DI
Energy
112kJ
280kJ
3%
Protein
<1.0g
<1.0g
<1%
Total Fat
<1.0g
<1.0g
<1%
Saturated Fat
0.0g
0.0g
0%
Carbohydrate
6.2g
15.5g
5%
Sugars
6.1g
15.3g
17%
Sodium
3mg
8mg
<1%
Dietary Fibre (total)
<1.0g
<1.0g
<1%
* Percentage Daily Intakes are based on an average adult diet of 8700 kJ. Your daily intakes may be higher or lower depending on your energy needs.",,https://www.coles.com.au/product/pop-tops-apple-blackcurrant-fruit-drink-30percent-juice-poppers-multipack-lunch-box-bottles-250ml-x-6-pack-6-pack-8147374,,,2024-06-16T12:24:11.125234-04:00
Ind53SColes_ADrinks_SAJuice_IPrima Apple Raspberry Fruit Drink Multipack 200mL | 6 pack,Prima Apple Raspberry Fruit Drink Multipack 200mL | 6 pack,Prima,Drinks,Juice,Multi pack juice,,$4.10,,,"$3.42 per 1L
Was $4.60 on Apr 2024",6631831,"Enjoy Prima Apple Raspberry 200mL on the go or at home. As an accompaniment to lunch or an afternoon pick me up! With no preservatives or artificial colours or flavours. Available in a 6 pack of 200mL juice boxes.
20% fruit juice

No preservatives

No artificial colour

No artifical flavours

Convenient pack size

6 x 200mL Packs.",,,"Per 100g/ml
Per Serving
%DI
Energy
161kJ
322kJ
Protein
0.0g
0.0g
Total Fat
0.0g
0.0g
Saturated Fat
0.0g
0.0g
Carbohydrate
9.4g
18.8g
Sugars
8.9g
17.8g
Sodium
8mg
16mg
* Percentage Daily Intakes are based on an average adult diet of 8700 kJ. Your daily intakes may be higher or lower depending on your energy needs.",,https://www.coles.com.au/product/prima-apple-raspberry-fruit-drink-multipack-200ml-6-pack-6631831,,,2024-06-16T12:24:21.960089-04:00
Ind53SColes_ADrinks_SAJuice_IGolden Circle Refreshers Island Punch 6x250mL | 6 pack,Golden Circle Refreshers Island Punch 6x250mL | 6 pack,Golden Circle,Drinks,Juice,Multi pack juice,,$5.80,Pick any 2 for $8,,$5.80 per 1L,6823606,"Low sugar, Golden Circle Refreshers Island Punch is an excellent ready-to-drink option for cooling off on hot days. Enjoy chilled or in a glass over ice cubes. Golden Circle Refreshers Island Punch is a refreshing mix of still water, fruit juice and delicious mango, peach & lychee flavours. It contains no artificial colours or flavours and no preservatives. Keep it in your fridge for entertaining or take it on the go to enjoy at work or outdoors.
Convenient on-the-go size

Mango, Peach & Lychee Flavours

Low sugar

No artificial colours, flavours or preservatives

Serve chilled for a refreshing taste",,,"Per 100g/ml
Per Serving
%DI
Energy
45KJ
115kJ
Protein
0.1g
0.3g
Total Fat
0g
0g
Saturated Fat
0g
0g
Carbohydrate
2.4g
6.0g
Sugars
2.3g
5.8g
Sodium
9mg
23mg
Dietary Fibre (total)
0.1g
0.3g
* Percentage Daily Intakes are based on an average adult diet of 8700 kJ. Your daily intakes may be higher or lower depending on your energy needs.",,https://www.coles.com.au/product/golden-circle-refreshers-island-punch-6x250ml-6-pack-6823606,,,2024-06-16T12:24:33.082909-04:00
Ind53SColes_ADrinks_SAJuice_IGolden Circle Refreshers Berry Burst Flavoured Water Drink 250mL | 6 pack,Golden Circle Refreshers Berry Burst Flavoured Water Drink 250mL | 6 pack,Golden Circle,Drinks,Juice,Multi pack juice,,$5.80,Pick any 2 for $8,,$3.87 per 1L,5633718,"Golden Circle Refreshers Berry Burst brings an exciting and new blend of fruity flavours. Perfect for cooling off on those hot summer days. Low sugar, with no artificial colours, flavours or preservatives., Golden Circle Refreshers Berry Burst is the perfect drink option to serve to any crowd. It's a delicious blend of still water,fruit juice and berry flavours. Best served chilled.
Convenient on-the-go size

Refreshing berry flavours

Low sugar

No artificial flavours or colours

No preservatives",,,"Per 100g/ml
Per Serving
%DI
Energy
50kJ
125kJ
Protein
0g
0g
Total Fat
0g
0g
Saturated Fat
0g
0g
Carbohydrate
2.4g
6.0g
Sugars
2.4g
6.0g
Sodium
10mg
25mg
Dietary Fibre (total)
0.1g
0.3g
* Percentage Daily Intakes are based on an average adult diet of 8700 kJ. Your daily intakes may be higher or lower depending on your energy needs.",,https://www.coles.com.au/product/golden-circle-refreshers-berry-burst-flavoured-water-drink-250ml-6-pack-5633718,,,2024-06-16T12:24:44.039318-04:00
Ind53SColes_ADrinks_SAJuice_IColes Apple & Blackcurrant Fruit Drink Multipack 250mL | 6 Pack,Coles Apple & Blackcurrant Fruit Drink Multipack 250mL | 6 Pack,Coles,Drinks,Juice,Multi pack juice,,$3.50,,,$2.33 per 1L,2535563,No Artificial Sweeteners35% Fruit Juice,,,"Per 100g/ml
Per Serving
%DI
Energy
152.4
381
Protein
0.1
0.25
Carbohydrate
8.6
21.5
Sugars
8.1
20.25
Sodium
3
7.5
Saturated
0.1
0.25
Energy (Cal)
36.46
91.15
Fat
0.1
0.25
Dietary Fibre (total)
0.1
0.25
* Percentage Daily Intakes are based on an average adult diet of 8700 kJ. Your daily intakes may be higher or lower depending on your energy needs.",,https://www.coles.com.au/product/coles-apple-and-blackcurrant-fruit-drink-multipack-250ml-6-pack-2535563,,,2024-06-16T12:24:54.949432-04:00
Ind53SColes_ADrinks_SAJuice_INudie Apples Oranges & Mangoes Juice Chilled | 2L,Nudie Apples Oranges & Mangoes Juice Chilled | 2L,Nudie,Drinks,Juice,Chilled juice,,$8.00,,,$4.00 per 1L,1423101,"The night of May 27, 2004 was a sad one for nudie.
We watched on helplessly as a fire burnt down our factory full of fruit, juice and jobs. Some brave firemen (to whom we're eternally grateful) managed to save the shell of nudie HQ, but the inside was as gutted as we were. A dire nudie drought followed and fans were left to lick at the leftovers on their lids for six long weeks. But heads, hearts and hands combined and nudie rose triumphantly from the embers to blend fruit once more.
Are you a fireman? Pop into nudie HQ to say hi (we will give you a free nudie)!
No added sugar

No preservatives

No artificial flavours

No concentrates",,,"Per 100g/ml
Per Serving
%DI
Energy
213kJ
533kJ
Protein
Less than 1g
Less than 1g
Total Fat
Less than 1g
Less than 1g
Saturated Fat
Less than 1g
Less than 1g
Carbohydrate
12.3g
30.7g
Sugars
8.9g
22.2g
Sodium
Less than 5mg
Less than 5mg
Dietary Fibre (total)
Less than 1g
Less than 1g
* Percentage Daily Intakes are based on an average adult diet of 8700 kJ. Your daily intakes may be higher or lower depending on your energy needs.",,https://www.coles.com.au/product/nudie-apples-oranges-and-mangoes-juice-chilled-2l-1423101,,,2024-06-16T12:25:05.707936-04:00
Ind53SColes_ADrinks_SAJuice_IImpressed Essentials Green Supreme | 1L,Impressed Essentials Green Supreme | 1L,Impressed,Drinks,Juice,Chilled juice,,$4.80,,,$4.80 per 1L,4864410,"Impressed Juices are cold pressed from the freshest produce.
Each juice contains Aussie-grown fresh vegetables, fruits and herbs which we carefully cold press and bottle locally resulting in full flavoured and irresistibly aromatic fresh juice.
Cold pressed juice
Fresh Australian produce
Cold pressurised for freshness
Naturally nutritious
Vibrant and fresh
For our full range of products & more, visit our website www.impressedlife.com.au and follow us @impressedlife",,,"Per 100g/ml
Per Serving
%DI
Energy
223kJ
556kJ
Protein
0.4g
1g
Total Fat
<0.1g
<0.1g
Saturated Fat
<0.1g
<0.1g
Carbohydrate
12.7g
31.8g
Sugars
11g
27.5g
Sodium
5mg
13mg
* Percentage Daily Intakes are based on an average adult diet of 8700 kJ. Your daily intakes may be higher or lower depending on your energy needs.",,https://www.coles.com.au/product/impressed-essentials-green-supreme-1l-4864410,,,2024-06-16T12:25:16.872399-04:00
Ind53SColes_ADrinks_SAJuice_IYoufoodz Youjuice Blue Tropics | 350mL,Youfoodz Youjuice Blue Tropics | 350mL,Youfoodz,Drinks,Juice,Chilled juice,,$4.00,,,$11.43 per 1L,6284148,"A vibrant blend of blue spirulina extract & coconut water with tropical fruits including guava, lime, passionfruit, apple & pear. 

Blue Spirulina is a trending functional ingredient that's naturally supercharged with health-boosting nutrients and antioxidants. This potent plant-based superfood is known to support total body vitality by boosting protein intake, aiding digestion and reducing inflammation.

Squeezed full of real Aussie-grown fruit with no added sugar and no artificial colours, flavours, or preservatives.",,,"Per 100g/ml
Per Serving
%DI
Energy
180kJ
631kJ
Protein
Less than 1g
Less than 1g
Total Fat
Less than 1g
Less than 1g
Saturated Fat
Less than 1g
Less than 1g
Carbohydrate
10.4g
36.5g
Sugars
7.9g
27.6g
Sodium
7mg
25mg
Energy (Cal)
43Cal
151Cal
* Percentage Daily Intakes are based on an average adult diet of 8700 kJ. Your daily intakes may be higher or lower depending on your energy needs.","Apple Juice (45%), Pear Juice (30%), Coconut Water (18%), Guava Puree Concentrate (5%), Passionfruit Juice (1%), Lime Juice (0.5%), Colour (Gardenia Extract), Antioxidant (Ascorbic Acid), Spirulina Blue Extract (0.02%) (Acidity Regulator (331)).",https://www.coles.com.au/product/youfoodz-youjuice-blue-tropics-350ml-6284148,,,2024-06-16T12:25:27.565248-04:00
Ind53SColes_ADrinks_SA_IPreshafruit Lite Juice Apple | 2L,Preshafruit Lite Juice Apple | 2L,Preshafruit,Drinks,,,,$7.70,,,$3.85 per 1L,1418804,"Preshafruit Cold Pressed Pink Lady Apple Juice 2L. Sweet. Balanced. Bold taste.Break the seal and smell the aroma.Its light, its fragrant, its Pink Ladies.The taste is pure. Serve from a chilled bottle or over ice.",,,"Per 100g/ml
Per Serving
%DI
Saturated
<0.1g
<0.1g
* Percentage Daily Intakes are based on an average adult diet of 8700 kJ. Your daily intakes may be higher or lower depending on your energy needs.",,https://www.coles.com.au/product/preshafruit-lite-juice-apple-2l-1418804,,,2024-06-16T12:25:39.547990-04:00
Ind53SColes_ADrinks_SAJuice_ILo Bros Organic Lemon Lime and Bitters Soda Chilled | 330mL,Lo Bros Organic Lemon Lime and Bitters Soda Chilled | 330mL,Lo Bros,Drinks,Juice,Chilled juice,,$3.20,,$4.20,$9.70 per 1L,3214838,"Our live fermented Lemon, Lime & Bitters is made by blending kombucha, raw apple cider vinegar with aromatic bitters made from botanical herb, spice and citrus extracts.
We use traditional fermentation processes to create enzymes and convert natural sugars into beneficial acids. The resulting drink delivers a classic Lemon, Lime & Bitters taste with millions of probiotic bacteria and is naturally low in sugar.",,,"Per 100g/ml
Per Serving
%DI
Energy
<40kJ
<40kJ
Protein
<1g
<1g
Total Fat
<1g
<1g
Saturated Fat
<1g
<1g
Carbohydrate
0.3g
1g
Sugars
0.3g
1g
Sodium
<5mg
<5mg
Dietary Fibre (total)
<1g
<1g
* Percentage Daily Intakes are based on an average adult diet of 8700 kJ. Your daily intakes may be higher or lower depending on your energy needs.",,https://www.coles.com.au/product/lo-bros-organic-lemon-lime-and-bitters-soda-chilled-330ml-3214838,,,2024-06-16T12:25:50.444411-04:00
Ind53SColes_ADrinks_SAJuice_IBoost Energy Lift Juice Chilled | 1L,Boost Energy Lift Juice Chilled | 1L,Boost,Drinks,Juice,Chilled juice,,$6.20,,,$6.20 per 1L,4866812,"Boost Energy Lift Juice is a blend of pear, orange, mango, pineapple, and apple, perfect as a refreshing drink to go with your meals or for during an afternoon break.
It has the tastiest infusions, deliciously thirst-quenching for everyone to enjoy.",,,"Per 100g/ml
Per Serving
%DI
Energy
197kJ
394kJ
Protein
0.4g
0.8g
Total Fat
<0.1g
<0.1g
Saturated Fat
<0.1g
<0.1g
Carbohydrate
10.8g
21.6g
Sugars
10g
20g
Vitamin A
100ug
200ug
25%
Sodium
<1mg
<1mg
Vitamin C
50mg
100mg
250%
Dietary Fibre (total)
0.7g
1.4g
* Percentage Daily Intakes are based on an average adult diet of 8700 kJ. Your daily intakes may be higher or lower depending on your energy needs.",,https://www.coles.com.au/product/boost-energy-lift-juice-chilled-1l-4866812,,,2024-06-16T12:26:01.273784-04:00
Ind53SColes_ADrinks_SA_IApple Grove Sparkling 750ml | 750mL,Apple Grove Sparkling 750ml | 750mL,Apple Grove,Drinks,,,,$2.90,,,$3.87 per 1L,4753587,"Apple Grove is a deliciously crisp, sparkling apple juice made with natural ingredients. No Added Sugar, No Preservatives, Natural Flavours, No Colours.",,,"Per 100g/ml
Per Serving
%DI
Energy
184kJ
460kJ
5%
Protein
0.4g
1g
2%
Total Fat
<1g
<1g
1%
Saturated Fat
<1g
<1g
4%
Carbohydrate
10.7g
26.8g
9%
Sugars
9.6g
24g
27%
Sodium
3mg
8mg
0.30%
Dietary Fibre (total)
<1g
<3g
3%
* Percentage Daily Intakes are based on an average adult diet of 8700 kJ. Your daily intakes may be higher or lower depending on your energy needs.",,https://www.coles.com.au/product/apple-grove-sparkling-750ml-750ml-4753587,,,2024-06-16T12:26:12.349673-04:00
Ind53SColes_ADrinks_SAJuice_IMildura Orange And Passionfruit Drink | 500mL,Mildura Orange And Passionfruit Drink | 500mL,Mildura,Drinks,Juice,Chilled juice,,$2.50,,$2.80,$5.00 per 1L,2478867,"Midura Refreshing Fruit Drink is aussie owned and loved. 

Available in a convenient 500ml bottle, a glass of delicious and vibrant fruit drink is a refreshing addition to your day!

Proudly packed in NSW and QLD by and for the Bega Group using local and imported ingredients. The local ingredients are sourced Australia wide.
With fruit juice

Perfect to drink on the go

Easy to pour, resealable pack

Delicious and full flavoured

Refreshing drink

Manufactured in Australia.",,,"Per 100g/ml
Per Serving
%DI
Energy
163kJ
815kJ
9.0%
Protein
0.1g
0.5g
1.0%
Total Fat
0g
0g
0.0%
Saturated Fat
0g
0g
0.0%
Carbohydrate
9.4g
47g
15.0%
Sugars
8.9g
44.5g
49.0%
Sodium
2.5mg
12.5mg
1.0%
* Percentage Daily Intakes are based on an average adult diet of 8700 kJ. Your daily intakes may be higher or lower depending on your energy needs.",,https://www.coles.com.au/product/mildura-orange-and-passionfruit-drink-500ml-2478867,,,2024-06-16T12:26:23.316967-04:00
Ind53SColes_ADrinks_SAJuice_ICampbells V8 Power Blend Prebiotics Juice Pine Orange | 1.25L,Campbells V8 Power Blend Prebiotics Juice Pine Orange | 1.25L,Campbells,Drinks,Juice,Plastic juice bottles,,$4.80,,$6.00,$3.84 per 1L,7219516,"Refreshingly delicious, V8 Prebiotic Pine Orange  gives you the benefits of blended fruit and veggies, as well as added fibre to support gut health in one drink. Enjoy for breakfast or bring to work for a nutritious drink. This healthy juice is a source of  Vitamin C, contains no added sugar and provides 2 serves of vegetables per 250mL serve. 

V8 Prebiotic Pine Orange is a delicious and refreshing blend of juicy orange, pineapple and pear with carrot and sweet potato. It also contains added fibre to support gut health. Increase your fruit and veg intake with every sip whilst also supporting a healthy gut.
Source of fibre to support gut health
No added sugar
Source of Vitamin C
Plant Based
2  serves of veg per 250ml serve
No Added Preservatives, no artificial flavours, no artificial colours",,,"Per 100g/ml
Per Serving
%DI
Energy
222kJ
554kJ
0
Protein
0.5g
1.1g
0
Total Fat
0.1g
0.1g
0
Saturated Fat
<0.1g
0.1g
0
Carbohydrate
11.8g
29.5g
0
Sugars
9.9g
24.8g
0
Sodium
47mg
119mg
0
Monounsaturated
0
0
0
Vitamin C
6mg
15mg
Energy (Cal)
53Cal
132Cal
0
Dietary Fibre (total)
1.4g
3.5g
0
Polyunsaturated
0
0
0
Trans
0
0
0
* Percentage Daily Intakes are based on an average adult diet of 8700 kJ. Your daily intakes may be higher or lower depending on your energy needs.",,https://www.coles.com.au/product/campbells-v8-power-blend-prebiotics-juice-pine-orange-1.25l-7219516,,,2024-06-16T12:26:34.056054-04:00
Ind53SColes_ADrinks_SABeverages_IRemedy Kombucha Ginger & Lemon | 750mL,Remedy Kombucha Ginger & Lemon | 750mL,Remedy,Drinks,Beverages,Water & juices,,$5.90,,,"$7.87 per 1L
Was $7.50 on May 2024",2746966,"A classic with a twist. A no-sugar, guilt-free take on ginger beer. Hot and sour, fiery and tangy, made with natural ingredients, Remedy Kombucha Ginger Lemon is the perfect tummy-tamer. Fresh ginger adds warmth and spice, while real lemon adds a citrus spark. Remedy Kombucha contains:
No Sugar, for real
All Natural
Certified Organic
Low on Caloriesl
Vegan
Gluten Free",,,"Per 100g/ml
Per Serving
%DI
Energy
12kJ
40kJ
Protein
<1g
<1g
Total Fat
<1g
<1g
Saturated Fat
<1g
<1g
Carbohydrate
<2g
<1g
Sugars
0g
0g
Sodium
<5mg
<5mg
Dietary Fibre (total)
<1g
<1g
* Percentage Daily Intakes are based on an average adult diet of 8700 kJ. Your daily intakes may be higher or lower depending on your energy needs.",,https://www.coles.com.au/product/remedy-kombucha-ginger-and-lemon-750ml-2746966,,,2024-06-16T12:26:44.885294-04:00
Ind53SColes_ADrinks_SAJuice_IGolden Circle 100% Juice Orange | 2L,Golden Circle 100% Juice Orange | 2L,Golden Circle,Drinks,Juice,Plastic juice bottles,,$4.80,,,$2.40 per 1L,5487445,"Enjoy the delicious taste of oranges with Golden Circle Orange Juice. Made with no added sugar, Golden Circle Orange Juice is a great way to start off your day. Satisfy your craving for the taste of oranges with Golden Circle Orange Juice. This delightful juice is made with no added sugar, making it a great way to start your day. With no preservatives and no artificial colors or flavors, Golden Circle Orange Juice is a good source of Vitamin C. Enjoy it chilled in a glass with ice on a hot summer's day to keep your whole family refreshed. You can also add this juice to a fruity punch, blend it into your favorite fruit smoothies, or even mix it into a salad dressing to add a burst of citrus flavor. As part of the Golden Circle brand, this juice represents the essence of sharing and spreading sunshine. So, indulge in the delicious taste of Golden Circle Orange Juice and let it brighten up your day.
No added sugar

No artificial colours, flavours or preservatives

Delicious on its own or blended into a smoothie

Served chilled

Good source of vitamin C",,,"Per 100g/ml
Per Serving
%DI
Energy
175 kJ
350 kJ
Protein
0.5 g
1.0 g
Total Fat
0.1 g
0.2 g
Saturated Fat
0 g
0 g
Carbohydrate
9.3 g
18.6 g
Sugars
7.6 g
15.2 g
Sodium
8 mg
16 mg
Vitamin C
40 mg
80 mg (200% RDI*)
Dietary Fibre (total)
0.2 g
0.4 g
* Percentage Daily Intakes are based on an average adult diet of 8700 kJ. Your daily intakes may be higher or lower depending on your energy needs.",,https://www.coles.com.au/product/golden-circle-100percent-juice-orange-2l-5487445,,,2024-06-16T12:26:55.693761-04:00
Ind53SColes_ADrinks_SAJuice_IDaily Juice Orange Mango Nas | 500mL,Daily Juice Orange Mango Nas | 500mL,Daily Juice,Drinks,Juice,Chilled juice,,$3.00,,,$6.00 per 1L,7365336,"With great flavour, no added sugar and packed in a convenient 500ml bottle, Daily Juice Orange Mango Juice is the ideal 'on-the-go' pick me up to support your busy lifestyle!

Recharge with Vitamin C, which supports energy and reduces feelings of tiredness and fatigue when consumed as part of a balanced diet. 

Proudly Australian owned, made and loved. 

Contains fresh, reconstituted and from time to time, cold-stored juice. 
No Added Sugar

With Vitamin C

1 serve of fruit per 125mL of fruit Juice as part of a balanced diet

Perfect for breakfast or as a refreshment/snack",,,"Per 100g/ml
Per Serving
%DI
Energy
172kJ
860kJ
10.00%
Protein
0.6g
3.0g
6.00%
Total Fat
<1.0g
<1.0g
<1%
Saturated Fat
0.0g
0.0g
0.00%
Carbohydrate
9.1g
45.5g
15.00%
Sugars
8.4g
42.0g
47.00%
Sodium
2.0mg
10.0mg
<1%
Vitamin C
45mg
225mg
Energy (Cal)
41Cal
205Cal
Dietary Fibre (total)
0.3g
1.5g
5.00%
* Percentage Daily Intakes are based on an average adult diet of 8700 kJ. Your daily intakes may be higher or lower depending on your energy needs.",,https://www.coles.com.au/product/daily-juice-orange-mango-nas-500ml-7365336,,,2024-06-16T12:27:06.456602-04:00
Ind53SColes_ADrinks_SAColes Finest_IColes Finest Cloudy Apple Juice | 500mL,Coles Finest Cloudy Apple Juice | 500mL,Coles,Drinks,Coles Finest,Fruit & Fruit Juice,,$2.40,,,$4.80 per 1L,1013948,Refreshing Coles 500mL Australian Cloudy Apple Juice. Made with 100% Australian apples and no added sugar. Perfect for a beverage on the go.,,,"Per 100g/ml
Per Serving
%DI
Energy
211.82
529.55
Protein
0.20
0.50
Carbohydrate
12.00
30.00
Sugars
11.10
27.75
Sodium
3.30
8.25
Saturated
0.09
0.23
Energy (Cal)
50.67
126.69
Fat
0.10
0.25
Dietary Fibre (total)
0.09
0.23
* Percentage Daily Intakes are based on an average adult diet of 8700 kJ. Your daily intakes may be higher or lower depending on your energy needs.","INGREDIENTS: Apple Juice (99.9%), Antioxidant (300).",https://www.coles.com.au/product/coles-finest-cloudy-apple-juice-500ml-1013948,,,2024-06-16T12:27:17.550614-04:00
Ind53SColes_ADrinks_SAJuice_ICampbell's V8 Tropical Juice | 1.25L,Campbell's V8 Tropical Juice | 1.25L,Campbells,Drinks,Juice,Plastic juice bottles,,$5.50,,,$4.40 per 1L,1165378,"Refreshingly delicious, V8 Juice Tropical gives you the benefits of blended fruit and veggies in one drink. Enjoy for breakfast or bring to school or work for a nutritious drink to enjoy on breaks. This healthy juice gives you a source of Vitamin A and antioxidant Vitamin C in a quick, easy way. Also available in 300ml and 3x250ml varieties.
A mix of apple, pineapple, passionfruit and carrot.
Packed in a large 1.25L bottle
No artificial flavours, colours or added preservatives
No added sugar
Source of Vitamin A and antioxidant Vitamin C 1 serve of fruit & 1 serve of veg er 250ml serve",,,"Per 100g/ml
Per Serving
%DI
Energy
184kJ
459kJ
0
Protein
0.4g
1.0g
0
Total Fat
0.1g
0.2g
0
Saturated Fat
<0.1g
0.1g
0
Carbohydrate
10.0g
25.1g
0
Sugars
8.6g
21.4g
0
Vitamin A
75ug
188ug
Sodium
22mg
54mg
0
Monounsaturated
0
0
0
Vitamin C
2mg
4mg
Energy (Cal)
44Cal
110Cal
0
Dietary Fibre (total)
0.4g
0.9g
0
Polyunsaturated
0
0
0
Trans
0
0
0
* Percentage Daily Intakes are based on an average adult diet of 8700 kJ. Your daily intakes may be higher or lower depending on your energy needs.",,https://www.coles.com.au/product/campbell's-v8-tropical-juice-1.25l-1165378,,,2024-06-16T12:27:28.694281-04:00
Ind53SColes_ADrinks_SAJuice_IThe Juice Brothers Tropical Juice | 1L,The Juice Brothers Tropical Juice | 1L,The Juice Brothers,Drinks,Juice,Chilled juice,,$5.00,,,$5.00 per 1L,7829244,"Extraordinary tasting juice that cares? You're holding it!

Our orange juice is squeezed rather than crushed to preserve the fruit peels. Our orange, apple and pear fruit peels (including the seeds and cores) are reused as local animal feed.

We're also owned, grown and squeezed right here in Australia because we love what we do and want to keep it local.

No added sugar, just natural sweetness of fruit.",,,"Per 100g/ml
Per Serving
%DI
Energy
179kJ
358kJ
4%
Protein
0.4g
0.8g
2%
Total Fat
<1.0g
<1.0g
<1%
Saturated Fat
0.0g
0.0g
0.00%
Carbohydrate
9.9g
19.8g
6%
Sugars
9.4g
18.8g
21%
Sodium
1mg
2mg
<1%
Monounsaturated
0
0
0
Vitamin C
20mg
40mg
Energy (Cal)
43Cal
86Cal
0
Dietary Fibre (total)
0.7g
1.4g
5%
Polyunsaturated
0
0
0
Potassium
110mg
220mg
0
Trans
0
0
0
* Percentage Daily Intakes are based on an average adult diet of 8700 kJ. Your daily intakes may be higher or lower depending on your energy needs.",,https://www.coles.com.au/product/the-juice-brothers-tropical-juice-1l-7829244,,,2024-06-16T12:27:39.553635-04:00
Ind53SColes_ADrinks_SAJuice_IPrima Tropical Fruit Drink Multipack 200mL | 6 pack,Prima Tropical Fruit Drink Multipack 200mL | 6 pack,Prima,Drinks,Juice,Multi pack juice,,$4.10,,,"$3.42 per 1L
Was $4.60 on Apr 2024",6631875,"Enjoy Prima Tropical 200mL on the go or at home. As an accompaniment to lunch or an afternoon pick me up! With no preservatives or artificial colours or flavours. Available in a 6 pack of 200mL juice boxes.
20% fruit juice

No preservatives

No artificial colour

No artifical flavours

Convenient pack size

6 x 200mL Packs.",,,"Per 100g/ml
Per Serving
%DI
Energy
164kJ
328kJ
Protein
0.1g
0.2g
Total Fat
0.0g
0.0g
Saturated Fat
0.0g
0.0g
Carbohydrate
9.5g
19.0g
Sugars
9.0g
18.0g
Sodium
8mg
16mg
* Percentage Daily Intakes are based on an average adult diet of 8700 kJ. Your daily intakes may be higher or lower depending on your energy needs.",,https://www.coles.com.au/product/prima-tropical-fruit-drink-multipack-200ml-6-pack-6631875,,,2024-06-16T12:27:50.550511-04:00
Ind53SColes_ADrinks_SAJuice_IImpressed Essentials Berry Bliss | 1L,Impressed Essentials Berry Bliss | 1L,Impressed,Drinks,Juice,Chilled juice,,$4.80,,,$4.80 per 1L,5626326,"Simple and delicious pressed juice crafted with nothing but 100% local Aussie fruit.
Each juice contains Aussie-grown fresh fruits which we carefully pressed and bottle locally resulting in full flavoured and irresistibly aromatic fresh juice.
Add a burst of berries to your day with the goodness of 100% Australian strawberries, blueberries and raspberries.
For our full range of products & more, visit our website www.impressedlife.com.au and follow us @impressedlife",,,"Per 100g/ml
Per Serving
%DI
Energy
193kJ
484kJ
Protein
0.4g
1.2g
Total Fat
<0.1g
<0.1g
Saturated Fat
<0.1g
<0.1g
Carbohydrate
27.2g
27.2g
Sugars
10.5g
26.4g
Sodium
4mg
10mg
* Percentage Daily Intakes are based on an average adult diet of 8700 kJ. Your daily intakes may be higher or lower depending on your energy needs.",,https://www.coles.com.au/product/impressed-essentials-berry-bliss-1l-5626326,,,2024-06-16T12:28:01.444532-04:00
Ind53SColes_ADrinks_SAJuice_IOcean Spray Low Sugar Apple Raspberry Pomegrte | 1.5L,Ocean Spray Low Sugar Apple Raspberry Pomegrte | 1.5L,Ocean Spray,Drinks,Juice,Plastic juice bottles,,$6.26,,,$4.17 per 1L,7061535,"Expertly blended Low Sugar Raspberry, Pomegranate & Apple fruit drink, with less than 10 calories per serve, for deliciously fruit refreshment!",,,"Per 100g/ml
Per Serving
%DI
Energy
15kJ
38kJ
Protein
0g
0g
Total Fat
0g
0g
Saturated Fat
0g
0g
Carbohydrate
0.5g
1.2g
Sugars
0.5g
1.2g
Sodium
8mg
20mg
* Percentage Daily Intakes are based on an average adult diet of 8700 kJ. Your daily intakes may be higher or lower depending on your energy needs.",,https://www.coles.com.au/product/ocean-spray-low-sugar-apple-raspberry-pomegrte-1.5l-7061535,,,2024-06-16T12:28:12.409168-04:00
Ind53SColes_ADrinks_SAJuice_IGolden Circle Refreshers Wild Waterfall Flavoured Water Drink 250mL | 6 pack,Golden Circle Refreshers Wild Waterfall Flavoured Water Drink 250mL | 6 pack,Golden Circle,Drinks,Juice,Multi pack juice,,$5.80,Pick any 2 for $8,,$3.87 per 1L,5633682,"Freshen up with the delicious flavours of kiwi and watermelon in the new Golden Circle Refreshers Wild Waterfall. It's perfect to have on hand for entertaining or to take on the go to enjoy at work or outdoors. Low sugar, Golden Circle Refreshers Wild Waterfall is a fun and refreshing drink option that's sure to be a hit with the whole family. It's a tasty mix of still water and fruit juice with refreshing kiwi and watermelon flavours. No artificial colours, flavours or preservatives.
Convenient on-the-go size

Kiwi and watermelon flavours

Low sugar

No artificial colours, flavours or preservatives

Serve chilled for a refreshing taste",,,"Per 100g/ml
Per Serving
%DI
Energy
50kJ
125kJ
Protein
0g
0g
Total Fat
0g
0g
Saturated Fat
0g
0g
Carbohydrate
2.4g
6.0g
Sugars
2.3g
5.8g
Sodium
10mg
25mg
Dietary Fibre (total)
0g
0g
* Percentage Daily Intakes are based on an average adult diet of 8700 kJ. Your daily intakes may be higher or lower depending on your energy needs.",,https://www.coles.com.au/product/golden-circle-refreshers-wild-waterfall-flavoured-water-drink-250ml-6-pack-5633682,,,2024-06-16T12:28:23.328936-04:00
Ind53SColes_ADrinks_SAJuice_IThe Juice Lab Wellness Shot Calm | 60mL,The Juice Lab Wellness Shot Calm | 60mL,The Juice Lab,Drinks,Juice,Chilled juice,,$2.50,,$3.50,$41.67 per 1L,4954578,"I'm specially formulated with all-natural, plant based ingredients to help you feel cool, calm and collected.",,,"Per 100g/ml
Per Serving
%DI
Energy
215kJ
129kJ
Protein
<0.1g
<0.1g
Total Fat
<0.1g
<0.1g
Saturated Fat
<0.1g
<0.1g
Carbohydrate
12.2g
7.3g
Sugars
7.9g
4.7g
Sodium
<5mg
<5mg
* Percentage Daily Intakes are based on an average adult diet of 8700 kJ. Your daily intakes may be higher or lower depending on your energy needs.",,https://www.coles.com.au/product/the-juice-lab-wellness-shot-calm-60ml-4954578,,,2024-06-16T12:28:34.248394-04:00
Ind53SColes_ADrinks_SAJuice_IGolden Circle Sunshine Punch Fruit Drink | 1L,Golden Circle Sunshine Punch Fruit Drink | 1L,Golden Circle,Drinks,Juice,Packs & Pouches,,$2.70,,,$2.70 per 1L,6909461,"Whether you're going camping, to the beach, or on a road trip, you're sure to get thirsty along the way. Golden Circle Sunshine Punch Fruit Drink is here to quench your thirst with a delicious fruit drink made with no artificial colours or flavours. Enjoy a taste of summer in a glass with Golden Circle Sunshine Punch Fruit Drink. Containing no artificial colours, flavours or preservatives, this fruit drink with a good source of vitamin C is full of flavour. Enjoy a glass at any time of the day, bring the carton along on big days out, or use it as a base for fruit punch to keep the whole family smiling. Golden Circle, Share the Sunshine.
No artificial colours, flavours or preservatives

Sunshine Punch fruit drink with flavours including apple or pear, pineapple, orange, passionfruit and peach

Tasty drink to have alongside any meal

A good source of vitamin C

Delicious base for punches and mocktails",,,"Per 100g/ml
Per Serving
%DI
Energy
175kJ
350kJ
Protein
0g
0g
Total Fat
0g
0g
Saturated Fat
0g
0g
Carbohydrate
9.8g
19.6g
Sugars
9.6g
19.2g
Sodium
9mg
18mg
Vitamin C
15 mg
30 mg (75% RDI)*
15 mg
* Percentage Daily Intakes are based on an average adult diet of 8700 kJ. Your daily intakes may be higher or lower depending on your energy needs.","Water, Reconstituted Fruit Juice (25%) [Pear or Apple, Pineapple, Orange, Passionfruit, Peach Puree], Sugar, Food Acids (Citric Acid, Potassium Citrate), Vitamin C, Natural Flavours, Stabiliser (Pectin).",https://www.coles.com.au/product/golden-circle-sunshine-punch-fruit-drink-1l-6909461,,,2024-06-16T12:28:45.044867-04:00
Ind53SColes_ADrinks_SA_IGolden Circle Fruit Drink Pineapple Burst 250mL | 6 pack,Golden Circle Fruit Drink Pineapple Burst 250mL | 6 pack,Golden Circle,Drinks,,,,$5.10,Pick any 2 for $8,,$3.40 per 1L,6823898,"Golden Circle Pineapple Burst Fruit Drink is great for work lunches and on the go. This fruit drink is made with no artificial colours, flavours or preservatives. Golden Circle Pineapple Burst Fruit Drink is a delicious and excellent option for backyard family barbecues. Made with no artificial colours, flavours or preservatives, Golden Circle Pineapple Burst Fruit Drink is even better frozen and a delicious way to stay cool in summer. Golden Circle, Share the Sunshine.
No artificial colours

No artificial flavours

No preservatives

Good source of vitamin C

Perfect size for bringing to picnics and beach trips",,,"Per 100g/ml
Per Serving
%DI
Energy
175 kJ
440 kJ
Protein
0 g
0 g
Total Fat
0 g
0 g
Saturated Fat
0 g
0 g
Carbohydrate
9.6 g
24.0 g
Sugars
9.6 g
24.0 g
Sodium
8 mg
20 mg
Vitamin C
15 mg
37 mg (92% RDI*)
15 mg
* Percentage Daily Intakes are based on an average adult diet of 8700 kJ. Your daily intakes may be higher or lower depending on your energy needs.",,https://www.coles.com.au/product/golden-circle-fruit-drink-pineapple-burst-250ml-6-pack-6823898,,,2024-06-16T12:31:51.963793-04:00
Ind53SColes_ADrinks_SAJuice_IDaily Juice Pulp Free No Added Sugar Orange Juice | 2L,Daily Juice Pulp Free No Added Sugar Orange Juice | 2L,Daily Juice,Drinks,Juice,Chilled juice,,$6.20,,,$3.10 per 1L,5738160,"Daily Juice has been working since 1989 to create great tasting juice, great for the whole family to enjoy! With fruit ripened in the sun and no added sugar, Daily Juice is packed with good stuff to help kick start your day. 

For a delicious kick start to your day, pair a glass of delicious Daily Juice Pulp free Orange Juice with a bowl of delicious and nutritious granola muesli with berries. 

Proudly Australian owned, made and loved. 

Contains fresh, reconstituted and from time to time, cold-stored juice.  
No Added Sugar

5 Star Health rating

With the goodness of Vitamin C

1 serve of fruit per 125mL of fruit Juice as part of a balanced diet

Perfect for breakfast or as a refreshment/snack

Manufactured in Australia.",,,"Per 100g/ml
Per Serving
%DI
Energy
167kJ
334kJ
4%
Protein
0.6g
1.2g
2%
Total Fat
<1.0g
<1.0g
<1%
Saturated Fat
0g
0g
0%
Carbohydrate
8.9g
17.8g
6%
Sugars
8.2g
16.4g
18%
Sodium
2.0mg
4.0mg
<1%
Vitamin C
37mg
74mg
185% RDI*
Energy (Cal)
40Cal
80Cal
Dietary Fibre (total)
0.2g
0.4g
1%
Potassium
180mg
360mg
* Percentage Daily Intakes are based on an average adult diet of 8700 kJ. Your daily intakes may be higher or lower depending on your energy needs.",,https://www.coles.com.au/product/daily-juice-pulp-free-no-added-sugar-orange-juice-2l-5738160,,,2024-06-16T12:32:02.949652-04:00
Ind53SColes_ADrinks_SA_IBickfords 100% Pure Cherry Juice | 1L,Bickfords 100% Pure Cherry Juice | 1L,Bickfords,Drinks,,,,$5.50,,$6.50,$5.50 per 1L,3049618,"Our Pure Cherry juice is a genius balance of sweet red and tart black cherry that's a pretty irresistible way to get a daily dose of antioxidants. There's no added sugar, no preservatives and nothing artificial because we know that's important to you.",,,"Per 100g/ml
Per Serving
%DI
Energy
281kJ
705kJ
Protein
<0g
<0g
Total Fat
0g
0g
Saturated Fat
0g
0g
Carbohydrate
15g
37.5g
Sugars
11g
27.5g
Sodium
7mg
13mg
Monounsaturated
0g
0g
Dietary Fibre (total)
0g
0g
Polyunsaturated
0g
0g
Trans
0g
0g
* Percentage Daily Intakes are based on an average adult diet of 8700 kJ. Your daily intakes may be higher or lower depending on your energy needs.",,https://www.coles.com.au/product/bickfords-100percent-pure-cherry-juice-1l-3049618,,,2024-06-16T12:32:13.549920-04:00
Ind53SColes_ADrinks_SA_IPureharvest Organic Apple Juice Bottle | 1L,Pureharvest Organic Apple Juice Bottle | 1L,Pureharvest,Drinks,,,,$4.50,,,$4.50 per 1L,5346057,"PureHarvest Organic Apple Juice is made from 100% apple juice with no added sugars, colours or preservatives.

One of Our Commitments is to sustainable packaging which is why you will find our Juice, Sweetener, Spread & Sauce ranges in recyclable, glass jars instead of plastic.",,,"Per 100g/ml
Per Serving
%DI
Energy
187
374
Protein
0.1
0.2
Total Fat
NIL
NIL
Saturated Fat
NIL
NIL
Carbohydrate
10.7
21.4
Sugars
10.1
20.2
Sodium
2.7
5.4
* Percentage Daily Intakes are based on an average adult diet of 8700 kJ. Your daily intakes may be higher or lower depending on your energy needs.",,https://www.coles.com.au/product/pureharvest-organic-apple-juice-bottle-1l-5346057,,,2024-06-16T12:32:24.348611-04:00
Ind53SColes_ADrinks_SAJuice_ICampbell's V8 Juice Tropical Fusion | 300mL,Campbell's V8 Juice Tropical Fusion | 300mL,Campbells,Drinks,Juice,Plastic juice bottles,,$2.70,,,$9.00 per 1L,2047140,"V8 Tropical juice is a healthy antioxidant boost. This apple, pineapple, passionfruit and carrot juice contains vitamins. Grab this ambient juice for a healthy morning pick-me-up. Or if you're short on time, it's the perfect lunchbox drink for an on-the-go afternoon top up. Grab yourself a V8 fuel up!
No artificial flavours or colours
No added preservatives or added sugar
Source of antioxidant vitamin C",,,"Per 100g/ml
Per Serving
%DI
Energy
184kJ
552kJ
0
Protein
0.4g
1.2g
0
Total Fat
0.1g
0.3g
0
Saturated Fat
<0.1g
0.1g
0
Carbohydrate
10.0g
30.0g
0
Sugars
8.6g
25.8g
0
Vitamin A
75ug
225ug
Sodium
22mg
66mg
0
Monounsaturated
0
0
0
Vitamin C
2mg
6mg
Energy (Cal)
44Cal
132Cal
0
Dietary Fibre (total)
0.4g
1.2g
0
Polyunsaturated
0
0
0
Trans
0
0
0
* Percentage Daily Intakes are based on an average adult diet of 8700 kJ. Your daily intakes may be higher or lower depending on your energy needs.",,https://www.coles.com.au/product/campbell's-v8-juice-tropical-fusion-300ml-2047140,,,2024-06-16T12:32:35.297163-04:00
Ind53SColes_ADrinks_SA_IYoufoodz Youjuice Thanks A Melon | 350mL,Youfoodz Youjuice Thanks A Melon | 350mL,Youfoodz,Drinks,,,,$4.00,,,$11.43 per 1L,4849493,"Youfoodz have pressed watermelon, green apple, strawberry, fresh mint, and a touch of earthy beetroot to create this seriously unbeetable blend. Take a sip of Youjuice Thanks a Melon (350ml) for a natural vitamin boost & make it part of your morning routine. You'll hit top notes of hydrating melon and a hint of mint, with a barely-there beetroot taste for added nutritional goodness.",,,"Per 100g/ml
Per Serving
%DI
Energy
153kJ
536kJ
Protein
Less than 1g
1.1g
Total Fat
Less than 1g
1.2g
Saturated Fat
Less than 1g
Less than 1g
Carbohydrate
7.8g
27.5g
Sugars
7.8g
27.4g
Sodium
2mg
7mg
Vitamin C
38mg
133mg
Energy (Cal)
37Cal
128Cal
* Percentage Daily Intakes are based on an average adult diet of 8700 kJ. Your daily intakes may be higher or lower depending on your energy needs.",,https://www.coles.com.au/product/youfoodz-youjuice-thanks-a-melon-350ml-4849493,,,2024-06-16T12:32:46.334586-04:00
Ind53SColes_ADrinks_SABeverages_IDaily Juice Green Juice | 2L,Daily Juice Green Juice | 2L,Daily Juice,Drinks,Beverages,Water & juices,,$5.90,,,"$2.95 per 1L
Was $6.20 on Jun 2024",5627930,"Daily Juice has been working since 1989 to create great tasting juice, great for the whole family to enjoy! With fruit ripened in the sun and no added sugar, Daily Juice is packed with good stuff to help kick start your day. 

A glass of delicious green juice blend is a great pick me up when you've got a long busy day ahead. With a blend of folate and vitamin C, Daily Juice Green Blend and Folate juice helps to reduce tiredness and fatigue when consumed as part of a balanced diet. 

Proudly Australian owned, made and loved. 

Contains fresh, reconstituted and from time to time, cold-stored juice.  
No added sugar

Proudly Aussie owned and Aussie made",,,"Per 100g/ml
Per Serving
%DI
Energy
184kJ
368kJ
4%
Protein
0.4g
0.8g
2%
Total Fat
<1.0g
<1.0g
<1%
Saturated Fat
0.0g
0.0g
0%
Carbohydrate
10.0g
20.0g
6%
Sugars
9.4g
18.8g
21%
Sodium
2mg
4mg
<1%
Monounsaturated
0
0
0
Vitamin C
30mg
60mg
Energy (Cal)
44Cal
88Cal
0
Dietary Fibre (total)
0.3g
0.6g
2%
Polyunsaturated
0
0
0
Trans
0
0
0
* Percentage Daily Intakes are based on an average adult diet of 8700 kJ. Your daily intakes may be higher or lower depending on your energy needs.",,https://www.coles.com.au/product/daily-juice-green-juice-2l-5627930,,,2024-06-16T12:32:57.045460-04:00
