idx,name,brand,aisle,subaisle,subsubaisle,size,price,multi_price,old_price,pricePerUnit,itemNum,description,serving,img_urls,item_label,item_ingredients,url,SKU,UPC,timeStamp
Ind56SColes_ADrinks_SASoft drinks_ICoca-Cola Zero Sugar Vanilla Soft Drink Bottle | 1.25L,Coca-Cola Zero Sugar Vanilla Soft Drink Bottle | 1.25L,Coca-Cola,Drinks,Soft drinks,Soft drink bottles,,$3.85,Pick any 2 for $5.60,,$3.08 per 1L,3271060,"Coca-Cola Vanilla Zero Sugar has the refreshing Coca-Cola taste with the sweet aroma of vanilla and no sugar, making it a delicious twist on an old favourite. Coca-Cola Vanilla Zero Sugar soft drink is available in multipack cans, single serve bottles and sharing size bottles. There's a pack for almost any occasion.
Classic Coke Taste with a Twist

Hint of Vanilla

No Sugar

1.25L Bottle Soft Drink

Perfect for drinking on the go, having with a meal or relaxing with at home.

1.25L Bottle.",,,"Per 100g/ml
Per Serving
%DI
Energy
1
2.5
0.1
Protein
0.05
0.1
0.3
Total Fat
0
0
0
Saturated Fat
0
0
0
Carbohydrate
0.1
0.3
0.1
Sugars
0
0
0
Sodium
1.0
2.5
0.1
Energy (Cal)
0.2
0.6
0.1
Dietary Fibre (total)
0
0
0
* Percentage Daily Intakes are based on an average adult diet of 8700 kJ. Your daily intakes may be higher or lower depending on your energy needs.",,https://www.coles.com.au/product/coca-cola-zero-sugar-vanilla-soft-drink-bottle-1.25l-3271060,,,2024-06-16T14:07:18.391755-04:00
Ind56SColes_ADrinks_SASoft drinks_ISolo Zero Sugar Original Lemon Soft Drink Cans Multipack 375mL x 24 Pack | 24 pack,Solo Zero Sugar Original Lemon Soft Drink Cans Multipack 375mL x 24 Pack | 24 pack,Solo,Drinks,Soft drinks,Soft drink cans,,$34.85,Pick any 2 for $45,,$3.87 per 1L,4405387,"Solo Zero Sugar is a refreshing and thirst-quenching beverage that is perfect for those who want to stay hydrated without consuming sugar. This package has 24 bottles of 375mL Solo Zero Sugar, making it perfect for both individual and group use.

Solo Zero Sugar is made with the finest quality ingredients. The refreshing and light taste of Solo Zero Sugar is bound to leave you feeling rehydrated and revitalised after a long day.

This pack of Solo Zero Sugar 24 x 375mL is perfect for households, offices, and other venues that require a constant supply of refreshing beverages. Each bottle is resealable, ensuring that there is no wastage and that the beverage remains fresh for a longer period.

Attractive packaging and branding make Solo Zero Sugar an excellent addition to any party, picnic or other social events. The Solo Zero Sugar 24 x 375mL pack can be placed in coolers, dispensers or any other beverage containers, making it the perfect choice for any occasion.

Solo Zero Sugar 24 x 375mL is a sugar-free soft drink choice that is perfect for those who are looking for a refreshing and thirst-quenching drink. Its flavours, and lack of additives make it a safe and refreshing option. So why wait? Grab a pack of Solo Zero Sugar 24 x 375mL and refresh your senses today.
Sugar-free lemon soft drink

Made with the finest quality ingredients

Resealable bottles ensure no wastage and freshness for longer

The 24 x 375mL is excellent addition to any party, picnic or other social events

Attractive packaging and branding make it perfect for any occasion",,,"Per 100g/ml
Per Serving
%DI
Energy
7kJ
26kJ
0.30%
Protein
0g
0g
0%
Total Fat
0g
0g
0%
Saturated Fat
0g
0g
0%
Carbohydrate
0g
0g
0%
Sugars
0g
0g
0%
Sodium
17mg
64mg
3%
Dietary Fibre (total)
0g
0g
0%
* Percentage Daily Intakes are based on an average adult diet of 8700 kJ. Your daily intakes may be higher or lower depending on your energy needs.",,https://www.coles.com.au/product/solo-zero-sugar-original-lemon-soft-drink-cans-multipack-375ml-x-24-pack-24-pack-4405387,,,2024-06-16T14:07:29.562399-04:00
Ind56SColes_ADrinks_SASoft drinks_IRemedy Sodaly Passionfruit 250mL | 4 pack,Remedy Sodaly Passionfruit 250mL | 4 pack,Remedy,Drinks,Soft drinks,Kombucha & other drinks,,$6.00,,$8.00,$6.00 per 1L,6210163,"We're pretty passionate about this flavour (see what we did there?). It's the summer lover you've been waiting for that will be with you all year round. It's light, fun and fresh for easy drinking in the sun. They say you can't have it all. They were wrong! Sodaly is a deliciously different, ALL-NATURAL soft drink. It's BIG on FLAVOUR and low on calories. Full of prebiotic goodness and NO SUGAR. Guilt-free just got better for you. Remedy Sodaly are:
Sugar free, for real
All natural
Made with prebiotic ACV
Low on Calories
Vegan
Gluten Free
A-Ok in or out of the fridge",,,"Per 100g/ml
Per Serving
%DI
Energy
13kJ
32kJ
Protein
<1g
<1g
Total Fat
<1g
<1g
Saturated Fat
<1g
<1g
Carbohydrate
<1g
<1g
Sugars
0g
0g
Sodium
<5mg
<5mg
Dietary Fibre (total)
<1g
<1g
* Percentage Daily Intakes are based on an average adult diet of 8700 kJ. Your daily intakes may be higher or lower depending on your energy needs.",,https://www.coles.com.au/product/remedy-sodaly-passionfruit-250ml-4-pack-6210163,,,2024-06-16T14:07:41.138976-04:00
Ind56SColes_ADrinks_SASoft drinks_INexba Mixed Berry Kombucha Drink | 1L,Nexba Mixed Berry Kombucha Drink | 1L,Nexba,Drinks,Soft drinks,Kombucha & other drinks,,$3.30,,$6.60,$3.30 per 1L,3719302,"Stuff in the bottle: Purified sparkling water, naturally fermented kombucha (purified water, oolong tea, sugarÂ°, kombucha cultures). Nexba Natural Sweetener Blend (erythritol*, stevia), food acids (citric acid), natural flavours, probiotic culture (bacillus coagulans).
Â°Sugar has been fully consumed during the extended fermentation process to produce the kombucha.
*Erythritol is naturally produced by fermentation of starches in fruits and vegetables.
*Bacillus coagulans per bottle
Good gut feels
We've spent years innovating to formulate a unique strain of smart & robust probiotic that survives the journey to your gut! These little beauties work hard to promote good gut health.
Our delicious and 100% natural kombucha is brewed over 40 days with real...
Oolong tea leaves & living scoby",,,"Per 100g/ml
Per Serving
%DI
Energy
8kJ
20kJ
Protein
0g
0g
Total Fat
0g
0g
Saturated Fat
0g
0g
Carbohydrate
0g
0.2g
Sugars
0g
0g
Sodium
<1mg
<1mg
* Percentage Daily Intakes are based on an average adult diet of 8700 kJ. Your daily intakes may be higher or lower depending on your energy needs.",,https://www.coles.com.au/product/nexba-mixed-berry-kombucha-drink-1l-3719302,,,2024-06-16T14:07:52.096918-04:00
Ind56SColes_ADrinks_SASoft drinks_IFanta Orange Soft Drink Cans 24x375mL | 24 Pack,Fanta Orange Soft Drink Cans 24x375mL | 24 Pack,Fanta,Drinks,Soft drinks,Soft drink cans,,$23.10,,$38.50,$2.57 per 1L,5325873,"Bright, bubbly and popular, Fanta is the orange soft drink with a tingly, fruity and bold taste. With no artificial colours, Fanta softd rink is perfect for enjoying with friends, on the go or having with meals. Fanta Orange is available in cans, mini cans, single serve and sharing size bottles as well as multipacks.
Bold fruity taste

No artificial colours

Orange Flavour

24 x 375mL Multipack Soft Drink

Bring home flavour",,,"Per 100g/ml
Per Serving
%DI
Energy
79
298
3
Protein
0
0
0
Total Fat
0
0
0
Saturated Fat
0
0
0
Carbohydrate
4.6
17
5
Sugars
4.5
17
19
Sodium
6.8
26
1
Energy (Cal)
19
71
3
Dietary Fibre (total)
0
0
0
* Percentage Daily Intakes are based on an average adult diet of 8700 kJ. Your daily intakes may be higher or lower depending on your energy needs.",,https://www.coles.com.au/product/fanta-orange-soft-drink-cans-24x375ml-24-pack-5325873,,,2024-06-16T14:08:03.172801-04:00
Ind56SColes_ADrinks_SASoft drinks_IBundaberg Brewed Drink Burgundee 4x375mL | 4 pack,Bundaberg Brewed Drink Burgundee 4x375mL | 4 pack,Bundaberg,Drinks,Soft drinks,Mixers,,$7.45,,,$4.97 per 1L,2481271,"Traditionally brewed with flavours of red grapes, this rich, creamy and smooth taste will delight the tastebuds. Craft Brewed over 3 days, Bundaberg Burgundee Creaming Soda is a throwback to the traditional flavours of yesteryear.
- Brewed in Bundaberg
- Australian Family Owned
- Best enjoyed cold",,,"Per 100g/ml
Per Serving
%DI
Energy
189kJ
708kJ
8%
Protein
<1g
<1g
Total Fat
<1g
<1g
Saturated Fat
<1g
<1g
Carbohydrate
11.1g
41.6g
14%
Sugars
11.1g
41.6g
46%
Sodium
8mg
30mg
1%
* Percentage Daily Intakes are based on an average adult diet of 8700 kJ. Your daily intakes may be higher or lower depending on your energy needs.",,https://www.coles.com.au/product/bundaberg-brewed-drink-burgundee-4x375ml-4-pack-2481271,,,2024-06-16T14:08:14.090253-04:00
Ind56SColes_ADrinks_SASoft drinks_ISchweppes Traditional Zero Sugar Raspberry Soft Drink Bottle | 1.1L,Schweppes Traditional Zero Sugar Raspberry Soft Drink Bottle | 1.1L,Schweppes,Drinks,Soft drinks,Soft drink bottles,,$3.00,Pick any 2 for $3,,$2.73 per 1L,3270249,"Indulge in the deliciously fruity taste of Schweppes Traditionals Raspberry Zero Sugar. This refreshing soft drink boasts a bright and tangy flavour that will tantalise your taste buds. With zero sugar, you can enjoy sugar-free sips of this delightful beverage.

The ripe raspberry flavour is perfectly balanced, creating a rich taste experience that will leave you wanting more. Whether you're enjoying a weekend brunch with family and friends or mixing up a cocktail, Schweppes Traditionals Raspberry Zero Sugar 1.1L is the perfect addition to any occasion.

Chill it down and pair it with your favourite meal or sip it on its own for a refreshing pick-me-up. This soft drink is versatile and delicious, making it a must-have for any pantry. Experience the bright and fruity taste of Schweppes Traditionals Raspberry Zero Sugar.
Refreshing and tangy flavour.

Zero sugar content.

Perfect tangy and rich raspberry taste.

Versatile and delicious, perfect addition to any occasion.

Great option for sharing.",,,"Per 100g/ml
Per Serving
%DI
Energy
5kJ
13kJ
Protein
0g
0g
Total Fat
0g
0g
Saturated Fat
0g
0g
Carbohydrate
0g
0g
Sugars
0g
0g
Sodium
7mg
18mg
Dietary Fibre (total)
0g
0g
* Percentage Daily Intakes are based on an average adult diet of 8700 kJ. Your daily intakes may be higher or lower depending on your energy needs.",,https://www.coles.com.au/product/schweppes-traditional-zero-sugar-raspberry-soft-drink-bottle-1.1l-3270249,,,2024-06-16T14:08:26.417811-04:00
Ind56SColes_ADrinks_SASoft drinks_ISprite Zero Sugar Lemonade Soft Drink Multipack Cans 10x375mL | 10 pack,Sprite Zero Sugar Lemonade Soft Drink Multipack Cans 10x375mL | 10 pack,Sprite,Drinks,Soft drinks,Soft drink cans,,$19.00,Pick any 2 for $25,,$5.07 per 1L,1849271,"With its clean, crisp, lemon-lime taste, Sprite Zero Sugar is a lemonade soft drink. Quench your thirst with a zero sugar hit of refreshment! Perfect with meals, as a mixer, on the go and relaxing at home. Sprite Zero Sugar softdrink has no artificial colours. Sprite Zero Sugar is available in cans, mini cans, single serve and sharing size bottles as well as multipacks.
Hit of refreshment

Lemon-lime flavour

No added colours

Zero Sugar

Great with meals

10 x 375mL Multipack Cans Soft Drink.",,,"Per 100g/ml
Per Serving
%DI
Energy
4.2
16
0.2
Protein
0.05
0.2
0.4
Total Fat
0
0
0
Saturated Fat
0
0
0
Carbohydrate
0.1
0.4
0.1
Sugars
0
0
0
Sodium
12.7
48
2
Energy (Cal)
1
3.8
0.2
Dietary Fibre (total)
0
0
0
* Percentage Daily Intakes are based on an average adult diet of 8700 kJ. Your daily intakes may be higher or lower depending on your energy needs.","Carbonated Water, Food Acids (330, 331), Flavour, Sweeteners (951, 950), Preservatives (202, 211).",https://www.coles.com.au/product/sprite-zero-sugar-lemonade-soft-drink-multipack-cans-10x375ml-10-pack-1849271,,,2024-06-16T14:08:37.512395-04:00
Ind56SColes_ADrinks_SASoft drinks_ISchweppes Lemonade Soft Drink Cans Multipack 375mL x 10 Pack | 10 pack,Schweppes Lemonade Soft Drink Cans Multipack 375mL x 10 Pack | 10 pack,Schweppes,Drinks,Soft drinks,Soft drink cans,,$9.00,,$18.00,$2.40 per 1L,2684155,"Refreshment has never been easier to come by with the Schweppes Lemonade 10 pack 375mL. Schweppes, the iconic brand that has been around for generations, presents this lemonade that will leave you coming back for more. This drink delivers a crisp and clean taste that is simply refreshing, making it the perfect thirst quencher for a hot day, an evening in with friends, or even for parties.

Crafted by Schweppes' Master Blenders, the Schweppes Lemonade 10 pack 375mL boasts a harmonious blend of lemon and lime oils. The zesty, crisp taste is a delightful experience for your senses, making it a must-have for an afternoon pick-me-up or as part of a recipe while entertaining guests.

Perfectly handcrafted, this iconic drink is a staple bonding item for families and friends, bringing people together over sweet and tangy flavours. You may choose to enjoy the Schweppes Lemonade 10 pack 375mL chilled by itself or mix it into your favourite cocktail to uncover new flavour combinations and possibilities. Its versatility is limited only by your imagination!

With the Schweppes Lemonade 10 pack 375mL, you'll enjoy a highly refreshing beverage that has stood the test of time. It comes in a pack of 10, convenient to stock up for future occasions. Whether you're hosting cookouts, picnics, or indoor parties, you'll have all that you need to keep the festivities going with this exquisite drink.

With crisp and clean taste, the Schweppes Lemonade 10 pack 375mL is your ultimate thirst-quencher, a rich source of refreshment, and the best way to indulge in the most iconic taste that generations of families have come to love. So why wait any longer? Get your hands on the Schweppes Lemonade 10 pack 375mL and share the joy of this iconic drink with your loved ones today!
Schweppes Lemonade 10 pack 375mL

the ultimate thirst-quencher!

A harmonious blend of lemon and lime oils for a zesty, crisp taste.

Perfect for bonding with family and friends over sweet and tangy flavours.

Comes in a pack of 10",,,"Per 100g/ml
Per Serving
%DI
Energy
143kJ
536kJ
Protein
0g
0g
Total Fat
0g
0g
Saturated Fat
0g
0g
Carbohydrate
8.2g
30.8g
Sugars
8.2g
30.8g
Sodium
10mg
38mg
* Percentage Daily Intakes are based on an average adult diet of 8700 kJ. Your daily intakes may be higher or lower depending on your energy needs.",,https://www.coles.com.au/product/schweppes-lemonade-soft-drink-cans-multipack-375ml-x-10-pack-10-pack-2684155,,,2024-06-16T14:08:48.538516-04:00
Ind56SColes_ADrinks_SASoft drinks_IPepsi Cola Soft Drink Bottle | 2L,Pepsi Cola Soft Drink Bottle | 2L,Pepsi,Drinks,Soft drinks,Soft drink bottles,,$3.60,,,$1.80 per 1L,337310,"The smooth taste of Pepsi cola offers a deliciously refreshing and thirst-quenching soft drink that can be enjoyed anytime. Our classic and bold cola soft drink is best enjoyed chilled or poured over ice.


Pepsi Max, a bold cola taste with no sugar and no taste compromise that offers mouth-watering refreshment.


Equally if you are looking for something a bit different then try one of our deliciously refreshing Pepsi Max No Sugar Flavours; Vanilla, Mango or Creaming Soda.



Pepsi cola is available in a range of other take-home pack sizes such as; mini cans for portion control and multi-serve packs to suit all your cola drinking occasions.



The 2L multi-serve Pepsi bottle is ideal for the fridge at home or for enjoying with family and friends at any social, entertaining occasion.
Signature Pepsi cola taste

Bold & refreshing

Ideal for Sharing",,,"Per 100g/ml
Per Serving
%DI
Energy
185kJ
463kJ
5%
Protein
0g
0g
0%
Total Fat
0g
0g
0%
Saturated Fat
0g
0g
0%
Carbohydrate
10.9g
27.3g
9%
Sugars
10.9g
27.3g
30%
Sodium
12mg
30mg
1%
* Percentage Daily Intakes are based on an average adult diet of 8700 kJ. Your daily intakes may be higher or lower depending on your energy needs.",,https://www.coles.com.au/product/pepsi-cola-soft-drink-bottle-2l-337310,,,2024-06-16T14:08:59.565510-04:00
Ind56SColes_ADrinks_SASoft drinks_IRemedy Kombucha Wild Berry 250mL | 4 pack,Remedy Kombucha Wild Berry 250mL | 4 pack,Remedy,Drinks,Soft drinks,Kombucha & other drinks,,$9.50,,,$9.50 per 1L,4299698,"Meet the wild child of the Remedy Kombucha flavours. An all-natural blend of strawberry, blackberry and blueberry bliss. Jammy and beautifully aromatic, one sip and you'll be swept away to a warm summer's day. No sugar, naturally and chock full of goodness. Full of antioxidants, live cultures and organic acids, Remedy Kombucha is:
Sugar free, for real
All natural
Certified Organic
Low on Calories
Vegan
Gluten Free
A-Ok in or out of the fridge",,,"Per 100g/ml
Per Serving
%DI
Energy
12kJ
30kJ
Protein
<1g
<1g
Total Fat
<1g
<1g
Saturated Fat
<1g
<1g
Carbohydrate
<1g
<1g
Sugars
0g
0g
Sodium
<5mg
<5mg
* Percentage Daily Intakes are based on an average adult diet of 8700 kJ. Your daily intakes may be higher or lower depending on your energy needs.",,https://www.coles.com.au/product/remedy-kombucha-wild-berry-250ml-4-pack-4299698,,,2024-06-16T14:09:10.515363-04:00
Ind56SColes_ADrinks_SASoft drinks_IVibe Gut with Prebiotics Lemonade Soft Drink Multipack Cans 330mL X 4 Pack | 4 pack,Vibe Gut with Prebiotics Lemonade Soft Drink Multipack Cans 330mL X 4 Pack | 4 pack,Vibe,Drinks,Soft drinks,Kombucha & other drinks,,$10.00,,,$7.58 per 1L,7030112,"VIBE Lemonade Gut is bursting with personality, fizz, BIG flavour, low sugar and the extra oomph of added functionality. 

It's a soda your gut would swipe right for and contains prebiotics which promote a positive change in gut microbiota, when consumed as part of a healthy and varied diet.

VIBE is your soda friend with benefits!",,,"Per 100g/ml
Per Serving
%DI
Energy
75kJ
248kJ
Protein
0g
0g
Total Fat
0g
0g
Saturated Fat
0g
0g
Carbohydrate
2.6g
8.6g
Sugars
2.3g
7.6g
Sodium
16mg
53mg
Energy (Cal)
18Cal
59Cal
* Percentage Daily Intakes are based on an average adult diet of 8700 kJ. Your daily intakes may be higher or lower depending on your energy needs.",,https://www.coles.com.au/product/vibe-gut-with-prebiotics-lemonade-soft-drink-multipack-cans-330ml-x-4-pack-4-pack-7030112,,,2024-06-16T14:49:25.137870-04:00
Ind56SColes_ADrinks_SASoft drinks_ISchweppes Lemonade Soft Drink Bottle Glass Multipack 300mL x 4 Pack | 4 pack,Schweppes Lemonade Soft Drink Bottle Glass Multipack 300mL x 4 Pack | 4 pack,Schweppes,Drinks,Soft drinks,Mixers,,$7.40,,,$6.17 per 1L,7351954,"Introducing Schweppes Lemonade, the ultimate thirst-quencher that's been loved by generations. This pack of 4 x 300mL bottles is perfect for stocking up your fridge and satisfying your cravings at any time of the day.

Crafted by Schweppes' Master Blenders, this lemonade boasts a harmonious blend of lemon and lime oils that deliver a zesty, crisp taste. It's the perfect balance of sweetness and tanginess that will delight your taste buds and refresh your senses.

Schweppes Lemonade is a versatile drink that can be enjoyed on its own or mixed into cocktails for a refreshing twist. It's ideal for sharing with friends and family during parties or gatherings.

Made with high-quality ingredients and perfected through years of expertise, Schweppes Lemonade is an iconic drink that you'll keep coming back to. So why wait? Grab a pack today and enjoy the crisp, clean taste of Schweppes Lemonade.
Loved by generations, Schweppes Lemonade is the ultimate thirst-quencher.

Crafted by Master Blenders with a harmonious blend of lemon and lime oils.

Perfect balance of sweetness and tanginess to delight and refresh.

A versatile drink ideal for sipping, mixing and sharing at any occasion.

Made with high-quality ingredients and perfected expertise, an iconic drink.",,,"Per 100g/ml
Per Serving
%DI
Energy
143kJ
429kJ
Protein
0g
0g
Total Fat
0g
0g
Saturated Fat
0g
0g
Carbohydrate
8.2g
24.6g
Sugars
8.2g
24.6g
Sodium
6mg
18mg
* Percentage Daily Intakes are based on an average adult diet of 8700 kJ. Your daily intakes may be higher or lower depending on your energy needs.","Carbonated Water, Sugar, Food Acids (330, 331), Natural Flavours (With Lime & Lemon Oils).",https://www.coles.com.au/product/schweppes-lemonade-soft-drink-bottle-glass-multipack-300ml-x-4-pack-4-pack-7351954,,,2024-06-16T14:49:36.059350-04:00
Ind56SColes_ADrinks_SASoft drinks_IRemedy Kombucha Passionfruit 250mL | 4 pack,Remedy Kombucha Passionfruit 250mL | 4 pack,Remedy,Drinks,Soft drinks,Kombucha & other drinks,,$9.50,,,$9.50 per 1L,4299676,"This Passionfruit Kombucha is summer bottled. A classic fruity, fizzy flavour that everyone will love. Tonnes of tang and just the right balance of sweet and sour with no sugar, naturally! Full of antioxidants, live cultures and organic acids, Remedy Kombucha is:
Sugar free, for real
All natural
Certified Organic
Low on Calories
Vegan
Gluten Free
A-Ok in or out of the fridge",,,"Per 100g/ml
Per Serving
%DI
Energy
12kJ
30kJ
Protein
<1g
<1g
Total Fat
<1g
<1g
Saturated Fat
<1g
<1g
Carbohydrate
<1g
<1g
Sugars
0g
0g
Sodium
<5mg
<5mg
* Percentage Daily Intakes are based on an average adult diet of 8700 kJ. Your daily intakes may be higher or lower depending on your energy needs.",,https://www.coles.com.au/product/remedy-kombucha-passionfruit-250ml-4-pack-4299676,,,2024-06-16T14:49:46.783982-04:00
Ind56SColes_ADrinks_SABeverages_ISprite Zero Sugar Lemonade Soft Drink Bottle | 2L,Sprite Zero Sugar Lemonade Soft Drink Bottle | 2L,Sprite,Drinks,Beverages,Soft drink & energy drinks,,$3.00,,,"$1.50 per 1L
Was $3.40 on Apr 2024",4397960,"With its clean, crisp, lemon-lime taste, Sprite Zero Sugar is a lemonade soft drink. Quench your thirst with a zero sugar hit of refreshment! Perfect with meals, as a mixer, on the go and relaxing at home. Sprite Zero Sugar softdrink has no artificial colours. Sprite Zero Sugar is available in cans, mini cans, single serve and sharing size bottles as well as multipacks.
Hit of refreshment

Lemon-lime flavour

No added colours

Zero Sugar

Great with meals

2L Zero Sugar, Soft Drink.",,,"Per 100g/ml
Per Serving
%DI
Energy
4.2
10.5
0.1
Protein
0.05
0.1
0.3
Total Fat
0
0
0
Saturated Fat
0
0
0
Carbohydrate
0.1
0.3
0.1
Sugars
0
0
0
Sodium
12.7
32
1
Energy (Cal)
1
2.5
0.1
Dietary Fibre (total)
0
0
0
* Percentage Daily Intakes are based on an average adult diet of 8700 kJ. Your daily intakes may be higher or lower depending on your energy needs.",,https://www.coles.com.au/product/sprite-zero-sugar-lemonade-soft-drink-bottle-2l-4397960,,,2024-06-16T14:49:57.622141-04:00
Ind56SColes_ADrinks_SASoft drinks_ISchweppes Traditional Zero Sugar Pink Lemondade Soft Drink Bottle | 1.1L,Schweppes Traditional Zero Sugar Pink Lemondade Soft Drink Bottle | 1.1L,Schweppes,Drinks,Soft drinks,Soft drink bottles,,$3.00,Pick any 2 for $3,,$2.73 per 1L,3989668,"Indulge in the delicious taste of Schweppes Traditional Zero Sugar Pink Lemonade with Natural Strawberry Flavour. This refreshing beverage is the perfect combination of classic lemonade with a twist of juicy strawberry flavour, all without the sugar of added sugars.

With a legacy of over 240 years, Schweppes has been at the forefront of the beverage industry, bringing innovation, craft, and quality to every sip. The original hand-crafted recipe from 1835 has been perfected by only a few Master Blenders to create this bespoke combination of lemon and lime oils, blended at the perfect temperature to bring out the full taste in zero sugar.

Enjoy the Schweppervescence experience with every sip of this 1.1L PET bottle, perfect for sharing with friends and family. Whether you're lounging by the pool or hosting a barbecue, Schweppes Traditional Zero Sugar Pink Lemonade with Natural Strawberry Flavour is the perfect addition to any occasion. Order now and experience the Schweppes difference!
Delicious blend of classic lemonade and natural strawberry flavor.

Zero sugar.

Versatile drink that can be enjoyed in many ways.

Great for sharing.

Ideal choice for outdoor activities or thirst quenching.",,,"Per 100g/ml
Per Serving
%DI
Energy
7kJ
18kJ
Protein
0g
0g
Total Fat
0g
0g
Saturated Fat
0g
0g
Carbohydrate
0g
0g
Sugars
0g
0g
Sodium
9mg
23mg
Dietary Fibre (total)
0g
0g
* Percentage Daily Intakes are based on an average adult diet of 8700 kJ. Your daily intakes may be higher or lower depending on your energy needs.","Carbonated Water, Natural Flavours, Food Acids (330, 296, 331), Sweeteners (950, 952, 955), Preservative (211), Colour (123).",https://www.coles.com.au/product/schweppes-traditional-zero-sugar-pink-lemondade-soft-drink-bottle-1.1l-3989668,,,2024-06-16T14:50:09.782352-04:00
Ind56SColes_ADrinks_SASoft drinks_IBundaberg Brewed Ginger Beer | 750mL,Bundaberg Brewed Ginger Beer | 750mL,Bundaberg,Drinks,Soft drinks,Mixers,,$3.75,,,$5.00 per 1L,5037234,"The iconic taste of Bundaberg Ginger Beer starts with homegrown Aussie ginger, including ginger from our very own farm. Our Master Brewers then brew over 3 days to our traditional family recipe, the same we've used for 4 generations.
Hold a bottle up to the light and you'll see real ginger pieces suspended throughout. Be sure to invert the bottle before opening to enjoy the full refreshing flavour.
Real Aussie Ginger
Brewed over 3 days
Australian family owned
Best enjoyed cold",,,"Per 100g/ml
Per Serving
%DI
Energy
182kJ
455kJ
5%
Protein
<0g
<0g
0%
Total Fat
<0g
<0g
0%
Saturated Fat
<0g
<0g
0%
Carbohydrate
10.7g
26.8g
9%
Sugars
10.6g
26.5g
29%
Sodium
11mg
28mg
1%
* Percentage Daily Intakes are based on an average adult diet of 8700 kJ. Your daily intakes may be higher or lower depending on your energy needs.","Carbonated Water, Cane Sugar, Ginger Root, Natural Flavours, Acid (Citric Acid), Yeast, Preservatives (202, 211), Antioxidant (Ascorbic Acid)",https://www.coles.com.au/product/bundaberg-brewed-ginger-beer-750ml-5037234,,,2024-06-16T14:50:21.881493-04:00
Ind56SColes_ADrinks_SASoft drinks_ISchweppes Lemon Lime Bitters Soft Drink Classic Mixers Multipack Bottles 300mL x 4 Pack | 4 pack,Schweppes Lemon Lime Bitters Soft Drink Classic Mixers Multipack Bottles 300mL x 4 Pack | 4 pack,Schweppes,Drinks,Soft drinks,Mixers,,$7.40,,,$6.17 per 1L,7351932,"Looking for a refreshing drink to quench your thirst on a hot summer day? Look no further than Schweppes Classic Mixers Lemon Lime & Bitters 4 x 300mL. Hand crafted by Schweppes' Master Blenders in small batches, this iconic mixer boasts an instantly recognisable taste that's sure to satisfy.

Made with six botanical herbs, including cinnamon, clove, and pimento berry, and paired with lemon and lime juices, this mixer delivers a tangy, refreshing finish that's perfect for any occasion. Whether you're enjoying it chilled on its own or pairing it with your favourite gin for a punchy cocktail, Schweppes Classic Mixers Lemon Lime & Bitters is the perfect addition to any summer day.

So why wait? Order your Schweppes Classic Mixers Lemon Lime & Bitters 4 x 300mL today and experience the iconic taste for yourself!
Hand crafted by Schweppes' Master Blenders in small batches.

Made with six botanical herbs, including cinnamon, clove, and pimento berry.

Perfect for any occasion, whether enjoyed chilled on its own or paired with gin.

Tangy and refreshing finish, instantly recognizable taste.

Experience the iconic taste of Schweppes Classic Mixers Lemon Lime & Bitters.",,,"Per 100g/ml
Per Serving
%DI
Energy
172kJ
516kJ
Protein
0g
0g
Total Fat
0g
0g
Saturated Fat
0g
0g
Carbohydrate
9.8g
29.4g
Sugars
9.6g
28.8g
Sodium
7mg
21mg
* Percentage Daily Intakes are based on an average adult diet of 8700 kJ. Your daily intakes may be higher or lower depending on your energy needs.",,https://www.coles.com.au/product/schweppes-lemon-lime-bitters-soft-drink-classic-mixers-multipack-bottles-300ml-x-4-pack-4-pack-7351932,,,2024-06-16T14:50:33.743402-04:00
Ind56SColes_ADrinks_SASoft drinks_IFanta Orange Zero Sugar Soft Drink 12x300mL | 12 Pack,Fanta Orange Zero Sugar Soft Drink 12x300mL | 12 Pack,Fanta,Drinks,Soft drinks,Soft drink bottles,,$11.40,,$19.00,$3.17 per 1L,5192827,"Bright, bubbly and popular. Fanta Orange Zero Sugar is a soft drink with a tingly, fruity, bold taste with no sugar. Fanta Orange Zero Sugar is perfect for relaxing at home, on the go or having with meals. Fanta Orange Zero Sugar is available in cans, mini cans and multi-serve bottles.
Bold fruity taste

Orange flavour

Zero Sugar

Bring home flavour

12 x 300ml cans Soft Drink",,,"Per 100g/ml
Per Serving
%DI
Energy
3.9
11.6
0.1
Protein
0.05
0.2
0.3
Total Fat
0
0
0
Saturated Fat
0
0
0
Carbohydrate
0.05
0.2
0.1
Sugars
0
0
0
Sodium
1.2
3.6
0.2
Energy (Cal)
0.9
2.8
0.1
Dietary Fibre (total)
0
0
0
* Percentage Daily Intakes are based on an average adult diet of 8700 kJ. Your daily intakes may be higher or lower depending on your energy needs.","Carbonated Water, Food Acids (330, 332), Flavour, Sweeteners (951, 950), Preservative (212), Colours (110, 129)",https://www.coles.com.au/product/fanta-orange-zero-sugar-soft-drink-12x300ml-12-pack-5192827,,,2024-06-16T14:50:44.633342-04:00
Ind56SColes_ADrinks_SASoft drinks_IFever-Tree Premium Mixers Elderflower Tonic Water 4x200mL | 4 pack,Fever-Tree Premium Mixers Elderflower Tonic Water 4x200mL | 4 pack,Fever-Tree,Drinks,Soft drinks,Mixers,,$9.00,,,$11.25 per 1L,3536674,"We've taken the essential oils from fragrant, handpicked English elderflowers with our signature quinine sourced from the Democratic Republic of the Congo, we have created a delicious, floral variation of our Indian tonic water.
No. 1 Best Selling & Top Trending Mixer for 10 years running as voted by Drinks International

No artificial colours or flavours.",,,"Per 100g/ml
Per Serving
%DI
Energy
146
292
Protein
0
0
Total Fat
0
0
Saturated Fat
0
0
Carbohydrate
7.9g
15.8g
Sugars
7.9g
15.8g
Sodium
7mg
14mg
Monounsaturated
0
0
Energy (Cal)
34
68
Dietary Fibre (total)
0
0
Polyunsaturated
0
0
Trans
0
0
* Percentage Daily Intakes are based on an average adult diet of 8700 kJ. Your daily intakes may be higher or lower depending on your energy needs.",,https://www.coles.com.au/product/fever-tree-premium-mixers-elderflower-tonic-water-4x200ml-4-pack-3536674,,,2024-06-16T14:50:55.689240-04:00
Ind56SColes_ADrinks_SASoft drinks_ISprite Zero Sugar Lemonade Soft Drink Multipack Bottles 12x300mL | 12 pack,Sprite Zero Sugar Lemonade Soft Drink Multipack Bottles 12x300mL | 12 pack,Sprite,Drinks,Soft drinks,Soft drink bottles,,$11.40,,$19.00,$3.17 per 1L,5192838,"With its clean, crisp, lemon-lime taste, Sprite Zero Sugar is a lemonade soft drink. Quench your thirst with a no sugar hit of refreshment! Perfect with meals, as a mixer, on the go and relaxing at home. Sprite No Sugar softdrink has no artificial colours. Sprite No Sugar is available in cans, mini cans, single serve and sharing size bottles as well as multipacks.
Hit of refreshment

Lemon-lime flavour

No added colours

Zero Sugar

Great with meals",,,"Per 100g/ml
Per Serving
%DI
Energy
4.2
12.6
0.1
Protein
0.05
0.2
0.3
Total Fat
0
0
0
Saturated Fat
0
0
0
Carbohydrate
0.1
0.3
0.1
Sugars
0
0
0
Sodium
12.7
38
2
Energy (Cal)
1
3
0.1
Dietary Fibre (total)
0
0
0
* Percentage Daily Intakes are based on an average adult diet of 8700 kJ. Your daily intakes may be higher or lower depending on your energy needs.",,https://www.coles.com.au/product/sprite-zero-sugar-lemonade-soft-drink-multipack-bottles-12x300ml-12-pack-5192838,,,2024-06-16T14:51:06.564775-04:00
Ind56SColes_ADrinks_SASoft drinks_IBundaberg Brewed Ginger Beer 6X200mL | 6 pack,Bundaberg Brewed Ginger Beer 6X200mL | 6 pack,Bundaberg,Drinks,Soft drinks,Mixers,,$5.75,,$7.80,$4.79 per 1L,3532797,"The iconic taste of Bundaberg Ginger Beer starts with homegrown Aussie ginger, including ginger from our very own farm. Our Master Brewers then brew over 3 days to our traditional family recipe, the same we've used for 4 generations.
Pour your brew into a glass and you'll see real ginger pieces floating throughout. Be sure to invert the can before opening to enjoy the full refreshing flavour.
- Real Aussie Ginger
- Brewed over 3 days
- Australian family owned
- Best enjoyed cold
Made in Australia",,,"Per 100g/ml
Per Serving
%DI
Energy
182kJ
364kJ
4%
Protein
<1g
<1g
0%
Total Fat
<1g
<1g
0%
Saturated Fat
<1g
<1g
0%
Carbohydrate
10.7g
21.4g
7%
Sugars
10.6g
21.2g
24%
Sodium
11mg
22mg
1%
* Percentage Daily Intakes are based on an average adult diet of 8700 kJ. Your daily intakes may be higher or lower depending on your energy needs.",,https://www.coles.com.au/product/bundaberg-brewed-ginger-beer-6x200ml-6-pack-3532797,,,2024-06-16T14:51:17.480810-04:00
Ind56SColes_ADrinks_SA_IBundaberg Diet Ginger Beer Multipack 10X375mL | 10 pack,Bundaberg Diet Ginger Beer Multipack 10X375mL | 10 pack,Bundaberg,Drinks,,,,$16.95,,,$4.52 per 1L,2480632,"Craft brewed over 3 days just like the original, Bundaberg Diet Ginger Beer contains less sugar and almost twice the ginger! Great for those looking for full flavour with less calories.
Hold a bottle up to the light and you'll see real ginger pieces suspended throughout. Be sure to invert the bottle before opening to enjoy the full refreshing flavour.
- Real Aussie Ginger
- Brewed over 3 days
- Australian family owned
- Best enjoyed cold",,,"Per 100g/ml
Per Serving
%DI
Energy
34kJ
128kJ
1%
Protein
<1g
<1g
0%
Total Fat
<1g
<1g
0%
Saturated Fat
<1g
<1g
0%
Carbohydrate
1.7g
6.4g
2%
Sugars
1.2g
4.5g
5%
Sodium
11mg
42mg
2%
* Percentage Daily Intakes are based on an average adult diet of 8700 kJ. Your daily intakes may be higher or lower depending on your energy needs.",,https://www.coles.com.au/product/bundaberg-diet-ginger-beer-multipack-10x375ml-10-pack-2480632,,,2024-06-16T14:51:28.937787-04:00
Ind56SColes_ADrinks_SASoft drinks_IH2aloe Aloe Vera Water Pure | 1L,H2aloe Aloe Vera Water Pure | 1L,H2aloe,Drinks,Soft drinks,Kombucha & other drinks,,$3.70,,,$3.70 per 1L,4301891,"You had me at aloe! Made with real aloe juice & aloe chunks, this refreshing elixir isn't just a drink; it's a sweet, revitalizing refresher for your summer days. With its delightful taste and rejuvenating properties, it's the summertime staple you didn't know you needed.
100% natural

Not from concentrate

No added sugar

Naturally gluten-free, fat-free and lactose-free

No cholesterol

Vegan friendly.

This bottle removes its equivalent weight in plastic from ocean-bound waste.

Net zero emissions.",,,"Per 100g/ml
Per Serving
%DI
Energy
77
193
0
Protein
0g
0g
0
Total Fat
0g
0g
0
Saturated Fat
0g
0g
0
Carbohydrate
4.5g
11g
0
Sugars
4g
10g
0
Calcium
0
0
0
Cholesterol
0
0
0
Lactose
0
0
0
Sodium
25mg
63mg
0
Monounsaturated
0
0
0
Vitamin C
0
0
0
Energy (Cal)
0
0
0
Dietary Fibre (total)
0g
0g
0
Magnesium
0
0
0
Polyunsaturated
0
0
0
Gluten
0
0
0
Potassium
0
0
0
Trans
0
0
0
* Percentage Daily Intakes are based on an average adult diet of 8700 kJ. Your daily intakes may be higher or lower depending on your energy needs.",,https://www.coles.com.au/product/h2aloe-aloe-vera-water-pure-1l-4301891,,,2024-06-16T14:51:40.061361-04:00
Ind56SColes_ADrinks_SASoft drinks_IColes Mixer No Sugar Diet Dry Ginger Ale | 1.25L,Coles Mixer No Sugar Diet Dry Ginger Ale | 1.25L,Coles,Drinks,Soft drinks,Mixers,,$1.20,,,$0.96 per 1L,5180486,Sparkling Mixer,,,"Per 100g/ml
Per Serving
%DI
Energy
0
0
Protein
0
0
Carbohydrate
0
0
Sugars
0
0
Sodium
5
13
1
Saturated
0
0
Energy (Cal)
0
0
Fat
0
0
Dietary Fibre (total)
0
0
* Percentage Daily Intakes are based on an average adult diet of 8700 kJ. Your daily intakes may be higher or lower depending on your energy needs.",,https://www.coles.com.au/product/coles-mixer-no-sugar-diet-dry-ginger-ale-1.25l-5180486,,,2024-06-16T14:51:52.242619-04:00
Ind56SColes_ADrinks_SASoft drinks_ICoca-Cola Zero Caffeine Free Coke Soft Drink 6X250mL | 6 pack,Coca-Cola Zero Caffeine Free Coke Soft Drink 6X250mL | 6 pack,Coca-Cola,Drinks,Soft drinks,Soft drink cans,,$6.75,,$9.20,$4.50 per 1L,6670094,"Coca-Cola Zero Sugar Caffeine Free is a deliciously light choice for those who want the classic taste of Coke without the Caffeine and no sugar. Whether sharing with family and friends or accompanying a meals, Coca-Cola Zero Sugar Caffeine Free has a pack for almost any occasion. Coca-Cola Zero Sugar Caffeine Free soft drink is available in cans, sharing size bottles and multipacks.
Perfect for drinking on the go, having with a meal or relaxing with at home.

Serve Drink Cold for Maximum Refreshment

Made in Australia

A Quality Product of The Coca-Cola Company

A Quality Product of The Coca-Cola Company",,,"Per 100g/ml
Per Serving
%DI
Energy
0.8
2
Protein
0.05
0.1
Total Fat
0
0
Saturated Fat
0
0
Carbohydrate
0.1
0.3
Sugars
0
0
Sodium
4.1
10.3
Energy (Cal)
0.2
0.5
Dietary Fibre (total)
0
0
Caffeine
0
0
* Percentage Daily Intakes are based on an average adult diet of 8700 kJ. Your daily intakes may be higher or lower depending on your energy needs.",,https://www.coles.com.au/product/coca-cola-zero-caffeine-free-coke-soft-drink-6x250ml-6-pack-6670094,,,2024-06-16T14:52:03.204512-04:00
Ind56SColes_ADrinks_SASoft drinks_IBundaberg Brewed Drink Pineapple & Coconut 4x375mL | 4 pack,Bundaberg Brewed Drink Pineapple & Coconut 4x375mL | 4 pack,Bundaberg,Drinks,Soft drinks,Mixers,,$7.45,,,$4.97 per 1L,2481293,"Brewed using coconut water and pineapple juice, Bundaberg Pineapple & Coconut is reminiscent of a tropical summers day. As you enjoy this brew you'll notice the flavour of pineapple on your tongue and coconut as you swallow.
Brewed using coconut water and pineapple juice
Brewed over 2 days
Australian family owned
Best enjoyed chilled",,,"Per 100g/ml
Per Serving
%DI
Energy
196kJ
735kJ
8%
Protein
<1g
<1g
0%
Total Fat
<1g
<1g
0%
Saturated Fat
<1g
<1g
0%
Carbohydrate
11.5g
43.2g
14%
Sugars
11.5g
43.2g
48%
Sodium
12mg
46mg
2%
* Percentage Daily Intakes are based on an average adult diet of 8700 kJ. Your daily intakes may be higher or lower depending on your energy needs.",,https://www.coles.com.au/product/bundaberg-brewed-drink-pineapple-and-coconut-4x375ml-4-pack-2481293,,,2024-06-16T14:52:14.192777-04:00
Ind56SColes_ADrinks_SASoft drinks_ISchweppes Soda Water Bottle Classic Mixers | 1.1L,Schweppes Soda Water Bottle Classic Mixers | 1.1L,Schweppes,Drinks,Soft drinks,Mixers,,$3.00,Pick any 2 for $3,,$2.73 per 1L,3014770,"Looking for a refreshing drink that can also be used as a versatile mixer? Look no further than Schweppes Classic Mixers Soda Water 1.1L! This premium soda water is made with mineral salts and pristine triple filtered water, creating a crisp and delightful taste that's perfect for any occasion.

But what really sets Schweppes Classic Mixers Soda Water apart is its signature Schweppervescence - the delicate bubbles that give this drink its incredible fizz and texture. Whether you enjoy it on its own or as a mixer for your favourite alcohol, Schweppes Classic Mixers Soda Water is sure to add some sparkle to your day.

So why not try it chilled, with fresh lemon, lime or orange slices for a refreshing and invigorating drink? Or get creative and mix it with your favourite spirits to create delicious and unique cocktails. With Schweppes Classic Mixers Soda Water, the possibilities are endless!
Premium soda water made with mineral salts and triple filtered water

Signature Schweppervescence for incredible fizz and texture

Refreshing and invigorating when served chilled with fresh fruit

Versatile mixer for creating unique and delicious cocktails

Endless possibilities for adding sparkle to any occasion",,,"Per 100g/ml
Per Serving
%DI
Energy
0kJ
0kJ
Protein
0g
0g
Total Fat
0g
0g
Saturated Fat
0g
0g
Carbohydrate
0g
0g
Sugars
0g
0g
Sodium
1mg
3mg
* Percentage Daily Intakes are based on an average adult diet of 8700 kJ. Your daily intakes may be higher or lower depending on your energy needs.",,https://www.coles.com.au/product/schweppes-soda-water-bottle-classic-mixers-1.1l-3014770,,,2024-06-16T14:52:25.227261-04:00
Ind56SColes_ADrinks_SASoft drinks_IFever-Tree Premium Mixers Mediterranean Light Tonic | 500mL,Fever-Tree Premium Mixers Mediterranean Light Tonic | 500mL,Fever-Tree,Drinks,Soft drinks,Mixers,,$5.00,,,$10.00 per 1L,4819368,"In our Light version, we use fruit sugar to sweeten the drink. The rocky hillside farms of the Provence region of southern France benefit from the warm air flowing inland from the Mediterranean Sea, creating perfect growing conditions for hardy aromatic shrubs like lemon thyme. The well-drained soil and long, sun-filled days allow these plants to thrive and the flavours to deepen.
No. 1 Best Selling & Top Trending Mixer for 10 years running as voted by Drinks International

Same great taste, and made with with 46% less calories, our Light Mediterranean Tonic Water never compromises on flavour.

No artificial colours or flavours.",,,"Per 100g/ml
Per Serving
%DI
Energy
72
144
Protein
0
0
Total Fat
0
0
Saturated Fat
0
0
Carbohydrate
4.2g
8.4g
Sugars
4.2g
8.4g
Sodium
7mg
14mg
Monounsaturated
0
0
Energy (Cal)
17
34
Dietary Fibre (total)
0
0
Polyunsaturated
0
0
Trans
0
0
* Percentage Daily Intakes are based on an average adult diet of 8700 kJ. Your daily intakes may be higher or lower depending on your energy needs.",,https://www.coles.com.au/product/fever-tree-premium-mixers-mediterranean-light-tonic-500ml-4819368,,,2024-06-16T14:52:35.995662-04:00
Ind56SColes_ADrinks_SASoft drinks_IFever-Tree Premium Mixers Raspberrylight Tonic | 500mL,Fever-Tree Premium Mixers Raspberrylight Tonic | 500mL,Fever-Tree,Drinks,Soft drinks,Mixers,,$5.00,,,$10.00 per 1L,5582537,"By blending natural flavourings of sweet British rhubarb with juicy Scottish raspberries, we've created a refreshingly fruity tonic water, reminiscent of an English summer. Simply mix with your favourite pink or London Dry Gin for a sweeter twist on a gin and tonic.
No. 1 Best Selling & Top Trending Mixer for 10 years running as voted by Drinks International

Fruity and refreshing without the added sugar! This tonic is crafted to be packed full of flavour and at only 19 calories per 100mls, is perfect for all your mixing needs.

No artificial colours or flavours.",,,,"Carbonated Spring Water, Fructose (fruit sugar), Acid: Citric Acid, Natural Rhubarb Flavouring and Natural Raspberry Flavouring with other Natural Flavourings including Natural Quinine, Natural Colourings",https://www.coles.com.au/product/fever-tree-premium-mixers-raspberrylight-tonic-500ml-5582537,,,2024-06-16T14:52:44.869608-04:00
Ind56SColes_ADrinks_SASoft drinks_ISodasmith Light Tonic Can 4x200mL | 4 pack,Sodasmith Light Tonic Can 4x200mL | 4 pack,Sodasmith,Drinks,Soft drinks,Mixers,,$7.50,,,$9.38 per 1L,5563634,"Sodasmith Light Tonic Water is a more delicate version of the Tasmanian Tonic Water, made with 100% Tasmanian spring water and all-natural plant-based ingredients, but with 25% less sugar, making it the perfect companion for your favourite spirit. Crafted by the Elements.",,,,,https://www.coles.com.au/product/sodasmith-light-tonic-can-4x200ml-4-pack-5563634,,,2024-06-16T14:52:53.780489-04:00
Ind56SColes_ADrinks_SASoft drinks_IKirks Drink Pasito Sugar Free 10x375mL | 10 pack,Kirks Drink Pasito Sugar Free 10x375mL | 10 pack,Kirks,Drinks,Soft drinks,Soft drink cans,,$8.70,,$14.50,$2.32 per 1L,4395851,"This ain't just any Passionfruit flavoured drink, this is Kirks 'Pasito'. It's as classic as Aunty Dawn's Pavlova, served with passionfruit of course. So we hope you enjoy the 'Passionfruiti-ness'.",,,,,https://www.coles.com.au/product/kirks-drink-pasito-sugar-free-10x375ml-10-pack-4395851,,,2024-06-16T14:53:02.892791-04:00
Ind56SColes_ADrinks_SASoft drinks_IColes Soft Drink Orange | 1.25L,Coles Soft Drink Orange | 1.25L,Coles,Drinks,Soft drinks,Soft drink bottles,,$1.20,,,$0.96 per 1L,5179148,"Coles Orange Flavoured Soft Drink, 1.25L. A refreshing and bubbly drink perfect on its own or as a mixer. Enjoy by the pool, at dinner or at your next event!",,,"Per 100g/ml
Per Serving
%DI
Energy
196kJ
489kJ
6%
Protein
0g
0g
Total Fat
0g
0g
Saturated Fat
0g
0g
Carbohydrate
11.5g
28.8g
9%
Sugars
11.5g
28.8g
32%
Sodium
10mg
25mg
1%
Dietary Fibre (total)
0g
0g
* Percentage Daily Intakes are based on an average adult diet of 8700 kJ. Your daily intakes may be higher or lower depending on your energy needs.",,https://www.coles.com.au/product/coles-soft-drink-orange-1.25l-5179148,,,2024-06-16T14:53:13.934306-04:00
Ind56SColes_ADrinks_SASoft drinks_ILa Ice Cola Soft Drink | 2L,La Ice Cola Soft Drink | 2L,La Ice,Drinks,Soft drinks,Soft drink bottles,,$1.75,,$2.00,$0.88 per 1L,2506339,"Launched in 2000, LA Ice has gone on to become one of Australia's favourite colas. With a rich caramel flavour and great cola taste, LA Ice has become the cola alternative for consumers looking for a change from the major cola brands.",,,"Per 100g/ml
Per Serving
%DI
Energy
179kJ
446kJ
5%
Protein
0g
0g
0%
Total Fat
0g
0g
0%
Saturated Fat
0g
0g
0%
Carbohydrate
10.5g
26.3g
8%
Sugars
10.5g
26.3g
29%
Sodium
5mg
13mg
1%
* Percentage Daily Intakes are based on an average adult diet of 8700 kJ. Your daily intakes may be higher or lower depending on your energy needs.","Carbonated Water, Sugar, Colour (150d), Food Acid (338), Caffeine, Natural Flavour",https://www.coles.com.au/product/la-ice-cola-soft-drink-2l-2506339,,,2024-06-16T14:53:24.734892-04:00
Ind56SColes_ADrinks_SASoft drinks_IQue Cola No Sugar Cola | 1.25L,Que Cola No Sugar Cola | 1.25L,Que Cola,Drinks,Soft drinks,Soft drink bottles,,$1.20,,,$0.96 per 1L,3243563,"A refreshing range of colas exclusive to Coles supermarkets, Que is available in Regular and No Sugar. Great taste and well priced! Taste the difference.",,,"Per 100g/ml
Per Serving
%DI
Energy
2kJ
6kJ
0.10%
Protein
0g
0g
0%
Total Fat
0g
0g
0%
Saturated Fat
0g
0g
0%
Carbohydrate
0.1g
0.3g
0.10%
Sugars
0g
0g
0%
Sodium
15mg
38mg
2%
Dietary Fibre (total)
0g
0g
0%
* Percentage Daily Intakes are based on an average adult diet of 8700 kJ. Your daily intakes may be higher or lower depending on your energy needs.",,https://www.coles.com.au/product/que-cola-no-sugar-cola-1.25l-3243563,,,2024-06-16T14:53:35.577962-04:00
Ind56SColes_ADrinks_SASoft drinks_IKirks Sugar Free Pasito Soft Drink | 1.25L,Kirks Sugar Free Pasito Soft Drink | 1.25L,Kirks,Drinks,Soft drinks,Soft drink bottles,,$1.60,,$2.70,$0.96 per 1L,4397904,"This ain't just any Passionfruit flavoured drink, this is Kirks 'Pasito'. It's as classic as Aunty Dawn's Pavlova, served with passionfruit of course. So we hope you enjoy the 'Passionfruiti-ness'.",,,"Per 100g/ml
Per Serving
%DI
Energy
5kJ
13kJ
Protein
Less than 0.1g
Less than 0.1g
Total Fat
0g
0g
Saturated Fat
0g
0g
Carbohydrate
0g
0g
Sugars
0g
0g
Sodium
11mg
28mg
Energy (Cal)
1Cal
3Cal
* Percentage Daily Intakes are based on an average adult diet of 8700 kJ. Your daily intakes may be higher or lower depending on your energy needs.",,https://www.coles.com.au/product/kirks-sugar-free-pasito-soft-drink-1.25l-4397904,,,2024-06-16T14:53:46.378504-04:00
Ind56SColes_ADrinks_SASoft drinks_ISchweppes Lemonade Soft Drink Bottle | 1.1L,Schweppes Lemonade Soft Drink Bottle | 1.1L,Schweppes,Drinks,Soft drinks,Soft drink bottles,,$3.00,Pick any 2 for $3,,$2.73 per 1L,3270191,"With a harmonious blend of lemon and lime oils, Schweppes Lemonade 1.1L delivers a zesty, crisp taste to delight your senses. It's handcrafted by Schweppes' Master Blenders, making it an iconic drink to share with friends and family. Enjoy chilled on its own, or mix into cocktails.
Hand crafted recipe by Schweppes' Master Blenders

Bespoke blend of lemon and lime oils

Inspired by the original Schweppes Aerated Lemonade from 1835

Crisp, clean taste

A drink loved by generations",,,"Per 100g/ml
Per Serving
%DI
Energy
143kJ
358kJ
Protein
0g
0g
Total Fat
0g
0g
Saturated Fat
0g
0g
Carbohydrate
8.2g
20.5g
Sugars
8.2g
20.5g
Sodium
6mg
15mg
* Percentage Daily Intakes are based on an average adult diet of 8700 kJ. Your daily intakes may be higher or lower depending on your energy needs.",,https://www.coles.com.au/product/schweppes-lemonade-soft-drink-bottle-1.1l-3270191,,,2024-06-16T14:53:57.579260-04:00
Ind56SColes_ADrinks_SASoft drinks_IWimmers Creaming Soda | 1.25L,Wimmers Creaming Soda | 1.25L,Wimmers,Drinks,Soft drinks,Soft drink bottles,,$2.20,,,$1.76 per 1L,1090406,"Wet your whistle with Wimmers. Wimmers is known for its wide range of refreshing flavours. Our soft drinks have been in Australias fridges since 1910, making us one of the nations oldest manufacturers.",,,,,https://www.coles.com.au/product/wimmers-creaming-soda-1.25l-1090406,,,2024-06-16T14:54:06.771701-04:00
Ind56SColes_ADrinks_SASoft drinks_ILo Bros Kombucha Pineapple Lime 4x250mL | 4 pack,Lo Bros Kombucha Pineapple Lime 4x250mL | 4 pack,Lo Bros,Drinks,Soft drinks,Kombucha & other drinks,,$8.90,,,$8.90 per 1L,5484822,"We've taken the joy of summerÂ¦and bottled it. The fresh taste of pineapple with a splash of lime, lightly sparkling, naturally sweet and full of living cultures - it's so tasty you'd run a mile on hot sand to get one! It's time to rethink your drink! Lo Bros brews better-for-you drinks using a little process we like to call the Cycle of Doin' Good. It kicks off with old-school fermentation and know-how using the best organic ingredients, then transforms those bad old sugars into tasty drinks and positive change. Naturally low in sugar, bubbling with millions of living cultures, bursting with refreshing feel good flavour & giving the planet a helping hand too.",,,"Per 100g/ml
Per Serving
%DI
Energy
<40kJ
<40kJ
Protein
<1g
<1g
Total Fat
<1g
<1g
Saturated Fat
<1g
<1g
Carbohydrate
0.3g
0.8g
Sugars
0.3g
0.8g
Sodium
<5mg
<5mg
Dietary Fibre (total)
<1g
<1g
* Percentage Daily Intakes are based on an average adult diet of 8700 kJ. Your daily intakes may be higher or lower depending on your energy needs.",,https://www.coles.com.au/product/lo-bros-kombucha-pineapple-lime-4x250ml-4-pack-5484822,,,2024-06-16T14:54:18.730125-04:00
Ind56SColes_ADrinks_SASoft drinks_ICoca-Cola Zero Sugar Soft Drink Bottle | 2L,Coca-Cola Zero Sugar Soft Drink Bottle | 2L,Coca-Cola,Drinks,Soft drinks,Soft drink bottles,,$3.90,,,$1.95 per 1L,3029790,"Coca-Cola Zero Sugar is a deliciously light choice for those who want the classic taste of Coke with no sugar. Whether sharing with family and friends or accompanying a meal, Coca-Cola Zero Sugar has a pack for almost any occasion. Coca-Cola Zero Sugar soft drink is available in cans, mini cans, single serve and sharing size bottles as well as multipacks.
The Coke Taste You Love with No Sugar and Low Calories

Serve Drink Cold for Maximum Refreshment

A Quality Product of The Coca-Cola Company

Perfect for drinking on the go, having with a meal or relaxing with at home.

Serve Drink Cold for Maximum Refreshment",,,"Per 100g/ml
Per Serving
%DI
Energy
1.2
3
0.1
Protein
0.02
0.06
0.1
Total Fat
0
0
0
Saturated Fat
0
0
0
Carbohydrate
0.03
0.08
0.1
Sugars
0
0
0
Sodium
4.1
10.3
0.4
Energy (Cal)
0.3
0.7
0.1
Dietary Fibre (total)
0
0
0
* Percentage Daily Intakes are based on an average adult diet of 8700 kJ. Your daily intakes may be higher or lower depending on your energy needs.",,https://www.coles.com.au/product/coca-cola-zero-sugar-soft-drink-bottle-2l-3029790,,,2024-06-16T14:54:29.597955-04:00
Ind56SColes_ADrinks_SASoft drinks_ICoca-Cola Zero Sugar Soft Drink Multipack Mini Cans 6x250mL | 6 pack,Coca-Cola Zero Sugar Soft Drink Multipack Mini Cans 6x250mL | 6 pack,Coca-Cola,Drinks,Soft drinks,Soft drink cans,,$6.75,,$9.20,$4.50 per 1L,4398690,"Coca-Cola Zero Sugar is a deliciously light choice for those who want the classic taste of Coke with no sugar. Whether sharing with family and friends or accompanying a meal, Coca-Cola Zero Sugar has a pack for almost any occasion. Coca-Cola Zero Sugar soft drink is available in cans, mini cans, single serve and sharing size bottles as well as multipacks.
The Coke Taste You Love with No Sugar and Low Calories

6 x 250mL Mini Cans Soft Drink

Perfect for drinking on the go, having with a meal or relaxing with at home.

Serve Drink Cold for Maximum Refreshment

A Quality Product of The Coca-Cola Company",,,"Per 100g/ml
Per Serving
%DI
Energy
1.2
3
0.1
Protein
0.02
0.06
0.1
Total Fat
0
0
0
Saturated Fat
0
0
0
Carbohydrate
0.03
0.08
0.1
Sugars
0
0
0
Sodium
4.1
10.3
0.4
Energy (Cal)
0.3
0.7
0.1
Dietary Fibre (total)
0
0
0
* Percentage Daily Intakes are based on an average adult diet of 8700 kJ. Your daily intakes may be higher or lower depending on your energy needs.",,https://www.coles.com.au/product/coca-cola-zero-sugar-soft-drink-multipack-mini-cans-6x250ml-6-pack-4398690,,,2024-06-16T14:54:40.625373-04:00
Ind56SColes_ADrinks_SASoft drinks_ISchweppes Bitter Lemon Soft Drink Classic Mixers Multipack 300mL x 4 Pack | 4 pack,Schweppes Bitter Lemon Soft Drink Classic Mixers Multipack 300mL x 4 Pack | 4 pack,Schweppes,Drinks,Soft drinks,Mixers,,$7.40,,,$6.17 per 1L,7351885,"Looking for the perfect mixer to add an extra kick to your favourite drinks? Look no further than Schweppes Classic Mixers Bitter Lemon! Characterised by its signature bittersweet bite, this vibrant and zesty drink is the perfect addition to any cocktail or fruit juice.

Crafted with a complex blend of flavours, each sip of Schweppes Classic Mixers Bitter Lemon 4 x 300mL is sure to tantalise your taste buds. Combining orange and lemon peels with quinine, this distinctive refreshment boasts a zingy, delightfully fruity finish that lingers in your mouth.

Whether you're looking to create the perfect gin and tonic or simply want to add some extra oomph to your favourite fruit juice, Schweppes Classic Mixers Bitter Lemon is sure to impress. So why wait? Stock up on this delicious drink today and take your cocktail game to the next level!
Complex blend of flavours in each sip, tantalising taste buds.

Distinctive refreshment with zingy, fruity finish that lingers.

Perfect addition to any cocktail or fruit juice.

Crafted with orange and lemon peels and quinine.

Elevate your cocktail game with Schweppes Classic Mixers Bitter Lemon.",,,"Per 100g/ml
Per Serving
%DI
Energy
221kJ
663kJ
Protein
0g
0g
Total Fat
0g
0g
Saturated Fat
0g
0g
Carbohydrate
12.7g
38.1g
Sugars
12.4g
37.2g
Sodium
7mg
21mg
* Percentage Daily Intakes are based on an average adult diet of 8700 kJ. Your daily intakes may be higher or lower depending on your energy needs.",,https://www.coles.com.au/product/schweppes-bitter-lemon-soft-drink-classic-mixers-multipack-300ml-x-4-pack-4-pack-7351885,,,2024-06-16T14:54:51.475825-04:00
Ind56SColes_ADrinks_SASoft drinks_ISanpellegrino Aranciata Rossa Drink Cans | 4 pack,Sanpellegrino Aranciata Rossa Drink Cans | 4 pack,Sanpellegrino,Drinks,Soft drinks,Soft drink cans,,$7.50,,,$9.38 per 1L,3733358,"SANPELLEGRINO Italian Sparkling Drinks Aranciata Rossa (Blood Orange) 4 x 330mL Cans

SANPELLEGRINO Aranciata Rossa (Blood Orange) is elegantly sweet, soft and well-balanced. It's made with Italian sanguinello orange juice, giving the drink an aromatic and intense citrus flavor.

SANPELLEGRINO Traditional is a classic range of drinks bursting with the flavours of sun-ripened fruit from Italy and the Mediterranean, enhanced by the addition of sparkling water and natural aromas for drinks that call for tasty time-outs.

Every can of SANPELLEGRINO contains the excellence of quality fruit and an expertise that has made SANPELLEGRINO Italian Sparkling Drinks an Italian tradition since 1932. The aroma and taste of these extraordinary drinks bring to you the wonderful Mediterranean, known for its breathtaking landscapes, rich soils and temperate climate.

Discover classic Mediterranean fruit flavours and take the time for taste with SANPELLEGRINO Italian Sparkling Drinks.s

Bottled in Italy.",,,"Per 100g/ml
Per Serving
%DI
Energy
161 kJ
532kJ
6.0%
Protein
<1.0g
<1.0g
<1%
Total Fat
<1.0g
<1.0g
<1%
Saturated Fat
<1.0g
<1.0g
<1%
Carbohydrate
8.9g
29.4g
9.0%
Sugars
8.9g
29.1g
31.0%
Sodium
<5mg
8mg
<1%
* Percentage Daily Intakes are based on an average adult diet of 8700 kJ. Your daily intakes may be higher or lower depending on your energy needs.",,https://www.coles.com.au/product/sanpellegrino-aranciata-rossa-drink-cans-4-pack-3733358,,,2024-06-16T14:55:02.410940-04:00
Ind56SColes_ADrinks_SASoft drinks_IBundaberg Brewed Diet Ginger Beer | 750mL,Bundaberg Brewed Diet Ginger Beer | 750mL,Bundaberg,Drinks,Soft drinks,Mixers,,$3.75,,,$5.00 per 1L,9826214,"Craft brewed over 3 days just like the original, Bundaberg Diet Ginger Beer contains less sugar and almost twice the ginger! Great for those looking for full flavour with less calories. Hold a bottle up to the light and you'll see real ginger pieces suspended throughout. Be sure to invert the bottle before opening to enjoy the full refreshing flavour.
Real Aussie Ginger
Brewed over 3 days
Australian family owned
Best enjoyed cold",,,"Per 100g/ml
Per Serving
%DI
Energy
34kJ
85kJ
1%
Protein
<1g
<1g
0%
Total Fat
<1g
<1g
0%
Saturated Fat
<1g
<1g
0%
Carbohydrate
1.7g
4.3g
1%
Sugars
1.2g
3g
3%
Sodium
11mg
27.5mg
1%
* Percentage Daily Intakes are based on an average adult diet of 8700 kJ. Your daily intakes may be higher or lower depending on your energy needs.",,https://www.coles.com.au/product/bundaberg-brewed-diet-ginger-beer-750ml-9826214,,,2024-06-16T14:55:13.375477-04:00
Ind56SColes_ADrinks_SASoft drinks_IVibe Focus with Caffeine Raspberry Soft Drink Multipack Cans 330mL X 4 Pack | 4 pack,Vibe Focus with Caffeine Raspberry Soft Drink Multipack Cans 330mL X 4 Pack | 4 pack,Vibe,Drinks,Soft drinks,Kombucha & other drinks,,$10.00,,,$7.58 per 1L,7030236,"VIBE Raspberry Focus is bursting with personality, fizz, BIG flavour, low sugar and the extra oomph of functionality. It will get your mind out of the clutter and give you a caffeine hit from coffee beans to improve concentration and alertness, when consumed as part of a healthy and varied diet. VIBE is your soda friend with benefits!
Carefully formulated with caffeine from coffee beans to improve concentration and alertness.

Bursting with personality, fizz, big flavour, low sugar and the extra oomph of added functionality

Refreshing and delicious - the perfect pick me up when you need it most

Low in sugar with no artificial colours or flavours

Great tasting flavour for fun refreshment.",,,"Per 100g/ml
Per Serving
%DI
Energy
44kJ
145kJ
Protein
0g
0g
Total Fat
0g
0g
Saturated Fat
0g
0g
Carbohydrate
2.3g
7.6g
Sugars
2.3g
7.6g
Sodium
7mg
23mg
Energy (Cal)
11Cal
35Cal
Caffeine
23mg
76mg
* Percentage Daily Intakes are based on an average adult diet of 8700 kJ. Your daily intakes may be higher or lower depending on your energy needs.",,https://www.coles.com.au/product/vibe-focus-with-caffeine-raspberry-soft-drink-multipack-cans-330ml-x-4-pack-4-pack-7030236,,,2024-06-16T14:55:24.129006-04:00
Ind56SColes_ADrinks_SABeverages_ISchweppes Lemonade Multipack Mini Cans 275mL x 6 Pack | 6 pack,Schweppes Lemonade Multipack Mini Cans 275mL x 6 Pack | 6 pack,Schweppes,Drinks,Beverages,Soft drink & energy drinks,,$6.50,,,"$3.94 per 1L
Was $9.00 on May 2024",6476783,"With a harmonious blend of lemon and lime oils, Schweppes Lemonade 200mL delivers a zesty, crisp taste to delight your senses. It's handcrafted by Schweppes' Master Blenders, making it an iconic drink to share with friends and family. Enjoy chilled on its own, or mix into cocktails.
Hand crafted recipe by Schweppes' Master Blenders

Bespoke blend of lemon and lime oils

Inspired by the original Schweppes Aerated Lemonade from 1838

Crisp, clean taste

A drink loved by generations",,,"Per 100g/ml
Per Serving
%DI
Energy
143kJ
393kJ
Protein
0g
0g
Total Fat
0g
0g
Saturated Fat
0g
0g
Carbohydrate
8.2g
22.6g
Sugars
8.2g
22.6g
Sodium
10mg
28mg
* Percentage Daily Intakes are based on an average adult diet of 8700 kJ. Your daily intakes may be higher or lower depending on your energy needs.",,https://www.coles.com.au/product/schweppes-lemonade-multipack-mini-cans-275ml-x-6-pack-6-pack-6476783,,,2024-06-16T14:55:35.100988-04:00
Ind56SColes_ADrinks_SASoft drinks_IDeep Spring Natural Mineral Water Lemon Lime Citrus Multipack Mini Cans 6x250mL | 6 pack,Deep Spring Natural Mineral Water Lemon Lime Citrus Multipack Mini Cans 6x250mL | 6 pack,Deep Spring,Drinks,Soft drinks,Soft drink cans,,$6.75,,$9.20,$4.50 per 1L,5484640,"Deep Spring Lemon Lime Citrus is sparkling mineral water with a burst of real fruit juice. With low sugar and natural colours and flavours, it's delicious refreshment you can feel good about.
2.5 Health Star Rating

6 x 250mL Mini Cans

Lemon Lime Citrus Flavour

No artificial colours and no artificial flavours

Perfect for drinking with friends",,,"Per 100g/ml
Per Serving
%DI
Energy
47kJ
116kJ
1%
Protein
less than 0.1g
less than 0.1g
0%
Total Fat
less than 0.1g
less than 0.1g
0%
Saturated Fat
0.0g
0.0g
0%
Carbohydrate
2.2g
5.6g
2%
Sugars
2.2g
5.6g
6%
Sodium
10.2mg
26mg
1%
Energy (Cal)
11Cal
28Cal
Dietary Fibre (total)
0g
less than 0.1g
0%
* Percentage Daily Intakes are based on an average adult diet of 8700 kJ. Your daily intakes may be higher or lower depending on your energy needs.",,https://www.coles.com.au/product/deep-spring-natural-mineral-water-lemon-lime-citrus-multipack-mini-cans-6x250ml-6-pack-5484640,,,2024-06-16T14:55:46.221541-04:00
Ind56SColes_ADrinks_SASoft drinks_INexba Tonic No Sugar | 1L,Nexba Tonic No Sugar | 1L,Nexba,Drinks,Soft drinks,Mixers,,$2.60,,,$2.60 per 1L,3814369,"At Nexba we do sugar differently. We are on a mission to rid the world of sugar and artificial ingredients. Creating products that are all natural and completely sugar free.
Proudly Aussie made and owned, one sip takes you straight to summer.
Cheers to that!",,,"Per 100g/ml
Per Serving
%DI
Energy
9kJ
23kJ
Protein
0g
0g
Total Fat
0g
0g
Saturated Fat
0g
0g
Carbohydrate
0g
0.1g
Sugars
0g
0g
Sodium
0mg
0mg
* Percentage Daily Intakes are based on an average adult diet of 8700 kJ. Your daily intakes may be higher or lower depending on your energy needs.","Purified Sparkling Water, Nexba Natural Sweetener Blend (Erythritol*, Stevia), Citric Acid, Natural Flavours, Natural Quinine (Cinchona Bark Extract), *Erythritol is naturally produced by fermentation of Starches in Fruits and Vegetables",https://www.coles.com.au/product/nexba-tonic-no-sugar-1l-3814369,,,2024-06-16T14:55:57.281857-04:00
Ind56SColes_ADrinks_SASoft drinks_IWaterfords Sparkling Lite & Fruity Apple Berry | 1L,Waterfords Sparkling Lite & Fruity Apple Berry | 1L,Waterfords,Drinks,Soft drinks,Soft drink bottles,,$1.95,Pick any 2 for $3.00,,$1.95 per 1L,3047758,Low joule flavoured drink with sparkling natural mineral waterLite & Fruity 90% reduction in sugar when compared to Waterfords Full Sugar Flavoured Mineral Water.,,,"Per 100g/ml
Per Serving
%DI
Energy
12kJ
30kJ
0.30%
Protein
<1g
<1g
0%
Total Fat
<1g
<1g
0%
Saturated Fat
0g
0g
0%
Carbohydrate
0.5g
1.3g
0.40%
Sugars
0.4g
1.1g
1.20%
Sodium
14mg
35mg
1.50%
Dietary Fibre (total)
<1g
<1g
0%
* Percentage Daily Intakes are based on an average adult diet of 8700 kJ. Your daily intakes may be higher or lower depending on your energy needs.","Carbonated Water (94%) (Mineral Water (83%), Purified Water (11%)), Reconstituted Fruit Juices (5%) (Apple (4.9%), Raspberry (0.1%)), Food Acid (Citric), Natural Flavour, Preservative (211), Sweeteners (952, 955, 950), Colour (122)",https://www.coles.com.au/product/waterfords-sparkling-lite-and-fruity-apple-berry-1l-3047758,,,2024-06-16T14:56:08.368333-04:00
Ind56SColes_ADrinks_SASoft drinks_ISchweppes Traditional Sarsaparilla Soft Drink Bottle Root Beer | 1.1L,Schweppes Traditional Sarsaparilla Soft Drink Bottle Root Beer | 1.1L,Schweppes,Drinks,Soft drinks,Soft drink bottles,,$3.00,Pick any 2 for $3,,$2.73 per 1L,3270227,"Indulge in the deliciously classic taste of Schweppes Traditionals Sarsaparilla 1.1L, a refreshing beverage that boasts a unique and beloved flavour. Perfect for any occasion, this iconic drink has been enjoyed by generations as a timeless classic. With a vibrant effervescence that awakens your senses, it's no wonder that this beverage has become a household favourite.

Made with the finest ingredients, this traditional sarsaparilla is steeped in rich history; it's a treat for both the young and young at heart. The Schweppes brand is synonymous with quality and excellence, and this product is no exception. Enjoy the perfect balance of sweetness and sharpness that is unique to each sip.

This 1.1L bottle is perfect for sharing with friends and family, a refreshing choice for those sunny summer barbecues. The rich aroma and deep colour of this delightful beverage are simply irresistible. Enjoy it served over ice, or mix it up as the perfect base for a range of cocktail creations.

So if you're looking for a refreshing beverage with a familiar old-school charm, then look no further than Schweppes Traditionals Sarsaparilla 1.1L. Fully wrapped with nostalgia, it's the perfect treat for any true connoisseur of classic beverages. Guzzle down a bottle and experience a taste of tradition with each gulp, perfect for any movie night, game night or just because. Get yours today and rediscover the timeless sensation of a truly classic drink.
Enjoy the deliciously classic taste of Schweppes Traditionals Sarsaparilla

Made with the finest ingredients, steeped in rich history

Perfect for any occasion, a refreshing choice for sunny days

A balance of sweetness and sharpness in each sip

A nostalgic treat for any true connoisseur of classic beverages",,,"Per 100g/ml
Per Serving
%DI
Energy
177kJ
443kJ
Protein
0g
0g
Total Fat
0g
0g
Saturated Fat
0g
0g
Carbohydrate
10.2g
25.5g
Sugars
10.1g
25.3g
Sodium
6mg
15mg
* Percentage Daily Intakes are based on an average adult diet of 8700 kJ. Your daily intakes may be higher or lower depending on your energy needs.",,https://www.coles.com.au/product/schweppes-traditional-sarsaparilla-soft-drink-bottle-root-beer-1.1l-3270227,,,2024-06-16T14:56:19.739483-04:00
Ind56SColes_ADrinks_SASoft drinks_IFanta Raspberry Zero Sugar Soft Drink Mini Cans 6x250mL | 6 pack,Fanta Raspberry Zero Sugar Soft Drink Mini Cans 6x250mL | 6 pack,Fanta,Drinks,Soft drinks,Soft drink cans,,$6.75,,$9.20,$4.50 per 1L,5484560,"Bright, bubbly and popular, Fanta Raspberry Zero Sugar is a sparkling soft drink with delicious raspberry flavourwith no sugar. Fanta Raspberry Zero Sugar is perfect for relaxing at home, on the go or having with meals. Fanta Raspberry Zero Sugar is available in cans, mini cans, single serve and sharing size bottles.
Zero Sugar

Raspberry Flavour

Bold fruity taste

Bring home flavour

6 x 250mL Mini Cans Soft Drink

Bring home flavour.",,,"Per 100g/ml
Per Serving
%DI
Energy
2.8
7.1
0.1
Protein
0
0
0
Total Fat
0
0
0
Saturated Fat
0
0
0
Carbohydrate
0
0
0
Sugars
0
0
0
Sodium
1
2.5
0.1
Energy (Cal)
0.7
1.7
0.1
Dietary Fibre (total)
0
0
0
* Percentage Daily Intakes are based on an average adult diet of 8700 kJ. Your daily intakes may be higher or lower depending on your energy needs.",,https://www.coles.com.au/product/fanta-raspberry-zero-sugar-soft-drink-mini-cans-6x250ml-6-pack-5484560,,,2024-06-16T14:56:30.477502-04:00
Ind56SColes_ADrinks_SASoft drinks_IBundaberg Brewed Passionfruit 6x200mL | 6 pack,Bundaberg Brewed Passionfruit 6x200mL | 6 pack,Bundaberg,Drinks,Soft drinks,Mixers,,$5.75,,$7.80,$4.79 per 1L,4444323,"Bundaberg Passion Fruit is slowly brewed over 2 days to unlock the refreshing, bold taste of this tropical favourite. Staying true to the fruit, from the moment you crack open the can you can smell the real passionfruit inside.
- Australian Family Owned
- No Artificial Colours or Flavours
- Made in Australia",,,"Per 100g/ml
Per Serving
%DI
Energy
196kJ
392kJ
5%
Protein
<1g
<1g
0%
Total Fat
<1g
<1g
0%
Saturated Fat
<1g
<1g
0%
Carbohydrate
11.5g
23g
7%
Sugars
11.5g
23g
25%
Sodium
7mg
14mg
1%
* Percentage Daily Intakes are based on an average adult diet of 8700 kJ. Your daily intakes may be higher or lower depending on your energy needs.",,https://www.coles.com.au/product/bundaberg-brewed-passionfruit-6x200ml-6-pack-4444323,,,2024-06-16T14:56:41.291520-04:00
Ind56SColes_ADrinks_SASoft drinks_ISprite Zero Sugar Lemonade Soft Drink Multipack Mini Cans 6 x 250mL | 6 pack,Sprite Zero Sugar Lemonade Soft Drink Multipack Mini Cans 6 x 250mL | 6 pack,Sprite,Drinks,Soft drinks,Soft drink cans,,$6.75,,$9.20,$4.50 per 1L,4398758,"With its clean, crisp, lemon-lime taste, Sprite Zero Sugar is a lemonade soft drink. Quench your thirst with a zero sugar hit of refreshment! Perfect with meals, as a mixer, on the go and relaxing at home. Sprite Zero Sugar softdrink has no artificial colours. Sprite Zero Sugar is available in cans, mini cans, single serve and sharing size bottles as well as multipacks.
Hit of refreshment

Lemon-lime flavour

No added colours

Zero Sugar

Great with meals",,,"Per 100g/ml
Per Serving
%DI
Energy
2.5
4.2
0.1
Protein
1
2.5
Total Fat
0
0
Saturated Fat
0
0
Carbohydrate
0.1
0.3
Sugars
0
0
Sodium
12.7
32
Energy (Cal)
4.2
10.5
0.1
Dietary Fibre (total)
0
0
* Percentage Daily Intakes are based on an average adult diet of 8700 kJ. Your daily intakes may be higher or lower depending on your energy needs.",,https://www.coles.com.au/product/sprite-zero-sugar-lemonade-soft-drink-multipack-mini-cans-6-x-250ml-6-pack-4398758,,,2024-06-16T14:56:52.310716-04:00
Ind56SColes_ADrinks_SASoft drinks_ICoca-Cola Zero Sugar Caffeine Free Soft Drink Multipack Cans 10x375mL | 10 pack,Coca-Cola Zero Sugar Caffeine Free Soft Drink Multipack Cans 10x375mL | 10 pack,Coca-Cola,Drinks,Soft drinks,Soft drink cans,,$19.00,Pick any 2 for $25,,$5.07 per 1L,3989996,"Coca-Cola Zero Sugar Caffeine Free is a deliciously light choice for those who want the classic taste of Coke without the Caffeine and no sugar. Whether sharing with family and friends or accompanying a meals, Coca-Cola Zero Sugar Caffeine Free has a pack for almost any occasion. Coca-Cola Zero Sugar Caffeine Free soft drink is available in cans, sharing size bottles and multipacks.
Caffeine Free

Multipack soft drink, 10 x 375ml Cans

Perfect for drinking on the go, having with a meal or relaxing with at home.

Serve Drink Cold for Maximum Refreshment

A Quality Product of The Coca-Cola Company",,,"Per 100g/ml
Per Serving
%DI
Energy
0.8
3
0.1
Protein
0.05
0.2
0.4
Total Fat
0
0
0
Saturated Fat
0
0
0
Carbohydrate
0.1
0.4
0.1
Sugars
0
0
0
Sodium
4.1
15
0.7
Energy (Cal)
0.2
0.7
0.1
Dietary Fibre (total)
0
0
0
Caffeine
0
0
* Percentage Daily Intakes are based on an average adult diet of 8700 kJ. Your daily intakes may be higher or lower depending on your energy needs.",,https://www.coles.com.au/product/coca-cola-zero-sugar-caffeine-free-soft-drink-multipack-cans-10x375ml-10-pack-3989996,,,2024-06-16T14:57:03.322316-04:00
Ind56SColes_ADrinks_SASoft drinks_ISchweppes Zero Sugar Lemon Lime Bitters Soft Drink Classic Mixers Multipack Bottles 300mL x 4 Pack | 4 pack,Schweppes Zero Sugar Lemon Lime Bitters Soft Drink Classic Mixers Multipack Bottles 300mL x 4 Pack | 4 pack,Schweppes,Drinks,Soft drinks,Mixers,,$7.40,,,$6.17 per 1L,3752782,"Indulge in a classic drink without the sugar of sugar intake with Schweppes Classic Mixers Lemon Lime & Bitters Zero Sugar 4 x 300mL. Perfect for any occasion, this beloved Australian combination of aromatic bitters and zesty lemon and lime juices makes for a refreshing and satisfying beverage.

Whether you're hosting a party or enjoying a quiet night in, Schweppes Classic Mixers Lemon Lime & Bitters Zero Sugar is the ideal mixer for any occasion. Serve it over ice with a slice of lemon for a refreshing summer drink or mix it with your favourite alcohol for a delicious cocktail.

This zero sugar classic mixer is not only a crowd-pleaser but also a great alternative to traditional sugary drinks. Perfect for family gatherings and hot summer days, Schweppes Classic Mixers Lemon Lime & Bitters Zero Sugar will leave you feeling refreshed and energised.

So, why wait? Grab your bottle of Schweppes Classic Mixers Lemon Lime & Bitters Zero Sugar 4 x 300mL now and experience the perfect blend of sweet and tangy flavours. Enjoy the classic taste of this Australian favourite with zero sugar and indulge in every sip, sugar-free.
Enjoy the classic flavour of Australian lemon lime & bitters sugar-free

Perfect for any occasion

parties, gatherings, or a quiet night in

A great alternative to traditional sugary drinks

Refreshing and satisfying whether served alone or mixed with alcohol",,,"Per 100g/ml
Per Serving
%DI
Energy
11kJ
33kJ
Protein
0g
0g
Total Fat
0g
0g
Saturated Fat
0g
0g
Carbohydrate
0g
0g
Sugars
0g
0g
Sodium
20mg
60mg
Dietary Fibre (total)
0g
0g
* Percentage Daily Intakes are based on an average adult diet of 8700 kJ. Your daily intakes may be higher or lower depending on your energy needs.",,https://www.coles.com.au/product/schweppes-zero-sugar-lemon-lime-bitters-soft-drink-classic-mixers-multipack-bottles-300ml-x-4-pack-4-pack-3752782,,,2024-06-16T14:57:14.581930-04:00
Ind56SColes_ADrinks_SASoft drinks_ICoca-Cola Zero Sugar Soft Drink Multipack Cans 24x375mL | 24 pack,Coca-Cola Zero Sugar Soft Drink Multipack Cans 24x375mL | 24 pack,Coca-Cola,Drinks,Soft drinks,Soft drink cans,,$23.10,,$38.50,$2.57 per 1L,2993740,"Coca-Cola Zero Sugar is a deliciously light choice for those who want the classic taste of Coke with no sugar. Whether sharing with family and friends or accompanying a meal, Coca-Cola Zero Sugar has a pack for almost any occasion. Coca-Cola Zero Sugar soft drink is available in cans, mini cans, single serve and sharing size bottles as well as multipacks.
The Coke Taste You Love with No Sugar and Low Calories

Serve Drink Cold for Maximum Refreshment

A Quality Product of The Coca-Cola Company

Perfect for drinking on the go, having with a meal or relaxing with at home.

Serve Drink Cold for Maximum Refreshment",,,"Per 100g/ml
Per Serving
%DI
Energy
1.2
4.5
0.1
Protein
0.02
0.09
0.2
Total Fat
0
0
0
Saturated Fat
0
0
0
Carbohydrate
0.03
0.1
0.1
Sugars
0
0
0
Sodium
4.1
15
0.7
Energy (Cal)
0.3
1.1
0.1
Dietary Fibre (total)
0
0
0
* Percentage Daily Intakes are based on an average adult diet of 8700 kJ. Your daily intakes may be higher or lower depending on your energy needs.",,https://www.coles.com.au/product/coca-cola-zero-sugar-soft-drink-multipack-cans-24x375ml-24-pack-2993740,,,2024-06-16T14:57:25.874180-04:00
Ind56SColes_ADrinks_SASoft drinks_ICoca-Cola Classic Soft Drink Multipack Cans 24x375mL | 24 pack,Coca-Cola Classic Soft Drink Multipack Cans 24x375mL | 24 pack,Coca-Cola,Drinks,Soft drinks,Soft drink cans,,$23.10,,$38.50,$2.57 per 1L,7365777,"Nothing beats the taste of Coca-Cola Classic. It's the perfect companion whether you're on the go, relaxing at home, enjoying with friends or as a drink with your meal. Refresh yourself with the authentic Coke taste. Designed to go with everything, the taste of Classic Coca-Cola has remained unchanged for more than 130 years. Coca-Cola soft drink is available in cans, mini cans, single serve and sharing size bottles as well as multipacks.
Classic Coke Taste

Serve Drink Cold for Maximum Refreshment

A Quality Product of The Coca-Cola Company

Multipack soft drink, 24 x 375ml Cans

Perfect for drinking on the go, having with a meal or relaxing with at home.",,,"Per 100g/ml
Per Serving
%DI
Energy
180
675
8
Protein
0
0
0
Total Fat
0
0
0
Saturated Fat
0
0
0
Carbohydrate
10.6
40
13
Sugars
10.6
40
44
Sodium
10
38
2
Energy (Cal)
43
161
8
* Percentage Daily Intakes are based on an average adult diet of 8700 kJ. Your daily intakes may be higher or lower depending on your energy needs.",,https://www.coles.com.au/product/coca-cola-classic-soft-drink-multipack-cans-24x375ml-24-pack-7365777,,,2024-06-16T14:57:36.907190-04:00
Ind56SColes_ADrinks_SASoft drinks_IPepsi Cola Soft Drink Cans Multipack 375mL x 10 Pack | 10 pack,Pepsi Cola Soft Drink Cans Multipack 375mL x 10 Pack | 10 pack,Pepsi,Drinks,Soft drinks,Soft drink cans,,$9.00,,$18.00,$2.40 per 1L,2684213,"The smooth taste of Pepsi cola offers a deliciously refreshing and thirst-quenching soft drink that can be enjoyed anytime. Our classic and bold cola soft drink is best enjoyed chilled or poured over ice.



If you are thinking about reducing your sugar intake then try Pepsi Max, a bold cola taste with no sugar and no taste compromise that offers mouth-watering refreshment.


Equally if you are looking for something a bit different then try one of our deliciously refreshing Pepsi Max No Sugar Flavours; Vanilla, Mango or Creaming Soda.



The 10 x Pepsi can pack is an ideal pack for enjoying at home and sharing with family or friends. You can also store it all on the fridge shelf for easy access to a refreshing, cool cola at any time.


Pepsi soft drink is available in a range of other take-home pack sizes such as; mini cans for portion control and multi-serve bottles to suit all your cola drinking occasions.
Signature Pepsi cola taste

Bold & refreshing

Ideal for Sharing

Fridge-Friendly Pack",,,"Per 100g/ml
Per Serving
%DI
Energy
185kJ
694kJ
8%
Protein
0g
0g
0%
Total Fat
0g
0g
0%
Saturated Fat
0g
0g
0%
Carbohydrate
10.9g
40.9g
13%
Sugars
10.9g
40.9g
45%
Sodium
12mg
45mg
2%
* Percentage Daily Intakes are based on an average adult diet of 8700 kJ. Your daily intakes may be higher or lower depending on your energy needs.",,https://www.coles.com.au/product/pepsi-cola-soft-drink-cans-multipack-375ml-x-10-pack-10-pack-2684213,,,2024-06-16T14:57:47.849542-04:00
Ind56SColes_ADrinks_SASoft drinks_ISprite Zero Sugar Lemonade Soft Drink Multipack Cans 10x375mL | 10 pack,Sprite Zero Sugar Lemonade Soft Drink Multipack Cans 10x375mL | 10 pack,Sprite,Drinks,Soft drinks,Soft drink cans,,$19.00,Pick any 2 for $25,,$5.07 per 1L,1849271,"With its clean, crisp, lemon-lime taste, Sprite Zero Sugar is a lemonade soft drink. Quench your thirst with a zero sugar hit of refreshment! Perfect with meals, as a mixer, on the go and relaxing at home. Sprite Zero Sugar softdrink has no artificial colours. Sprite Zero Sugar is available in cans, mini cans, single serve and sharing size bottles as well as multipacks.
Hit of refreshment

Lemon-lime flavour

No added colours

Zero Sugar

Great with meals

10 x 375mL Multipack Cans Soft Drink.",,,"Per 100g/ml
Per Serving
%DI
Energy
4.2
16
0.2
Protein
0.05
0.2
0.4
Total Fat
0
0
0
Saturated Fat
0
0
0
Carbohydrate
0.1
0.4
0.1
Sugars
0
0
0
Sodium
12.7
48
2
Energy (Cal)
1
3.8
0.2
Dietary Fibre (total)
0
0
0
* Percentage Daily Intakes are based on an average adult diet of 8700 kJ. Your daily intakes may be higher or lower depending on your energy needs.",,https://www.coles.com.au/product/sprite-zero-sugar-lemonade-soft-drink-multipack-cans-10x375ml-10-pack-1849271,,,2024-06-16T14:57:58.780841-04:00
Ind56SColes_ADrinks_SABeverages_ISolo Zero Sugar Original Lemon Soft Drink Mini Cans Multipack 275mL x 6 Pack | 6 pack,Solo Zero Sugar Original Lemon Soft Drink Mini Cans Multipack 275mL x 6 Pack | 6 pack,Solo,Drinks,Beverages,Soft drink & energy drinks,,$6.50,,,"$3.94 per 1L
Was $9.00 on May 2024",6476820,"Introducing Solo Thirst Crusher Original Lemon, the perfect thirst-quenching drink that is sure to satisfy your taste buds. Made with 5% crushed lemons to ensure that every sip is packed with a deliciously tangy lemon flavour that is simply irresistible.

Ideal for those hot, summer days when you need to cool down, Solo Thirst Crusher Original Lemon is available in a convenient 24 x 375mL pack, making it perfect for sharing with family and friends. Whether you are enjoying a picnic in the park, heading to the beach, or simply relaxing at home, Solo Thirst Crusher Original Lemon is the perfect drink to keep you hydrated and refreshed.

And, if you're looking for a drink that is both delicious and refreshing, Solo Thirst Crusher Original Lemon is the way to go.

So why wait? Order your pack of Solo Thirst Crusher Original Lemon today and experience the deliciously refreshing taste of natural lemons in every sip. With its fantastic taste, Solo Thirst Crusher Original Lemon is the perfect drink for anyone who wants to stay fresh and hydrated throughout the day.
Sugar-free lemon soft drink

Delicious zesty lemon flavor for invigorating thirst relief

Delicious drink that is both refreshing and convenient",,,"Per 100g/ml
Per Serving
%DI
Energy
10kJ
28kJ
Protein
0g
0g
Total Fat
0g
0g
Saturated Fat
0g
0g
Carbohydrate
0g
0g
Sugars
0g
0g
Sodium
24mg
66mg
Dietary Fibre (total)
0g
0g
* Percentage Daily Intakes are based on an average adult diet of 8700 kJ. Your daily intakes may be higher or lower depending on your energy needs.",,https://www.coles.com.au/product/solo-zero-sugar-original-lemon-soft-drink-mini-cans-multipack-275ml-x-6-pack-6-pack-6476820,,,2024-06-16T14:58:09.793973-04:00
Ind56SColes_ADrinks_SASoft drinks_IBundaberg Brewed Drink Burgundee 4x375mL | 4 pack,Bundaberg Brewed Drink Burgundee 4x375mL | 4 pack,Bundaberg,Drinks,Soft drinks,Mixers,,$7.45,,,$4.97 per 1L,2481271,"Traditionally brewed with flavours of red grapes, this rich, creamy and smooth taste will delight the tastebuds. Craft Brewed over 3 days, Bundaberg Burgundee Creaming Soda is a throwback to the traditional flavours of yesteryear.
- Brewed in Bundaberg
- Australian Family Owned
- Best enjoyed cold",,,"Per 100g/ml
Per Serving
%DI
Energy
189kJ
708kJ
8%
Protein
<1g
<1g
Total Fat
<1g
<1g
Saturated Fat
<1g
<1g
Carbohydrate
11.1g
41.6g
14%
Sugars
11.1g
41.6g
46%
Sodium
8mg
30mg
1%
* Percentage Daily Intakes are based on an average adult diet of 8700 kJ. Your daily intakes may be higher or lower depending on your energy needs.",,https://www.coles.com.au/product/bundaberg-brewed-drink-burgundee-4x375ml-4-pack-2481271,,,2024-06-16T14:58:20.720685-04:00
Ind56SColes_ADrinks_SASoft drinks_IPepsi Light Caffeine Free No Sugar Cola Soft Drink Bottle | 1.25L,Pepsi Light Caffeine Free No Sugar Cola Soft Drink Bottle | 1.25L,Pepsi,Drinks,Soft drinks,Soft drink bottles,,$2.00,,$3.00,$1.60 per 1L,5114390,"Pepsi Light caffeine-free, has.no caffeine AND no sugar. It's as simple as that.



Pepsi Light is low in calories vs full sugar colas. And, in case you we're wondering, it also has the bold taste of cola that's comparable with full sugar cola soft drinks.



The 1.25L multi-serve Pepsi Light bottle is ideal for the fridge at home or for enjoying with family and friends at any social, entertaining occasion.



Unbeatable taste without the caffeine or sugar hit.

No sugar

No caffeine",,,"Per 100g/ml
Per Serving
%DI
Energy
1kJ
4kJ
0.10%
Protein
0g
0g
0%
Total Fat
0g
0g
0%
Saturated Fat
0g
0g
0%
Carbohydrate
0g
0g
0%
Sugars
0g
0g
0%
Sodium
15mg
38mg
2%
Dietary Fibre (total)
0g
0g
0%
Caffeine
0mg
0mg
* Percentage Daily Intakes are based on an average adult diet of 8700 kJ. Your daily intakes may be higher or lower depending on your energy needs.",,https://www.coles.com.au/product/pepsi-light-caffeine-free-no-sugar-cola-soft-drink-bottle-1.25l-5114390,,,2024-06-16T14:58:31.630596-04:00
Ind56SColes_ADrinks_SASoft drinks_IRemedy Sodaly Pineapple 4x250mL | 4 pack,Remedy Sodaly Pineapple 4x250mL | 4 pack,Remedy,Drinks,Soft drinks,Kombucha & other drinks,,$6.00,,$8.00,$6.00 per 1L,8020680,"Sodaly is a deliciously different, all-natural soft drink. Big on flavour, low on cals. Full of prebiotic goodness, with no sugar. Guilt-free just got better for you.",,,"Per 100g/ml
Per Serving
%DI
Energy
13kJ
32kJ
Protein
<1g
<1g
Total Fat
<1g
<1g
Saturated Fat
<1g
<1g
Carbohydrate
<1g
<1g
Sugars
0g
0g
Sodium
<5mg
<5mg
* Percentage Daily Intakes are based on an average adult diet of 8700 kJ. Your daily intakes may be higher or lower depending on your energy needs.",,https://www.coles.com.au/product/remedy-sodaly-pineapple-4x250ml-4-pack-8020680,,,2024-06-16T14:58:42.837346-04:00
Ind56SColes_ADrinks_SASoft drinks_IMountain Dew Energised Soft Drink Multipack Cans 375mL x 10 Pack | 10 pack,Mountain Dew Energised Soft Drink Multipack Cans 375mL x 10 Pack | 10 pack,Mountain Dew,Drinks,Soft drinks,Soft drink cans,,$9.00,,$18.00,$2.40 per 1L,2684188,"Mountain Dew Energised soft drink is a bold and distinctly refreshing citrus flavoured drink that quenches your thirst with an intense refreshment hit.

With its caffeinated formula, Mountain Dew provides an energised lift when you need a pick me up at any time of day or night.



The 10-can pack is ideal for the fridge at home, taking to parties or enjoying with family or friends on any occasion. The single serve cans are perfect for those thirsty moments when you're out and about, on-the-go! It is also available in a take-home 1.25L multi-serve pack to suit all your flavoured soft drink occasions.



Mountain Dew has a strong association with gaming and is known for its iconic, refreshing, one of a kind taste. Dew provides a bold burst of citrus refreshment for those thirsty moments in life. It's more than just a soft drink, it's an expression, an experience and all about having a damn good time, which is what the MTN DEW experience is all about.



Do the Dew!
Citrus Refreshment

One of a Kind Taste

Fridge Friendly, Easy-Store 10 Pack

Energised Flavour",,,"Per 100g/ml
Per Serving
%DI
Energy
197kJ
739kJ
8%
Protein
0g
0g
0%
Total Fat
0g
0g
0%
Saturated Fat
0g
0g
0%
Carbohydrate
12.3g
46.1g
15%
Sugars
12.3g
46.1g
51%
Sodium
15mg
56mg
2%
Caffeine
15mg
56mg
* Percentage Daily Intakes are based on an average adult diet of 8700 kJ. Your daily intakes may be higher or lower depending on your energy needs.",,https://www.coles.com.au/product/mountain-dew-energised-soft-drink-multipack-cans-375ml-x-10-pack-10-pack-2684188,,,2024-06-16T14:58:54.182347-04:00
Ind56SColes_ADrinks_SASoft drinks_IWimmers Portino | 1.25L,Wimmers Portino | 1.25L,Wimmers,Drinks,Soft drinks,Soft drink bottles,,$2.20,,,$1.76 per 1L,1090417,"Wet your whistle with Wimmers. Wimmers is known for its wide range of refreshing flavours. Our soft drinks have been in Australias fridges since 1910, making us one of the nations oldest manufacturers.",,,,,https://www.coles.com.au/product/wimmers-portino-1.25l-1090417,,,2024-06-16T14:59:02.825654-04:00
Ind56SColes_ADrinks_SASoft drinks_ICoca-Cola Diet Soft Drink Cans 30x375mL | 30 pack,Coca-Cola Diet Soft Drink Cans 30x375mL | 30 pack,Coca-Cola,Drinks,Soft drinks,Soft drink cans,,$47.20,,,$4.20 per 1L,8464800,"Diet Coke is a deliciously light, sugar free and no kilojoule soft drink. It delivers a distinct, unique and light taste. With its bubbly sparkle, 'Diet Coke' has been refreshing and delighting drinkers for decades. The perfect sparkling soft drink for enjoying on the go, having with a meal or relaxing with at home. Coca-Cola Diet soft drink is available in cans, mini cans, single serve and sharing size bottles as well as multipacks.
Distinct Diet Coke Taste

No Sugar and Low Kilojoule

A Quality Product of The Coca-Cola Company

30 x 375mL Multipack Soft Drink

Perfect for drinking on the go, having with a meal or relaxing with at home.",,,"Per 100g/ml
Per Serving
%DI
Energy
1.9
7.1
0.1
Protein
0.05
0.2
0.4
Total Fat
0
0
0
Saturated Fat
0
0
0
Carbohydrate
0.1
0.4
0.1
Sugars
0
0
0
Sodium
1
3.8
0.2
Energy (Cal)
0.5
1.7
0.1
Dietary Fibre (total)
0
0
0
* Percentage Daily Intakes are based on an average adult diet of 8700 kJ. Your daily intakes may be higher or lower depending on your energy needs.",,https://www.coles.com.au/product/coca-cola-diet-soft-drink-cans-30x375ml-30-pack-8464800,,,2024-06-16T14:59:13.891254-04:00
Ind56SColes_ADrinks_SASoft drinks_IFever-Tree Premium Mixer Light Indian Tonic Water 8x150mL | 8 pack,Fever-Tree Premium Mixer Light Indian Tonic Water 8x150mL | 8 pack,Fever-Tree,Drinks,Soft drinks,Mixers,,$12.50,,,$10.42 per 1L,6519092,"Our Light Indian Tonic Water uses fruit sugar to provide the traditional sweet balance to the bitterness of the quinine, which is sourced from the deep forests of the Democratic Republic of Congo.
No. 1 Best Selling & Top Trending Mixer for 10 years running as voted by Drinks International

Deliciously light, this tonic has the same great taste, but with 46% less calories when compared to the regular strength Premium Indian Tonic.

No artificial colours or flavours.",,,"Per 100g/ml
Per Serving
%DI
Energy
64kJ
96kJ
Protein
0g
0g
Total Fat
0g
0g
Saturated Fat
0g
0g
Carbohydrate
3.8g
5.7g
Sugars
3.8g
5.7g
Sodium
7mg
11mg
Energy (Cal)
15Cal
23Cal
* Percentage Daily Intakes are based on an average adult diet of 8700 kJ. Your daily intakes may be higher or lower depending on your energy needs.",,https://www.coles.com.au/product/fever-tree-premium-mixer-light-indian-tonic-water-8x150ml-8-pack-6519092,,,2024-06-16T14:59:25.960537-04:00
Ind56SColes_ADrinks_SASoft drinks_ICoca-Cola Zero Sugar Caffeine Free Soft Drink Bottle | 1.25L,Coca-Cola Zero Sugar Caffeine Free Soft Drink Bottle | 1.25L,Coca-Cola,Drinks,Soft drinks,Soft drink bottles,,$3.85,Pick any 2 for $5.60,,$3.08 per 1L,3989555,"Coca-Cola Zero Sugar Caffeine Free is a deliciously light choice for those who want the classic taste of Coke without the Caffeine and no sugar. Whether sharing with family and friends or accompanying a meals, Coca-Cola Zero Sugar Caffeine Free has a pack for almost any occasion. Coca-Cola Zero Sugar Caffeine Free soft drink is available in cans, sharing size bottles and multipacks.
Caffeine Free

1.25L Soft Drink

Perfect for drinking on the go, having with a meal or relaxing with at home.

Serve Drink Cold for Maximum Refreshment

A Quality Product of The Coca-Cola Company",,,"Per 100g/ml
Per Serving
%DI
Energy
0.8
2
0.1
Protein
0.05
0.1
0.2
Total Fat
0
0
0
Saturated Fat
0
0
0
Carbohydrate
0.1
0.3
0.1
Sugars
0
0
0
Sodium
4.1
10.3
0.4
Energy (Cal)
0.2
0.5
0.1
Dietary Fibre (total)
0
0
0
Caffeine
0
0
* Percentage Daily Intakes are based on an average adult diet of 8700 kJ. Your daily intakes may be higher or lower depending on your energy needs.",,https://www.coles.com.au/product/coca-cola-zero-sugar-caffeine-free-soft-drink-bottle-1.25l-3989555,,,2024-06-16T14:59:37.066844-04:00
Ind56SColes_ADrinks_SASoft drinks_ICoca-Cola Zero Raspberry Coke Cans 6X250mL | 6 pack,Coca-Cola Zero Raspberry Coke Cans 6X250mL | 6 pack,Coca-Cola,Drinks,Soft drinks,Soft drink cans,,$6.75,,$9.20,$4.50 per 1L,6670108,"Try NEW Coca-Cola Zero Sugar Raspberry. Coca-Cola Zero Sugar Raspberry mixes refreshing Coca-Cola taste with the sensational taste of raspberry. The zero sugar drink is a delicious twist.
Classic Coke Taste with a Twist

Sweet Hint of Raspberry

Made in Australia

A Quality Product of The Coca-Cola Company

Multipack soft drink, 4x6x250ml Mini Cans",,,"Per 100g/ml
Per Serving
%DI
Energy
1.7
4.2
Protein
0.02
0.06
Total Fat
0
0
Saturated Fat
0
0
Carbohydrate
0.03
0.08
Sugars
0
0
Sodium
4.1
10.3
Energy (Cal)
0.4
1
Dietary Fibre (total)
0
0
* Percentage Daily Intakes are based on an average adult diet of 8700 kJ. Your daily intakes may be higher or lower depending on your energy needs.",,https://www.coles.com.au/product/coca-cola-zero-raspberry-coke-cans-6x250ml-6-pack-6670108,,,2024-06-16T14:59:48.082691-04:00
Ind56SColes_ADrinks_SASoft drinks_IWaterfords Sparkling Lite & Fruity Tahitian Lime | 1L,Waterfords Sparkling Lite & Fruity Tahitian Lime | 1L,Waterfords,Drinks,Soft drinks,Soft drink bottles,,$1.95,Pick any 2 for $3.00,,$1.95 per 1L,3047780,Low joule flavoured drink with sparkling natural mineral waterLite & Fruity 90% reduction in sugar when compared to Waterfords Full Sugar Flavoured Mineral Water.,,,"Per 100g/ml
Per Serving
%DI
Energy
10kJ
25kJ
0.30%
Protein
<1g
<1g
0%
Total Fat
<1g
<1g
0%
Saturated Fat
0g
0g
0%
Carbohydrate
0.5g
1.2g
0.40%
Sugars
0.4g
0.9g
1%
Sodium
15mg
38mg
1.70%
Dietary Fibre (total)
<1g
<1g
0%
* Percentage Daily Intakes are based on an average adult diet of 8700 kJ. Your daily intakes may be higher or lower depending on your energy needs.",,https://www.coles.com.au/product/waterfords-sparkling-lite-and-fruity-tahitian-lime-1l-3047780,,,2024-06-16T15:00:00.186919-04:00
Ind56SColes_ADrinks_SAContinental_IContinental Beef Stroganoff Recipe Base Serves 4 | 40g,Continental Beef Stroganoff Recipe Base Serves 4 | 40g,Continental,Drinks,Continental,"Soup, Rice & Pasta",,$1.80,,,$4.50 per 100g,9475969,"In just a few easy steps, create a delicious mid-week meal the whole family will enjoy, with the help of Continental. Enjoy this classic Beef Stroganoff with onions and mushrooms, and finished with sour cream for a rich creamy sauce. This dish is a perfect winter warmer, and with this delicious recipe base, it's also really easy to make. All of our Continental Recipe Bases contain no artificial colours, flavours and added MSG, and are made with real ingredients, simply dried and combined to create a perfectly balanced flavour for your favourite dish. This Beef Stroganoff Recipe Base is made with real paprika, onions and tomatoes. All you need is beef, onion, mushrooms and sour cream to have dinner ready in no time. You can also add other veggies such as green beans for a tasty twist! And serve with creamy mashed potato or steamed rice. At Continental, we love food the way you do. We know how much you value good, nutritious, flavourful food, as well as authentic home cooking. It feels good to cook, and even better to bring pleasure to the ones you love, through the food you put on the table. For over 50 years now, our chefs at Continental have combined their expertise, love of flavour, and only the finest ingredients to help you create great tasting meals every day. Go to http://continental.com.au/ to find more recipe inspirations and additional flavours such as sheperds pie, curried sausages, spaghetti Bolognese, beef stroganoff, chicken curry, beef stew, chicken risotto, swedish meatballs, chicken korma and many more instant sauces.Go to http://continental.com.au/ to find more recipe inspirations and additional flavours such as sheperds pie, curried sausages, spaghetti Bolognese, beef stroganoff, chicken curry, beef stew, chicken risotto, swedish meatballs, chicken korma and many more instant sauces.
Continental Recipe Bases are made with real ingredients, simply dried and combined to create a perfectly balanced flavour for your favourite dish

In just a few easy steps, create a delicious mid-week meal the whole family will enjoy, with the help of Continental

This Beef Stroganoff Recipe Base is made with paprika, onions and tomatoes

No added MSG

No artificial colours & flavours

Serves 4.",,,,"our ingredients... Sugar, corn starch, vegetable powders (tomato, onion), maltodextrin, natural flavours (contains wheat), salt, potato starch, milk powders (cream, skim milk), paprika, burnt sugar, yeast extract, natural colour (carotene), sunflower oil, garlic extract. Contains naturally occurring glutamates.",https://www.coles.com.au/product/continental-beef-stroganoff-recipe-base-serves-4-40g-9475969,,,2024-06-16T15:00:11.798955-04:00
Ind56SColes_ADrinks_SA_IRemedy Kombucha Passionfruit | 1.25L,Remedy Kombucha Passionfruit | 1.25L,Remedy,Drinks,,,,$8.95,,,$7.16 per 1L,7035900,"We're pretty passionate about this flavour (see what we did there?). It's the summer lover you've been waiting for that will be with you all year round. It's light, fun and fresh for easy drinking in the sun. Remedy Kombucha contains:
No sugar, for real
All natural ingredients
Certified Organic
Low on Calories
Vegan
Gluten Free
A-Ok in or out of the fridge",,,"Per 100g/ml
Per Serving
%DI
Energy
12kJ
30kJ
Protein
<1g
<1g
Total Fat
<1g
<1g
Saturated Fat
<1g
<1g
Carbohydrate
<1g
<1g
Sugars
0g
0g
Sodium
<5mg
<5mg
Dietary Fibre (total)
<1g
<1g
* Percentage Daily Intakes are based on an average adult diet of 8700 kJ. Your daily intakes may be higher or lower depending on your energy needs.",,https://www.coles.com.au/product/remedy-kombucha-passionfruit-1.25l-7035900,,,2024-06-16T15:01:09.335075-04:00
Ind56SColes_ADrinks_SASoft drinks_IColes Soda Water With Lime | 1.25L,Coles Soda Water With Lime | 1.25L,Coles,Drinks,Soft drinks,Mixers,,$1.20,,,$0.96 per 1L,5235260,No Artificial Colours & Flavours CONTAINS 5% LIME JUICE,,,"Per 100g/ml
Per Serving
%DI
Energy
76.84
192.1
Protein
0
0
Carbohydrate
4.52
11.3
Sugars
4.23
10.58
Sodium
10.28
25.7
Saturated
0
0
Energy (Cal)
18.38
45.96
Fat
0
0
Dietary Fibre (total)
0
0
* Percentage Daily Intakes are based on an average adult diet of 8700 kJ. Your daily intakes may be higher or lower depending on your energy needs.","INGREDIENTS: ;Carbonated Water, Reconstituted Lime Juice (5%), Sugar, Food Acid (330), Preservatives (211, 223 (Sulphites)), Natural Flavours, Safflower Extract.",https://www.coles.com.au/product/coles-soda-water-with-lime-1.25l-5235260,,,2024-06-16T15:01:21.882045-04:00
Ind56SColes_ADrinks_SASoft drinks_ICoca-Cola Soft Drink Coke | 2L,Coca-Cola Soft Drink Coke | 2L,Coca-Cola,Drinks,Soft drinks,Soft drink bottles,,$3.90,,,$1.95 per 1L,191736,"Nothing beats the taste of Coca-Cola Classic. It's the perfect companion whether you're on the go, relaxing at home, enjoying with friends or as a drink with your meal. Refresh yourself with the authentic Coke taste. Designed to go with everything, the taste of Classic Coca-Cola has remained unchanged for more than 130 years. Coca-Cola soft drink is available in cans, mini cans, single serve and sharing size bottles as well as multipacks.
Classic Coca-Cola Taste

Serve Drink Cold for Maximum Refreshment

A Quality Product of The Coca-Cola Company

2L Soft Drink

Perfect for drinking on the go, having with a meal or relaxing with at home.",,,"Per 100g/ml
Per Serving
%DI
Energy
180
450
5
Protein
0
0
0
Total Fat
0
0
0
Saturated Fat
0
0
0
Carbohydrate
10.6
27
9
Sugars
10.6
27
29
Sodium
10
25
1
Energy (Cal)
43
108
5
* Percentage Daily Intakes are based on an average adult diet of 8700 kJ. Your daily intakes may be higher or lower depending on your energy needs.",,https://www.coles.com.au/product/coca-cola-soft-drink-coke-2l-191736,,,2024-06-16T15:01:33.193328-04:00
Ind56SColes_ADrinks_SASoft drinks_IColes Soft Drink Diet Raspberry | 1.25L,Coles Soft Drink Diet Raspberry | 1.25L,Coles,Drinks,Soft drinks,Soft drink bottles,,$1.20,,,$0.96 per 1L,3813785,A refreshing drink for those long hot summer days or when you want to relax and enjoy the moment,,,"Per 100g/ml
Per Serving
%DI
Energy
0.00
0.00
Protein
0.00
0.00
Carbohydrate
0.00
0.00
Sugars
0.00
0.00
Sodium
11.00
27.50
Saturated
0.00
0.00
Energy (Cal)
0.00
0.00
Fat
0.00
0.00
Dietary Fibre (total)
0.00
0.00
* Percentage Daily Intakes are based on an average adult diet of 8700 kJ. Your daily intakes may be higher or lower depending on your energy needs.",,https://www.coles.com.au/product/coles-soft-drink-diet-raspberry-1.25l-3813785,,,2024-06-16T15:01:45.045383-04:00
Ind56SColes_ADrinks_SASoft drinks_IColes Tonic Water | 1.25L,Coles Tonic Water | 1.25L,Coles,Drinks,Soft drinks,Mixers,,$1.20,,,$0.96 per 1L,5180362,Coles Tonic Water 1. 25 Litre No Artificial Colours & Flavours use as a mixer or refreshing beverage,,,"Per 100g/ml
Per Serving
%DI
Energy
127.50
318.75
Protein
0.00
0.00
Carbohydrate
7.50
18.75
Sugars
7.50
18.75
Sodium
10.00
25.00
Saturated
0.00
0.00
Energy (Cal)
30.50
76.26
Fat
0.00
0.00
Dietary Fibre (total)
0.00
0.00
* Percentage Daily Intakes are based on an average adult diet of 8700 kJ. Your daily intakes may be higher or lower depending on your energy needs.",,https://www.coles.com.au/product/coles-tonic-water-1.25l-5180362,,,2024-06-16T15:01:57.267178-04:00
Ind56SColes_ADrinks_SASoft drinks_IRemedy Kombucha Raspberry | 1.25L,Remedy Kombucha Raspberry | 1.25L,Remedy,Drinks,Soft drinks,Kombucha & other drinks,,$8.95,,,$7.16 per 1L,3831517,"No sugar. No Nasties. Just REAL kombucha made the old-school way, brewed over 30 days. Our Raspberry Lemonade is a nostalgic childhood flavour upgraded to an all-natural kombucha with no sugar, naturally. This guilt-free, no-sugar fizzy drink is safe for kids and allergen-free. Remedy Kombucha is:
Sugar free, for real
All natural
Certified Organic
Low on Calories
Vegan
Gluten Free
A-Ok in or out of the fridge",,,"Per 100g/ml
Per Serving
%DI
Energy
12kJ
29kJ
Protein
<1g
<1g
Total Fat
<1g
<1g
Saturated Fat
<1g
<1g
Carbohydrate
1.6g
4g
Sugars
0g
0g
Sodium
<5mg
<5mg
* Percentage Daily Intakes are based on an average adult diet of 8700 kJ. Your daily intakes may be higher or lower depending on your energy needs.",,https://www.coles.com.au/product/remedy-kombucha-raspberry-1.25l-3831517,,,2024-06-16T15:02:10.082090-04:00
Ind56SColes_ADrinks_SASoft drinks_IColes Mixer Dry Ginger Ale | 1.25L,Coles Mixer Dry Ginger Ale | 1.25L,Coles,Drinks,Soft drinks,Mixers,,$1.20,,,$0.96 per 1L,5180340,Sparkling Mixer,,,"Per 100g/ml
Per Serving
%DI
Energy
119
297.5
Protein
0
0
Carbohydrate
6.3
15.8
5
Sugars
7
17.5
Sodium
5
13
1
Saturated
0
0
Energy (Cal)
26
64
Fat
0
0
Dietary Fibre (total)
0
0
* Percentage Daily Intakes are based on an average adult diet of 8700 kJ. Your daily intakes may be higher or lower depending on your energy needs.","INGREDIENTS: Carbonated Water, Sugar, Natural Flavour, Food Acid (330), Colour (150d), Preservative (223), Natural Sweetener (960).",https://www.coles.com.au/product/coles-mixer-dry-ginger-ale-1.25l-5180340,,,2024-06-16T15:02:22.568687-04:00
Ind56SColes_ADrinks_SASoft drinks_I7UP Lemonade Soft Drink Bottle | 1.25L,7UP Lemonade Soft Drink Bottle | 1.25L,7UP,Drinks,Soft drinks,Soft drink bottles,,$2.00,,$3.00,$1.60 per 1L,5080798,"7Up Lemonade is the original lemon and lime sparkling soft drink that's perfectly balanced to deliver a crisp, clean taste that refreshes you to help bring out your natural best.



This deliciously refreshing lemon, lime and bubbles lemonade is ideal for any occasion and the 1.25L take home pack is perfect for multi-serve occasions at home.


For maximum enjoyment, drink chilled when you are looking for citrus flavoured, tasty refreshment.


Lemon Lime flavour

Refreshing

Natural Flavours",,,"Per 100g/ml
Per Serving
%DI
Energy
178kJ
445kJ
5%
Protein
0g
0g
0%
Total Fat
0g
0g
0%
Saturated Fat
0g
0g
0%
Carbohydrate
10.9g
27.3g
9%
Sugars
10.9g
27.3g
30%
Sodium
27mg
68mg
3%
* Percentage Daily Intakes are based on an average adult diet of 8700 kJ. Your daily intakes may be higher or lower depending on your energy needs.",,https://www.coles.com.au/product/7up-lemonade-soft-drink-bottle-1.25l-5080798,,,2024-06-16T15:02:34.290521-04:00
Ind56SColes_ADrinks_SASoft drinks_IColes Soda Water | 2L,Coles Soda Water | 2L,Coles,Drinks,Soft drinks,Mixers,,$1.45,,,$0.73 per 1L,7600709,Coles soda water 2 litre a Sparkling Mixer or refreshing bubbling beverage to be enjoyed on its own,,,"Per 100g/ml
Per Serving
%DI
Energy
0.00
0.00
0
Protein
0.00
0.00
0
Total Fat
0.00
0.00
0
Saturated Fat
0.00
0.00
0
Carbohydrate
0.00
0.00
0
Sugars
0.00
0.00
0
Sodium
5.00
12.50
1
Energy (Cal)
0.00
0.00
Dietary Fibre (total)
0.00
0.00
0
* Percentage Daily Intakes are based on an average adult diet of 8700 kJ. Your daily intakes may be higher or lower depending on your energy needs.",INGREDIENTS: Carbonated Australian Water.,https://www.coles.com.au/product/coles-soda-water-2l-7600709,,,2024-06-16T15:02:45.208961-04:00
Ind56SColes_ADrinks_SABeverages_IKirks Mixers Lime & Soda Mini Cans 6x250mL | 6 pack,Kirks Mixers Lime & Soda Mini Cans 6x250mL | 6 pack,Kirks,Drinks,Beverages,Soft drink & energy drinks,,$4.90,,,"$3.27 per 1L
Was $8.20 on Apr 2024",6670163,"Kirks Lime & Soda is a refreshingly citrusy carbonated drink to enjoy either straight or as a mixer.
To enjoy either straight or as a mixer.

Delicious and refreshing flavour

Made in Australia

Best served chilled",,,"Per 100g/ml
Per Serving
%DI
Energy
74
185
2
Total Fat
0
Saturated Fat
0
0
0
Carbohydrate
4
10
3
Sugars
4
10
11
Sodium
1
2.5
0.1
Energy (Cal)
18
44
2
Dietary Fibre (total)
0
0
0
* Percentage Daily Intakes are based on an average adult diet of 8700 kJ. Your daily intakes may be higher or lower depending on your energy needs.",,https://www.coles.com.au/product/kirks-mixers-lime-and-soda-mini-cans-6x250ml-6-pack-6670163,,,2024-06-16T15:02:56.789563-04:00
Ind56SColes_ADrinks_SA_IContinental Curried Sausages Recipe Base Serves 4 | 35g,Continental Curried Sausages Recipe Base Serves 4 | 35g,Continental,Drinks,,,,$1.80,,,$5.14 per 100g,9475845,"In just a few easy steps, create a delicious mid-week meal the whole family will enjoy, with the help of Continental. This Curried Sausages recipe base is made up of a selection of finely ground spices which come together to make a dish the whole family will enjoy. Ready in just 35 minutes, this dish serves four people. All of our Continental Recipe Bases contain no artificial colours, flavours and added MSG, and are made with real ingredients, simply dried and combined to create a perfectly balanced flavour for your favourite dish. All you need is beef sausages, onion, tomato sauce and carrots to create this delicious dish. Serve with mashed potato and peas for a complete meal. At Continental, we love food the way you do. We know how much you value good, nutritious, flavourful food, as well as authentic home cooking. It feels good to cook, and even better to bring pleasure to the ones you love, through the food you put on the table. How we preserve and lock in flavour in our products is just as important as how we grow our vegetables in the first place. That can mean drying, freezing, boiling, or turning them into paste - whatever suits the Continental recipe they'll be making. For over 50 years now, our chefs at Continental have combined their expertise, love of flavour, and only the finest ingredients to help you create great tasting meals every day.Visit our website to find more recipe inspirations and additional flavours such as sheperds pie, curried sausages, spaghetti Bolognese, beef stroganoff, chicken curry, beef stew, chicken risotto, swedish meatballs, chicken korma and many more instant sauces.
Continental Recipe Bases are made with real ingredients, simply dried and combined to create a perfectly balanced flavour for your favourite dish
In just a few easy steps, create a delicious mid-week meal the whole family will enjoy, with the help of Continental.
All you need is beef sausages, onion, tomato sauce and carrots to create this delicious dish the whole family will enjoy. Serve with mashed potato and peas for a complete meal.
A quick and easy dinner idea that you can have on the table in just 35 minutes.
No artificial colours, flavours and added MSG
Serves 4.",,,,"Our ingredients... Wheat flour, sugar, spices, salt, maltodextrin, food acid (citric), sunflower oil, spice extract. Contains naturally occurring glutamates.",https://www.coles.com.au/product/continental-curried-sausages-recipe-base-serves-4-35g-9475845,,,2024-06-16T15:03:05.861142-04:00
Ind56SColes_ADrinks_SAContinental_IContinental Snack Pot Cheese & Bacon Pasta | 70g,Continental Snack Pot Cheese & Bacon Pasta | 70g,Continental,Drinks,Continental,"Soup, Rice & Pasta",,$3.00,Pick any 2 for $4.50,,$4.29 per 100g,3831255,"Continental Snack Pot Cheese & Bacon Pasta is a delicious instant pasta made with ingredients of natural origin. Just add boiling water, stir well, wait 6 minutes and it is ready!

Free from artificial colour, artificial flavours and preservatives, Continental Snack Pot Cheese & Bacon Pasta is an easy and delicious way for you to enjoy your favourite cheese & bacon pasta. The perfect light snack or a mini meal.

Continental Snack Pots have four variants in the range: Curry Rice, Cheesy Rice, Cheese & Bacon Pasta and Cheesy Tomato Pasta.

For more information and to learn more about all Continental products visit continental.com.au.

How to Prepare: Peel open the lid halfway, then carefully pour boiling water to the fill line. Stir well then close lid over pot. Leave to stand for 6 minutes. Stir again, then enjoy! CAUTION: CUP AND CONTENTS WILL BE HOT.

Ingredients: Pasta (57%) (wheat semolina, egg white powder), maltodextrin, cream powder, starch (potato, corn), cheese powder (4%), creamer (vegetable oil, glucose syrup, lactose, milk protein, mineral salts (340, 452)), natural
flavours (contain milk), bacon powder (1.5%), salt, chives (0.7%), mineral salt (potassium chloride), sugar, yeast extract, onion powder, vegetable oil, natural colour (turmeric).
Continental Snack Pots are a source of protein

Continental Snack Pots are a great mini meal

Continental Snack Pots are free from artificial colour

Continental Snack Pots are free from artificial flavours

Continental Snack Pots are free from preservatives

Continental Snack Pots are made with ingredients of natural origin.",,,,"Pasta (57%) (wheat semolina, egg white powder), maltodextrin, potato starch, cream powder, creamer [contains milk, mineral salts (339 or 340, 450 or 451)], cheese powder (4%), natural flavours (contain milk), salt, bacon powder (1.5%), skim milk powder, chives (0.7%), vegetable oil, yeast extract, mineral salt (potassium chloride), sugar, onion powder, natural colour (turmeric). Contains naturally occurring glutamates.",https://www.coles.com.au/product/continental-snack-pot-cheese-and-bacon-pasta-70g-3831255,,,2024-06-16T15:03:16.297535-04:00
Ind56SColes_ADrinks_SASoft drinks_IBundaberg Ginger Beer 10X375mL | 10 pack,Bundaberg Ginger Beer 10X375mL | 10 pack,Bundaberg,Drinks,Soft drinks,Mixers,,$16.95,,,$4.52 per 1L,9826123,"It's always cloudy in a bottle of good, old-fashioned Ginger Beer. Hold this bottle to the light and you'll see it's full of real ginger pieces, traditionally brewed to a genuine old recipe to release the natural flavours of ginger.- Australian Family Owned- Craft Brewed Over 3 Days- No Artificial Colours or Flavours- Made in Australia",,,"Per 100g/ml
Per Serving
%DI
Energy
182kJ
682kJ
8%
Protein
<1g
<1g
0%
Total Fat
<1g
<1g
0%
Saturated Fat
<1g
<1g
0%
Carbohydrate
10.7g
40.1g
13%
Sugars
10.6g
39.8g
44%
Sodium
11mg
41.3mg
2%
* Percentage Daily Intakes are based on an average adult diet of 8700 kJ. Your daily intakes may be higher or lower depending on your energy needs.",,https://www.coles.com.au/product/bundaberg-ginger-beer-10x375ml-10-pack-9826123,,,2024-06-16T15:03:27.292957-04:00
Ind56SColes_ADrinks_SASoft drinks_ICoca-Cola Zero Sugar Soft Drink Multipack Cans 30x375mL | 30 Pack,Coca-Cola Zero Sugar Soft Drink Multipack Cans 30x375mL | 30 Pack,Coca-Cola,Drinks,Soft drinks,Soft drink cans,,$47.20,,,$4.20 per 1L,8464810,"Coca-Cola Zero Sugar is a deliciously light choice for those who want the classic taste of Coke with no sugar. Whether sharing with family and friends or accompanying a meal, Coca-Cola Zero Sugar has a pack for almost any occasion. Coca-Cola Zero Sugar soft drink is available in cans, mini cans, single serve and sharing size bottles as well as multipacks.
The Coke Taste You Love with No Sugar and Low Calories

Serve Drink Cold for Maximum Refreshment

A Quality Product of The Coca-Cola Company

Perfect for drinking on the go, having with a meal or relaxing with at home.

Serve Drink Cold for Maximum Refreshment",,,"Per 100g/ml
Per Serving
%DI
Energy
1.2
4.5
0.1
Protein
0.02
0.09
0.2
Total Fat
0
0
0
Saturated Fat
0
0
0
Carbohydrate
0.03
0.1
0.1
Sugars
0
0
0
Sodium
4.1
15
0.7
Energy (Cal)
0.3
1.1
0.1
Dietary Fibre (total)
0
0
0
* Percentage Daily Intakes are based on an average adult diet of 8700 kJ. Your daily intakes may be higher or lower depending on your energy needs.",,https://www.coles.com.au/product/coca-cola-zero-sugar-soft-drink-multipack-cans-30x375ml-30-pack-8464810,,,2024-06-16T15:03:38.146829-04:00
Ind56SColes_ADrinks_SA_IRemedy Kombucha Raspberry Lemonade 250mL | 4 pack,Remedy Kombucha Raspberry Lemonade 250mL | 4 pack,Remedy,Drinks,,,,$9.50,,,$9.50 per 1L,3277667,"No sugar. No Nasties. Just REAL kombucha made the old-school way, brewed over 30 days. Our Raspberry Lemonade is a nostalgic childhood flavour upgraded to an all-natural kombucha filled with live cultures, organic acids and antioxidants. This guilt-free, no-sugar fizzy drink is safe for kids and allergen-free. Full of antioxidants, live cultures and organic acids, Remedy Kombucha contains:
No sugar, for real
All natural ingredients
Certified Organic
Low on Calories
Vegan
Gluten Free
A-Ok in or out of the fridge",,,"Per 100g/ml
Per Serving
%DI
Energy
12kJ
29kJ
Protein
<1g
<1g
Total Fat
<1g
<1g
Saturated Fat
<1g
<1g
Carbohydrate
1.6g
4g
Sugars
0g
0g
Sodium
<5mg
<5mg
* Percentage Daily Intakes are based on an average adult diet of 8700 kJ. Your daily intakes may be higher or lower depending on your energy needs.",,https://www.coles.com.au/product/remedy-kombucha-raspberry-lemonade-250ml-4-pack-3277667,,,2024-06-16T15:03:49.557685-04:00
Ind56SColes_ADrinks_SABeverages_IRemedy Kombucha Raspberry Lemonade | 750mL,Remedy Kombucha Raspberry Lemonade | 750mL,Remedy,Drinks,Beverages,Water & juices,,$5.90,,,"$7.87 per 1L
Was $7.50 on May 2024",3896931,"No sugar. No Nasties. Just REAL kombucha made the old-school way, brewed over 30 days. Our Raspberry Lemonade is a nostalgic childhood flavour upgraded to an all-natural kombucha filled with live cultures, organic acids and antioxidants. This guilt-free, no-sugar fizzy drink is safe for kids and allergen-free. Remedy Kombucha contains:
No Sugar, for real
All Natural
Certified Organic
Low on Caloriesl
Vegan
Gluten Free",,,"Per 100g/ml
Per Serving
%DI
Energy
12kJ
40kJ
Protein
<1g
<1g
Total Fat
<1g
<1g
Saturated Fat
<1g
<1g
Carbohydrate
<1g
<1g
Sugars
0g
0g
Sodium
<5mg
<5mg
Dietary Fibre (total)
<1g
<1g
* Percentage Daily Intakes are based on an average adult diet of 8700 kJ. Your daily intakes may be higher or lower depending on your energy needs.",,https://www.coles.com.au/product/remedy-kombucha-raspberry-lemonade-750ml-3896931,,,2024-06-16T15:04:00.682533-04:00
Ind56SColes_ADrinks_SASoft drinks_IColes Passionfruit Soft Drink | 1.25L,Coles Passionfruit Soft Drink | 1.25L,Coles,Drinks,Soft drinks,Soft drink bottles,,$1.20,,,$0.96 per 1L,5235227,,,,"Per 100g/ml
Per Serving
%DI
Energy
167kJ
417kJ
Protein
0g
0g
Total Fat
0g
0g
Saturated Fat
0g
0g
Carbohydrate
9.8g
24.5g
Sugars
9.8g
24.4g
Sodium
10mg
25mg
Dietary Fibre (total)
0g
0g
* Percentage Daily Intakes are based on an average adult diet of 8700 kJ. Your daily intakes may be higher or lower depending on your energy needs.",,https://www.coles.com.au/product/coles-passionfruit-soft-drink-1.25l-5235227,,,2024-06-16T15:04:11.531363-04:00
Ind56SColes_ADrinks_SASoft drinks_IRemedy Sodaly Guava 250mL | 4 pack,Remedy Sodaly Guava 250mL | 4 pack,Remedy,Drinks,Soft drinks,Kombucha & other drinks,,$6.00,,$8.00,$6.00 per 1L,6210185,"Sweet and tangy with light floral notes. Super refreshing and made for summer sipping. Perfect on its own, this crisp, tropical bevvie is also great paired with tacos, salads, BBQs and even tequila. They say you can't have it all. They were wrong! Sodaly is a deliciously different, ALL-NATURAL soft drink. It's BIG on FLAVOUR and low on calories. Full of prebiotic goodness and NO SUGAR. Guilt-free just got better for you. Remedy Sodaly is:
Sugar free, for real
All natural
Made with prebiotics
Low on Calories
Vegan
Gluten Free
A-Ok in or out of the fridge",,,"Per 100g/ml
Per Serving
%DI
Energy
13kJ
32kJ
Protein
<1g
<1g
Total Fat
<1g
<1g
Saturated Fat
<1g
<1g
Carbohydrate
<1g
<1g
Sugars
0g
0g
Sodium
<5mg
<5mg
Dietary Fibre (total)
<1g
<1g
* Percentage Daily Intakes are based on an average adult diet of 8700 kJ. Your daily intakes may be higher or lower depending on your energy needs.",,https://www.coles.com.au/product/remedy-sodaly-guava-250ml-4-pack-6210185,,,2024-06-16T15:04:22.794978-04:00
Ind56SColes_ADrinks_SASoft drinks_IBundaberg Brewed Drink Sarsaparilla Diet 4x375mL | 4 pack,Bundaberg Brewed Drink Sarsaparilla Diet 4x375mL | 4 pack,Bundaberg,Drinks,Soft drinks,Mixers,,$7.45,,,$4.97 per 1L,2481318,"Brewed over 3 days using a genuine family recipe including sarsaparilla root, ground ginger, liquorce root, vanilla bean and molasses. Bundaberg Diet Sarsaparilla has the same great taste as the original with less sugar.
Be sure to invert the bottle before opening to disperse the real ingredients for optimal enjoyment.
Brewed over 3 days
Australian family owned
Best enjoyed chilled",,,"Per 100g/ml
Per Serving
%DI
Energy
33kJ
124kJ
1%
Protein
<1g
<1g
0%
Total Fat
<1g
<1g
0%
Saturated Fat
<1g
<1g
0%
Carbohydrate
1.9g
7.2g
2%
Sugars
1.7g
6.4g
7%
Sodium
11mg
42mg
2%
* Percentage Daily Intakes are based on an average adult diet of 8700 kJ. Your daily intakes may be higher or lower depending on your energy needs.","Carbonated Water, Cane Sugar, Sarsaparilla Brew (Water, Sugar, Molasses, Ginger Root, Sarsaparilla Root, Licorice Root Extract, Vanilla Bean Extract, Yeast), Colour (Caramel IV), Acids (Malic Acid, Citric Acid), Flavours, Preservatives (202, 211) Sweeteners (951, 950, 955), Antioxidant (Ascorbic Acid), Stabilisers (412, 415).",https://www.coles.com.au/product/bundaberg-brewed-drink-sarsaparilla-diet-4x375ml-4-pack-2481318,,,2024-06-16T15:04:33.825659-04:00
Ind56SColes_ADrinks_SASoft drinks_IWimmers Double Sarsaparilla | 1.25L,Wimmers Double Sarsaparilla | 1.25L,Wimmers,Drinks,Soft drinks,Soft drink bottles,,$2.20,,,$1.76 per 1L,5778244,"Wet your whistle with Wimmers. Wimmers is known for its wide range of refreshing flavours. Our soft drinks have been in Australia's fridges since 1910, making us one of the nation's oldest manufacturers.",,,,,https://www.coles.com.au/product/wimmers-double-sarsaparilla-1.25l-5778244,,,2024-06-16T15:04:42.793811-04:00
Ind56SColes_ADrinks_SASoft drinks_ICoca-Cola Diet Coke Soft Drink Bottle | 2L,Coca-Cola Diet Coke Soft Drink Bottle | 2L,Coca-Cola,Drinks,Soft drinks,Soft drink bottles,,$3.90,,,$1.95 per 1L,418503,"Diet Coke is a deliciously light, sugar free and no kilojoule soft drink. It delivers a distinct, unique and light taste. With its bubbly sparkle, 'Diet Coke' has been refreshing and delighting drinkers for decades. The perfect sparkling soft drink for enjoying on the go, having with a meal or relaxing with at home. Coca-Cola Diet soft drink is available in cans, mini cans, single serve and sharing size bottles as well as multipacks.
Distinct Diet Coke Taste

No Sugar and Low Kilojoule

A Quality Product of The Coca-Cola Company

2L Soft Drink

Perfect for drinking on the go, having with a meal or relaxing with at home.",,,"Per 100g/ml
Per Serving
%DI
Energy
1.9
4.8
0.1
Protein
0.05
0.1
0.3
Total Fat
0
0
0
Saturated Fat
0
0
0
Carbohydrate
0.1
0.3
0.1
Sugars
0
0
0
Sodium
1
2.5
0.1
Energy (Cal)
0.5
1.1
0.1
Dietary Fibre (total)
0
0
0
* Percentage Daily Intakes are based on an average adult diet of 8700 kJ. Your daily intakes may be higher or lower depending on your energy needs.","Carbonated Water, Colour (150d), Food Acids (338, 330), Sweeteners (951, 950), Flavour, Caffeine.",https://www.coles.com.au/product/coca-cola-diet-coke-soft-drink-bottle-2l-418503,,,2024-06-16T15:05:10.778291-04:00
Ind56SColes_ADrinks_SASoft drinks_IPepsi Max No Sugar Cola Soft Drink Cans Multipack 375mL x 30 Pack | 30 pack,Pepsi Max No Sugar Cola Soft Drink Cans Multipack 375mL x 30 Pack | 30 pack,Pepsi,Drinks,Soft drinks,Soft drink cans,,$26.00,,,$2.31 per 1L,7837413,"Pepsi Max No Sugar Soft drink offers a bold cola taste with no sugar. The smooth taste of Pepsi Max offers a deliciously refreshing and thirst-quenching cola refreshment that can be enjoyed anytime.



Pepsi Max No Sugar, has.no sugar. It's as simple as that with no taste compromise.


It is low in calories vs full sugar colas and in case you are wondering, it also has a bold cola taste that's comparable with full sugar cola products.



The 24 x Pepsi Max can pack is an ideal pack for enjoying at home and sharing with family or friends.


Pepsi Max soft drink is available in a range of other take-home pack sizes such as; mini cans for portion control and multi-serve bottles to suit all your cola drinking occasions.


For maximum enjoyment, drink chilled when you are looking for that fun, tasty, no sugar cola refreshment!



Pepsi Max. Max Taste, No Sugar.
Bold Taste with No Sugar

Low in Calories

On-the-Go Serve

Max Cola Refreshment",,,"Per 100g/ml
Per Serving
%DI
Energy
1.6kJ
6kJ
0.10%
Protein
0.06g
0.2g
0.50%
Total Fat
0g
0g
0%
Saturated Fat
0g
0g
0%
Carbohydrate
0.06g
0.2g
0.10%
Sugars
0g
0g
0%
Sodium
13mg
49mg
2%
Dietary Fibre (total)
0g
0g
0%
* Percentage Daily Intakes are based on an average adult diet of 8700 kJ. Your daily intakes may be higher or lower depending on your energy needs.","Carbonated Water, Colour (150d), Sweeteners (951, 950), Food Acids (338, 330), Preservative (211), Caffeine, Flavour. CONTAINS CAFFEINE. CONTAINS PHENYLALANINE.",https://www.coles.com.au/product/pepsi-max-no-sugar-cola-soft-drink-cans-multipack-375ml-x-30-pack-30-pack-7837413,,,2024-06-16T15:05:22.026680-04:00
Ind56SColes_ADrinks_SA_ICoca-Cola Classic Soft Drink Bottle | 1.25L,Coca-Cola Classic Soft Drink Bottle | 1.25L,Coca-Cola,Drinks,,,,$3.85,Pick any 2 for $5.60,,$3.08 per 1L,123011,"Nothing beats the taste of Coca-Cola Classic. It's the perfect companion whether you're on the go, relaxing at home, enjoying with friends or as a drink with your meal. Refresh yourself with the authentic Coke taste. Designed to go with everything, the taste of Classic Coca-Cola has remained unchanged for more than 130 years. Coca-Cola soft drink is available in cans, mini cans, single serve and sharing size bottles as well as multipacks.
Classic Coke Taste

Serve Drink Cold for Maximum Refreshment

A Quality Product of The Coca-Cola Company

1.25L Soft Drink

Perfect for drinking on the go, having with a meal or relaxing with at home.",,,"Per 100g/ml
Per Serving
%DI
Energy
180
450
5
Protein
0
0
0
Total Fat
0
0
0
Saturated Fat
0
0
0
Carbohydrate
10.6
27
9
Sugars
10.6
27
29
Sodium
10
25
1
Energy (Cal)
43
108
5
* Percentage Daily Intakes are based on an average adult diet of 8700 kJ. Your daily intakes may be higher or lower depending on your energy needs.",,https://www.coles.com.au/product/coca-cola-classic-soft-drink-bottle-1.25l-123011,,,2024-06-16T15:05:32.938452-04:00
Ind56SColes_ADrinks_SASoft drinks_IPepsi Cola Soft Drink Bottle | 1.25L,Pepsi Cola Soft Drink Bottle | 1.25L,Pepsi,Drinks,Soft drinks,Soft drink bottles,,$2.00,,$3.00,$1.60 per 1L,148205,"The smooth taste of Pepsi cola offers a deliciously refreshing and thirst-quenching soft drink that can be enjoyed anytime. Our classic and bold cola soft drink is best enjoyed chilled or poured over ice.



If you are thinking about reducing your sugar intake then try Pepsi Max, a bold cola taste with no sugar and no taste compromise that offers mouth-watering refreshment.


Equally if you are looking for something a bit different then try one of our deliciously refreshing Pepsi Max No Sugar Flavours; Vanilla, Mango or Creaming Soda.



Pepsi cola is available in a range of other take-home pack sizes such as; mini cans for portion control and multi-serve packs to suit all your cola drinking occasions.



The 1.25L multi-serve Pepsi bottle is ideal for the fridge at home or for enjoying with family and friends at any social, entertaining occasion. Looking for even more value? Grab the 1.25L x 12 bottle pack option.
Signature Pepsi cola taste

Bold & refreshing

Ideal for Sharing",,,"Per 100g/ml
Per Serving
%DI
Energy
185kJ
463kJ
5%
Protein
0g
0g
0%
Total Fat
0g
0g
0%
Saturated Fat
0g
0g
0%
Carbohydrate
10.9g
27.3g
9%
Sugars
10.9g
27.3g
30%
Sodium
12mg
30mg
1%
* Percentage Daily Intakes are based on an average adult diet of 8700 kJ. Your daily intakes may be higher or lower depending on your energy needs.",,https://www.coles.com.au/product/pepsi-cola-soft-drink-bottle-1.25l-148205,,,2024-06-16T15:05:44.923047-04:00
Ind56SColes_ADrinks_SASoft drinks_ISolo Lemon Mango Zero Sugar Soft Drink | 1.25L,Solo Lemon Mango Zero Sugar Soft Drink | 1.25L,Solo,Drinks,Soft drinks,Soft drink bottles,,$2.00,,$3.00,$1.60 per 1L,7714151,"Refresh with The Original Thirst Crusher Lemon taste that you know and love, with a twist of Mango Flavour! 1.25L is the perfect size for those sharing occasions over a meal, with friends and family.
Original Lemon Taste with Mango Flavour

Zero Sugar

No artifical colours and flavours

1.25L perfect for sharing with friends over a meal

SOLO the #1 Lemon Soft drink in Australia",,,"Per 100g/ml
Per Serving
%DI
Energy
11kJ
28kJ
Protein
0g
0g
Total Fat
0g
0g
Saturated Fat
0g
0g
Carbohydrate
0g
0g
Sugars
0g
0g
Sodium
24mg
60mg
Dietary Fibre (total)
0g
0g
* Percentage Daily Intakes are based on an average adult diet of 8700 kJ. Your daily intakes may be higher or lower depending on your energy needs.",,https://www.coles.com.au/product/solo-lemon-mango-zero-sugar-soft-drink-1.25l-7714151,,,2024-06-16T15:05:56.191543-04:00
Ind56SColes_ADrinks_SASoft drinks_ICoca-Cola Zero Sugar Soft Drink Bottle | 1.25L,Coca-Cola Zero Sugar Soft Drink Bottle | 1.25L,Coca-Cola,Drinks,Soft drinks,Soft drink bottles,,$3.85,Pick any 2 for $5.60,,$3.08 per 1L,2993706,"Coca-Cola Zero Sugar is a deliciously light choice for those who want the classic taste of Coke with no sugar. Whether sharing with family and friends or accompanying a meal, Coca-Cola Zero Sugar has a pack for almost any occasion. Coca-Cola Zero Sugar soft drink is available in cans, mini cans, single serve and sharing size bottles as well as multipacks.
The Coke Taste You Love with No Sugar and Low Calories

Serve Drink Cold for Maximum Refreshment

A Quality Product of The Coca-Cola Company

Perfect for drinking on the go, having with a meal or relaxing with at home.

Serve Drink Cold for Maximum Refreshment",,,"Per 100g/ml
Per Serving
%DI
Energy
1.2
3
0.1
Protein
0.02
0.06
0.1
Total Fat
0
0
0
Saturated Fat
0
0
0
Carbohydrate
0.03
0.08
0.1
Sugars
0
0
0
Sodium
4.1
10.3
0.4
Energy (Cal)
0.3
0.7
0.1
Dietary Fibre (total)
0
0
0
* Percentage Daily Intakes are based on an average adult diet of 8700 kJ. Your daily intakes may be higher or lower depending on your energy needs.","Carbonated Water, Colour (150d), Food Acids (338, 331), Sweeteners (951, 950), Flavour, Caffeine.",https://www.coles.com.au/product/coca-cola-zero-sugar-soft-drink-bottle-1.25l-2993706,,,2024-06-16T15:06:08.013561-04:00
Ind56SColes_ADrinks_SABeverages_ISprite Lemonade Soft Drink Bottle | 2L,Sprite Lemonade Soft Drink Bottle | 2L,Sprite,Drinks,Beverages,Soft drink & energy drinks,,$3.00,,,"$1.50 per 1L
Was $3.40 on Apr 2024",438894,"With its clean, crisp, lemon-lime taste, Sprite is a lemonade soft drink with a hit of refreshment. Perfect with meals, as a mixer, on the go or relaxing at home. Sprite soft drink has natural flavours. Sprite is available in cans, mini cans, single serve and sharing size bottles as well as multipacks.
Hit of refreshment

Lemon-lime flavour

Natural flavour

Great with meals

2L share pack

Natural flavour.",,,"Per 100g/ml
Per Serving
%DI
Energy
120
301
3
Protein
0.01
0.01
0.1
Total Fat
0
0
0
Saturated Fat
0
0
0
Carbohydrate
6.9
17
5
Sugars
6.9
17
19
Sodium
6.8
17
0.7
Energy (Cal)
29
72
3
Dietary Fibre (total)
0
0
0
* Percentage Daily Intakes are based on an average adult diet of 8700 kJ. Your daily intakes may be higher or lower depending on your energy needs.",,https://www.coles.com.au/product/sprite-lemonade-soft-drink-bottle-2l-438894,,,2024-06-16T15:06:19.121513-04:00
Ind56SColes_ADrinks_SASoft drinks_ISolo Thirst Crusher Original Lemon Soft Drink Cans Multipack 375mL x 30 Pack | 30 pack,Solo Thirst Crusher Original Lemon Soft Drink Cans Multipack 375mL x 30 Pack | 30 pack,Solo,Drinks,Soft drinks,Soft drink cans,,$26.00,,,$2.31 per 1L,7837402,"Introducing Solo Original Lemon, a crisp and refreshing carbonated drink that is perfect for all occasions. This 30-pack of 375mL is ideal for stocking up your pantry or for serving at your next party. The zesty lemon flavor is sure to tantalize your taste buds and quench your thirst, making Solo Original Lemon a must-have in your beverage collection.

Made with only the finest ingredients, Solo Original Lemon is a premium quality drink bold flavors and natural ingredients. Each sip of this delicious drink is bursting with the tangy goodness of fresh lemons, making it a perfect thirst-quencher on a hot summer day.

The Solo Original Lemon 30-pack of 375mL is perfect for those who love to entertain or for busy families who want to have a refreshing drink on hand at all times. With its easy-to-use twist cap, you can quickly pour a glass or two without any mess or fuss.

In addition to its refreshing taste, Solo Original Lemon has 5% lemon content, every sip of Solo Original Lemon is bursting with tangy citrus flavour that will leave your taste buds tingling. So why not add Solo Original Lemon to your shopping list today and experience the delightful taste of this classic beverage? Order your Solo Original Lemon 30-pack of 375mL today and experience the delicious taste and convenience of this iconic Australian beverage!
Crisp and refreshing carbonated drink that is perfect for all occasions

Zesty lemon flavor, perfect thirst-quencher

Premium quality drink bold flavors and natural ingredients

30pack of 375 mL with easy-to-use cap, ideal for entertaining or busy families

An iconic Australian beverage",,,"Per 100g/ml
Per Serving
%DI
Energy
200kJ
750kJ
9%
Protein
0.05g
0.2g
0.40%
Total Fat
0g
0g
0%
Saturated Fat
0g
0g
0%
Carbohydrate
11.5g
43.1g
14%
Sugars
11.5g
43.1g
48%
Sodium
18mg
68mg
3%
* Percentage Daily Intakes are based on an average adult diet of 8700 kJ. Your daily intakes may be higher or lower depending on your energy needs.",,https://www.coles.com.au/product/solo-thirst-crusher-original-lemon-soft-drink-cans-multipack-375ml-x-30-pack-30-pack-7837402,,,2024-06-16T15:06:30.161055-04:00
Ind56SColes_ADrinks_SASoft drinks_IDeep Spring Natural Mineral Water Orange Passionfruit Multipack Mini Cans 6x250mL | 6 pack,Deep Spring Natural Mineral Water Orange Passionfruit Multipack Mini Cans 6x250mL | 6 pack,Deep Spring,Drinks,Soft drinks,Soft drink cans,,$6.75,,$9.20,$4.50 per 1L,5484607,"Deep Spring Orange & Passionfruit is sparkling mineral water with a burst of real fruit juice. With low sugar and natural colours and flavours, it's delicious refreshment you can feel good about.
2.5 Health Star Rating

6 x 250mL Mini Cans

Orange and Pasisonfruit Flavour

No artificial colours and no artificial flavours

Perfect for drinking with friends",,,"Per 100g/ml
Per Serving
%DI
Energy
46kJ
114kJ
1%
Protein
less than 0.1g
0.1g
0.00%
Total Fat
less than 0.1g
less than 0.1g
0.00%
Saturated Fat
less than 0.1g
less than 0.1g
0.00%
Carbohydrate
2.3g
5.8g
2.00%
Sugars
2.3g
5.8g
6.00%
Sodium
10.1mg
26mg
1.00%
Energy (Cal)
10.9Cal
27Cal
Dietary Fibre (total)
less than 0.1g
less than 0.1g
0.00%
* Percentage Daily Intakes are based on an average adult diet of 8700 kJ. Your daily intakes may be higher or lower depending on your energy needs.",,https://www.coles.com.au/product/deep-spring-natural-mineral-water-orange-passionfruit-multipack-mini-cans-6x250ml-6-pack-5484607,,,2024-06-16T15:06:41.044581-04:00
Ind56SColes_ADrinks_SASoft drinks_ICoca-Cola Vanilla Soft Drink 6x250mL | 6 pack,Coca-Cola Vanilla Soft Drink 6x250mL | 6 pack,Coca-Cola,Drinks,Soft drinks,Soft drink cans,,$6.75,,$9.20,$4.50 per 1L,4398714,"Coca-Cola Vanilla has the refreshing Coca-Cola Classic taste with the sweet aroma of vanilla, making it a delicious twist on an old favourite. Coca-Cola Vanilla soft drink is available in multipack cans, single serve bottles and sharing size bottles. There's a pack for almost any occasion.
Classic Coke Taste with a Twist

6 x 250mL Mini Cans Soft Drink

Perfect for drinking on the go, having with a meal or relaxing with at home.

Deliciously Vanilla

A Quality Product of The Coca-Cola Company",,,"Per 100g/ml
Per Serving
%DI
Energy
185
463
5
Protein
0
0
0
Total Fat
0
0
0
Saturated Fat
0
0
0
Carbohydrate
11
28
9
Sugars
10.9
27
30
Sodium
10
25
1.1
Energy (Cal)
44
110
5
* Percentage Daily Intakes are based on an average adult diet of 8700 kJ. Your daily intakes may be higher or lower depending on your energy needs.","Carbonated Water, Sugar, Colour (150d), Food Acid (338), Flavour, Caffeine.",https://www.coles.com.au/product/coca-cola-vanilla-soft-drink-6x250ml-6-pack-4398714,,,2024-06-16T15:06:53.163508-04:00
Ind56SColes_ADrinks_SASoft drinks_IWimmers Lemon Lime & Bitters | 1.25L,Wimmers Lemon Lime & Bitters | 1.25L,Wimmers,Drinks,Soft drinks,Soft drink bottles,,$2.20,,,$1.76 per 1L,5778211,"Wet your whistle with Wimmers. Wimmers is known for its wide range of refreshing flavours. Our soft drinks have been in Australias fridges since 1910, making us one of the nations oldest manufacturers.",,,,,https://www.coles.com.au/product/wimmers-lemon-lime-and-bitters-1.25l-5778211,,,2024-06-16T15:07:04.546871-04:00
Ind56SColes_ADrinks_SASoft drinks_ICoca-Cola Classic Soft Drink Multipack Cans 10x375mL | 10 pack,Coca-Cola Classic Soft Drink Multipack Cans 10x375mL | 10 pack,Coca-Cola,Drinks,Soft drinks,Soft drink cans,,$19.00,Pick any 2 for $25,,$5.07 per 1L,1849307,"Nothing beats the taste of Coca-Cola Classic. It's the perfect companion whether you're on the go, relaxing at home, enjoying with friends or as a drink with your meal. Refresh yourself with the authentic Coke taste. Designed to go with everything, the taste of Classic Coca-Cola has remained unchanged for more than 130 years. Coca-Cola soft drink is available in cans, mini cans, single serve and sharing size bottles as well as multipacks.
Classic Coke Taste

Serve Drink Cold for Maximum Refreshment

A Quality Product of The Coca-Cola Company

Multipack soft drink, 10 x 375ml Cans

Perfect for drinking on the go, having with a meal or relaxing with at home.",,,"Per 100g/ml
Per Serving
%DI
Energy
180
675
8
Protein
0
0
0
Total Fat
0
0
0
Saturated Fat
0
0
0
Carbohydrate
10.6
40
13
Sugars
10.6
40
44
Sodium
10
38
2
Energy (Cal)
43
161
8
* Percentage Daily Intakes are based on an average adult diet of 8700 kJ. Your daily intakes may be higher or lower depending on your energy needs.","Carbonated Water, Sugar, Colour (150d), Food Acid (338), Flavour, Caffeine.",https://www.coles.com.au/product/coca-cola-classic-soft-drink-multipack-cans-10x375ml-10-pack-1849307,,,2024-06-16T15:07:15.729178-04:00
Ind56SColes_ADrinks_SASoft drinks_IRemedy Kombucha Ginger | 1.25L,Remedy Kombucha Ginger | 1.25L,Remedy,Drinks,Soft drinks,Kombucha & other drinks,,$8.95,,,$7.16 per 1L,3831492,"A classic with a twist. A no-sugar, guilt-free take on ginger beer. Hot and sour, fiery and tangy, made with natural ingredients, Remedy Kombucha Ginger Lemon is the perfect tummy-tamer. Fresh ginger adds warmth and spice, while real lemon adds a citrus spark. Full of antioxidants, live cultures and organic acids, Remedy Kombucha is:
No sugar, for real
All natural
Certified Organic
Low on Calories
Vegan
Gluten Free
A-Ok in or out of the fridge",,,"Per 100g/ml
Per Serving
%DI
Energy
12kJ
38kJ
Protein
<1g
<1g
Total Fat
<1g
<1g
Saturated Fat
<1g
<1g
Carbohydrate
1.6g
5.3g
Sugars
0g
0g
Sodium
<5mg
<5mg
* Percentage Daily Intakes are based on an average adult diet of 8700 kJ. Your daily intakes may be higher or lower depending on your energy needs.",,https://www.coles.com.au/product/remedy-kombucha-ginger-1.25l-3831492,,,2024-06-16T15:07:27.224228-04:00
Ind56SColes_ADrinks_SASoft drinks_IPepsi Max No Sugar Cola Soft Drink Cans Multipack 375mL x 10 Pack | 10 pack,Pepsi Max No Sugar Cola Soft Drink Cans Multipack 375mL x 10 Pack | 10 pack,Pepsi,Drinks,Soft drinks,Soft drink cans,,$9.00,,$18.00,$2.40 per 1L,2684166,"Pepsi Max No Sugar Soft drink offers a bold cola taste with no sugar. The smooth taste of Pepsi Max offers a deliciously refreshing and thirst-quenching cola refreshment that can be enjoyed anytime.



Pepsi Max No Sugar, has.no sugar. It's as simple as that with no taste compromise.


It is low in calories vs full sugar colas. And, in case you were wondering, it also has a bold cola taste that's comparable with full sugar cola products.



The 10 x Pepsi Max can pack is a perfect pack for the fridge so you can enjoy this refreshing drink at home anytime.


Pepsi Max soft drink is available in a range of take-home pack sizes such as; mini cans for portion control, larger multi-can packs and multi-serve packs to suit all your cola drinking occasions.



For maximum enjoyment, drink chilled when you are looking for that fun, tasty, no sugar cola refreshment!



Pepsi Max. Max Taste, No Sugar.
Bold Taste with No Sugar

Low in Calories

On-the-Go Serve

Max Cola Refreshment

Fridge-Friendly Pack",,,"Per 100g/ml
Per Serving
%DI
Energy
1.6kJ
6kJ
0.10%
Protein
0.06g
0.2g
0.50%
Total Fat
0g
0g
0%
Saturated Fat
0g
0g
0%
Carbohydrate
0.06g
0.2g
0.10%
Sugars
0g
0g
0%
Sodium
13mg
49mg
2%
Dietary Fibre (total)
0g
0g
0%
* Percentage Daily Intakes are based on an average adult diet of 8700 kJ. Your daily intakes may be higher or lower depending on your energy needs.",,https://www.coles.com.au/product/pepsi-max-no-sugar-cola-soft-drink-cans-multipack-375ml-x-10-pack-10-pack-2684166,,,2024-06-16T15:07:38.136099-04:00
Ind56SColes_ADrinks_SASoft drinks_ISchweppes Indian Tonic Water Classic Mixers Bottle | 1.1L,Schweppes Indian Tonic Water Classic Mixers Bottle | 1.1L,Schweppes,Drinks,Soft drinks,Mixers,,$3.00,Pick any 2 for $3,,$2.73 per 1L,3014806,"Introducing the Schweppes Classic Mixers Indian Tonic Water - a classic and timeless sparkling drink that will surely elevate your summer cocktail game to the next level. Its citrusy and zesty taste with a transparent colour makes it a perfect choice for mixed drinks or enjoyed straight up.

Crafted with juicy lemons, oranges, and quinine, Schweppes Classic Mixers Indian Tonic Water 1.1L delivers a hit of freshness that is unparalleled. Whether you are a gin and tonic aficionado or looking to add a twist to your vodka or rum-based drinks, this tonic water is your go-to choice.

The perfect balance of sweet and tangy, Schweppes Classic Mixers Indian Tonic Water offers a refreshing and distinctively delicious taste that makes it a staple item in many bars and households alike. Drink it alone, mix it with your preferred liquor, or even use it to create your own unique cocktail - the possibilities are endless!

Made with only the finest and freshest ingredients, this tonic water is gluten-free and contains no artificial sweeteners, flavours or preservatives. With the large bottle of 1.1L, you have enough to last you for multiple occasions.

So, why wait? Buy Schweppes Classic Mixers Indian Tonic Water now and make your drinks stand out with a refreshing taste that is timeless and unmatched. Enjoy the classic taste of Schweppes today!
Experience unparalleled freshness with a blend of lemons, oranges and quinine

Perfectly balanced taste of sweet and tangy for a delicious sip

Versatile use for mixing or enjoying straight-up with no artificial additives

Large 1.1L bottle great offers unbeatable value for multiple occasions.

Elevate your cocktail game with a timeless and unmatched classic taste",,,"Per 100g/ml
Per Serving
%DI
Energy
154kJ
385kJ
Protein
0g
0g
Total Fat
0g
0g
Saturated Fat
0g
0g
Carbohydrate
8.7g
21.8g
Sugars
8.7g
21.8g
Sodium
2mg
5mg
* Percentage Daily Intakes are based on an average adult diet of 8700 kJ. Your daily intakes may be higher or lower depending on your energy needs.",,https://www.coles.com.au/product/schweppes-indian-tonic-water-classic-mixers-bottle-1.1l-3014806,,,2024-06-16T15:07:49.275525-04:00
Ind56SColes_ADrinks_SASoft drinks_IFanta Orange Zero Sugar Soft Drink Mini Cans 6x250mL | 6 Pack,Fanta Orange Zero Sugar Soft Drink Mini Cans 6x250mL | 6 Pack,Fanta,Drinks,Soft drinks,Soft drink cans,,$6.75,,$9.20,$4.50 per 1L,4398736,"Bright, bubbly and popular. Fanta Orange Zero Sugar is a soft drink with a tingly, fruity, bold taste with no sugar. Fanta Orange Zero Sugar is perfect for relaxing at home, on the go or having with meals. Fanta Orange Zero Sugar is available in cans, mini cans and multi-serve bottles.
Bold fruity taste

Zero sugar

Orange flavour

Bring home flavour

6x250ml Cans Soft Drink",,,"Per 100g/ml
Per Serving
%DI
Energy
3.9
9.7
0.1
Protein
0.05
0.1
0.3
Total Fat
0
0
0
Saturated Fat
0
0
0
Carbohydrate
0.05
0.1
0.1
Sugars
0
0
0
Sodium
1.2
3
0.1
Energy (Cal)
0.9
2.3
0.1
Dietary Fibre (total)
0
0
0
* Percentage Daily Intakes are based on an average adult diet of 8700 kJ. Your daily intakes may be higher or lower depending on your energy needs.",,https://www.coles.com.au/product/fanta-orange-zero-sugar-soft-drink-mini-cans-6x250ml-6-pack-4398736,,,2024-06-16T15:08:01.277039-04:00
Ind56SColes_ADrinks_SASoft drinks_ISchweppes Zero Sugar Lemonade Soft Drink Bottle | 1.1L,Schweppes Zero Sugar Lemonade Soft Drink Bottle | 1.1L,Schweppes,Drinks,Soft drinks,Soft drink bottles,,$3.00,Pick any 2 for $3,,$2.73 per 1L,3270238,"Quench your thirst with the tangy and crisp taste of Schweppes Lemonade Zero Sugar. This refreshing drink is perfect for those who want to enjoy the classic taste of lemonade without the sugar. Made with natural lemon flavour, it's a beloved refreshment that will keep you feeling refreshed all day long.

Schweppes Lemonade Zero Sugar is a sugar-free version of the original 1835 recipe that has been adored by Aussies for generations. This 1.1L bottle brings the same fresh flavour with no added sugar, making it a healthier alternative to traditional lemonade.

Crafted with a mix of lemon and lime, Schweppes Lemonade Zero Sugar has a crisp, clean taste that is perfect for hot summer days. It's also a great mixer for your favourite cocktails, adding a zesty twist to your favourite drinks.
Refreshing zero sugar beverage with natural lemon flavour.

Great tasting low calorie lemonade in a large bottle.

Crisp, tangy, and perfect for any occasion.

Convenient 1.1L size for sharing with friends and family.

A great party pleasing option to bring everyone together",,,"Per 100g/ml
Per Serving
%DI
Energy
6kJ
15kJ
Protein
0g
0g
Total Fat
0g
0g
Saturated Fat
0g
0g
Carbohydrate
0g
0g
Sugars
0g
0g
Sodium
9mg
23mg
Dietary Fibre (total)
0g
0g
* Percentage Daily Intakes are based on an average adult diet of 8700 kJ. Your daily intakes may be higher or lower depending on your energy needs.",,https://www.coles.com.au/product/schweppes-zero-sugar-lemonade-soft-drink-bottle-1.1l-3270238,,,2024-06-16T15:08:13.297286-04:00
Ind56SColes_ADrinks_SASoft drinks_ISodasmith Finger Lime Soda Water Can 4x200mL | 4 pack,Sodasmith Finger Lime Soda Water Can 4x200mL | 4 pack,Sodasmith,Drinks,Soft drinks,Mixers,,$7.50,,,$9.38 per 1L,5563612,"Sodasmith Finger Lime Soda is the zesty all-rounder; delicious with gin, vodka, tequila, rum, whisky or on its own as a great non-alc alternative. Like all of the Sodasmith products, this soda is made with 100% Tasmanian spring water and all-natural plant-based ingredients, plus native Australian Finger Lime. Crafted by the Elements.",,,,,https://www.coles.com.au/product/sodasmith-finger-lime-soda-water-can-4x200ml-4-pack-5563612,,,2024-06-16T15:08:22.054642-04:00
Ind56SColes_ADrinks_SASoft drinks_ICapi Low Sugar Tonic Water | 750mL,Capi Low Sugar Tonic Water | 750mL,Capi,Drinks,Soft drinks,Mixers,,$3.30,,$4.15,$4.40 per 1L,4395727,"Meet CAPI - premium, all-natural drinks that are bottled at the source and Clearly Australian.
With less than 25 calories per serve, CAPI Low Sugar Tonic is naturally flavoured with a hint of mandarin and monk fruit for subtle sweetness. It is 100% natural with no artificial sweeteners and uses the best quality, real quinine.
All natural & no preservatives
Made using real quinine
Low calorie
Glass bottled
Australian-made
Enjoy it over ice, paired with gin, vodka, tequila, rum and citrus non-alcoholic spirits. Garnish with fresh grapefruit or mandarin.",,,"Per 100g/ml
Per Serving
%DI
Energy
41.8kJ
105kJ
Protein
<0.15g
<0.36g
Total Fat
<0.2g
<0.5g
Saturated Fat
0g
0g
Carbohydrate
2.5g
6.25g
Sugars
2.5g
6.25g
Sodium
1.5mg
3.75mg
* Percentage Daily Intakes are based on an average adult diet of 8700 kJ. Your daily intakes may be higher or lower depending on your energy needs.",,https://www.coles.com.au/product/capi-low-sugar-tonic-water-750ml-4395727,,,2024-06-16T15:08:33.989484-04:00
Ind56SColes_ADrinks_SASoft drinks_IPepsi Max No Sugar Cola Soft Drink Bottle | 2L,Pepsi Max No Sugar Cola Soft Drink Bottle | 2L,Pepsi,Drinks,Soft drinks,Soft drink bottles,,$3.60,,,$1.80 per 1L,5441783,"Pepsi Max No Sugar soft drink offers a bold cola taste with no sugar. The smooth taste of Pepsi Max offers a deliciously refreshing and thirst-quenching cola refreshment that can be enjoyed anytime.



Pepsi Max No Sugar, has.no sugar. It's as simple as that with no taste compromise.


It is low in calories vs full sugar colas and in case you were wondering, it also has a bold cola taste that's comparable with full sugar cola products.



The 2L multi-serve Pepsi Max bottle is ideal for the fridge at home or for enjoying with family and friends at any social, entertaining occasion.

Pepsi Max soft drink is also available in a range of take-home pack sizes such as; mini cans for portion control, larger multi-can packs for entertaining and single-serve packs for when you're on the go.



For maximum enjoyment, drink chilled when you are looking for that fun, tasty, no sugar cola refreshment!



Pepsi Max. Max Taste, No Sugar.
Bold Taste with No Sugar

Low in Calories

Ideal for Sharing

Max Cola Refreshment",,,"Per 100g/ml
Per Serving
%DI
Energy
1.6kJ
4kJ
0.10%
Protein
0.06g
0.2g
0.30%
Total Fat
0g
0g
0%
Saturated Fat
0g
0g
0%
Carbohydrate
0.06g
0.2g
0.10%
Sugars
0g
0g
0%
Sodium
13mg
33mg
1%
Dietary Fibre (total)
0g
0g
0%
* Percentage Daily Intakes are based on an average adult diet of 8700 kJ. Your daily intakes may be higher or lower depending on your energy needs.","Carbonated Water, Colour (150d), Sweeteners (951, 950), Food Acids (338, 330), Preservative (211), Caffeine, Flavour. CONTAINS CAFFEINE. CONTAINS PHENYLALANINE.",https://www.coles.com.au/product/pepsi-max-no-sugar-cola-soft-drink-bottle-2l-5441783,,,2024-06-16T15:08:45.406380-04:00
Ind56SColes_ADrinks_SASoft drinks_ISchweppes Indian Tonic Water Classic Mixers Glass Bottle Multipack 300mL x 4 Pack | 4 pack,Schweppes Indian Tonic Water Classic Mixers Glass Bottle Multipack 300mL x 4 Pack | 4 pack,Schweppes,Drinks,Soft drinks,Mixers,,$7.40,,,$6.17 per 1L,7351976,"Looking for a timeless and refreshing sparkling drink to add to your summer cocktails? Look no further than Schweppes Classic Mixers Indian Tonic Water! Crafted with juicy lemons, oranges and quinine, this transparent beverage is a hit of freshness whether enjoyed straight or used as a mixer.

Schweppes Classic Mixers Indian Tonic Water is the perfect complement to your gin and tonic, especially when paired with your preferred gin. It's also great mixed with lemon or lime juice for a truly unique and citrusy experience. With its distinctively delicious taste, this tonic water is perfect for those looking to add a touch of class to their cocktail game.

Each pack has four 300mL bottles, making it convenient for you to have your Schweppes Classic Mixers Indian Tonic Water on-hand whenever you need it. Don't let your cocktail game suffer this summer - upgrade it with the timeless taste of Schweppes Classic Mixers Indian Tonic Water!

With its great taste and versatility, it's no surprise that Schweppes Classic Mixers Indian Tonic Water is a classic mixer that's second to none. Order yours today and discover the refreshing and delicious taste of this wonderful beverage!
Refreshing taste of juicy lemons, oranges and quinine

Perfect complement to gin and tonic, or mixed with citrus juice

Adds a touch of class to your cocktail game

Convenient four-pack of 300mL bottles

Timeless and versatile classic mixer for any occasion",,,"Per 100g/ml
Per Serving
%DI
Energy
154kJ
462kJ
Protein
0g
0g
Total Fat
0g
0g
Saturated Fat
0g
0g
Carbohydrate
8.7g
26.1g
Sugars
8.7g
26.1g
Sodium
2mg
6mg
* Percentage Daily Intakes are based on an average adult diet of 8700 kJ. Your daily intakes may be higher or lower depending on your energy needs.",,https://www.coles.com.au/product/schweppes-indian-tonic-water-classic-mixers-glass-bottle-multipack-300ml-x-4-pack-4-pack-7351976,,,2024-06-16T15:08:56.390736-04:00
Ind56SColes_ADrinks_SASoft drinks_INexba Kombucha Drink Apple Pear Ginger | 1L,Nexba Kombucha Drink Apple Pear Ginger | 1L,Nexba,Drinks,Soft drinks,Kombucha & other drinks,,$3.30,,$6.60,$3.30 per 1L,4302840,"Our delicious and all natural kombucha is made with a unique strain of live probiotic, specially built to survive the journey from your mouth to your gut. These little beauties work hard to promote good gut health and vitality, naturally!",,,"Per 100g/ml
Per Serving
%DI
Energy
9kJ
23kJ
Protein
0g
0g
Total Fat
0g
0g
Saturated Fat
0g
0g
Carbohydrate
0.1g
0.4g
Sugars
0g
0g
Sodium
<1mg
<1mg
Dietary Fibre (total)
0g
0g
* Percentage Daily Intakes are based on an average adult diet of 8700 kJ. Your daily intakes may be higher or lower depending on your energy needs.",,https://www.coles.com.au/product/nexba-kombucha-drink-apple-pear-ginger-1l-4302840,,,2024-06-16T15:09:07.388312-04:00
Ind56SColes_ADrinks_SASoft drinks_IBundaberg Brewed Drink Lemon Lime Bitter Diet 4x375mL | 4 pack,Bundaberg Brewed Drink Lemon Lime Bitter Diet 4x375mL | 4 pack,Bundaberg,Drinks,Soft drinks,Mixers,,$7.45,,,$4.97 per 1L,2481260,"Using real lemons, limes, herbs and spices, Bundaberg Diet Lemon, Lime & Bitters has the same great taste as the original with less sugar. Our Master Brewers combine cinnamon quillsm clove buds and gentian root to craft brew our very own bitters.
Real lemons, limes, herbs and spices
Brewed over 7 days
Australian Family Owned
Best enjoyed chilled",,,"Per 100g/ml
Per Serving
%DI
Energy
33kJ
124kJ
1%
Protein
<1g
<1g
0%
Total Fat
<1g
<1g
0%
Saturated Fat
<1g
<1g
0%
Carbohydrate
1.9g
7.2g
2%
Sugars
1.6g
6g
7%
Sodium
11mg
42mg
2%
* Percentage Daily Intakes are based on an average adult diet of 8700 kJ. Your daily intakes may be higher or lower depending on your energy needs.",,https://www.coles.com.au/product/bundaberg-brewed-drink-lemon-lime-bitter-diet-4x375ml-4-pack-2481260,,,2024-06-16T15:09:19.772431-04:00
Ind56SColes_ADrinks_SASoft drinks_INexba Kombucha Rose Lemonade Live Sparkling Probiotic Multipack Bottles 330mL | 4 pack,Nexba Kombucha Rose Lemonade Live Sparkling Probiotic Multipack Bottles 330mL | 4 pack,Nexba,Drinks,Soft drinks,Kombucha & other drinks,,$6.95,,$8.95,$5.27 per 1L,3529227,"Stuff in the bottle: Purified sparkling water, naturally fermented kombucha (purified water, oolong tea, sugarÂ°, kombucha cultures). Nexba Natural Sweetener Blend (erythritol*, stevia), food acids (citric acid), natural pear, apple & ginger flavour, natural flavours, probiotic culture (bacillus coagulans).
Â°Sugar has been fully consumed during the extended fermentation process to produce the kombucha.
*Erythritol is naturally produced by fermentation of starches in fruits and vegetables.
*Bacillus Coagulans
Our delicious and 100% natural kombucha is brewed over 40 days with real...
Oolong tea leaves & living scoby
Good gut feels
We've spent years innovating to formulate a unique strain of smart & robust probiotic that survives the journey to your gut! These little beauties work hard to promote good gut health.",,,"Per 100g/ml
Per Serving
%DI
Energy
11kJ
36kJ
Protein
0g
0g
Total Fat
0g
0g
Saturated Fat
0g
0g
Carbohydrate
0.2g
0.5g
Sugars
0g
0g
Sodium
0.9mg
3mg
* Percentage Daily Intakes are based on an average adult diet of 8700 kJ. Your daily intakes may be higher or lower depending on your energy needs.",,https://www.coles.com.au/product/nexba-kombucha-rose-lemonade-live-sparkling-probiotic-multipack-bottles-330ml-4-pack-3529227,,,2024-06-16T15:09:30.743249-04:00
Ind56SColes_ADrinks_SASoft drinks_IFever-Tree Premium Mixer Light Indian Tonic Water | 500mL,Fever-Tree Premium Mixer Light Indian Tonic Water | 500mL,Fever-Tree,Drinks,Soft drinks,Mixers,,$5.00,,,$10.00 per 1L,3536798,"Our Light Indian Tonic Water uses fruit sugar to provide the traditional sweet balance to the bitterness of the quinine, which is sourced from the deep forests of the Democratic Republic of Congo.
No. 1 Best Selling & Top Trending Mixer for 10 years running as voted by Drinks International

Deliciously light, this tonic has the same great taste, but with 46% less calories when compared to the regular strength Premium Indian Tonic.

No artificial colours or flavours.",,,,,https://www.coles.com.au/product/fever-tree-premium-mixer-light-indian-tonic-water-500ml-3536798,,,2024-06-16T15:09:39.633759-04:00
Ind56SColes_ADrinks_SASoft drinks_ISchweppes Lemon Lime Bitters Soft Drink Classic Mixers Bottle | 1.1L,Schweppes Lemon Lime Bitters Soft Drink Classic Mixers Bottle | 1.1L,Schweppes,Drinks,Soft drinks,Mixers,,$3.00,Pick any 2 for $3,,$2.73 per 1L,3014839,"Indulge in the timeless taste of Schweppes Classic Mixers Lemon Lime & Bitters 1.1L, a handcrafted blend of botanical herbs, lemon, lime and bitters that promises to tantalize your taste buds. This iconic mixer is the perfect choice for those who appreciate a refreshing and tangy beverage.

The Master Blenders at Schweppes have carefully crafted this mixer in small batches, ensuring the perfect balance of flavors that Schweppes is renowned for. Six botanical herbs, including cinnamon, clove and pimento berry, are combined with the natural goodness of lemon and lime juices, resulting in a deliciously tangy and uplifting finish.

You can enjoy Schweppes Classic Mixers Lemon Lime & Bitters chilled or pair it with your favorite gin for a punchy cocktail that will take your taste buds on a journey. This mixer is perfect for your Aussie summer days, whether you're lounging by the pool or hosting a BBQ with friends and family.

When it comes to quality and taste, Schweppes is a name you can trust. Their Classic Mixers Lemon Lime & Bitters 1.1L is no exception, delivering a refreshing and iconic beverage that you will love. With its natural flavours and perfect balance of bitters, this mixer is a must-have for any home bar or entertaining event. So why wait? Order your bottle today and start enjoying the refreshing taste of Schweppes Classic Mixers Lemon Lime & Bitters!
Handcrafted blend of botanical herbs, lemon, lime and bitters.

Perfect balance of six botanical herbs and natural juices.

Enjoy chilled or pair with your favorite gin.

Trusted name in quality and taste.

Refreshing and iconic beverage for any occasion.",,,"Per 100g/ml
Per Serving
%DI
Energy
172kJ
430kJ
Protein
0g
0g
Total Fat
0g
0g
Saturated Fat
0g
0g
Carbohydrate
9.6g
24.5g
Sugars
9.6g
24.0g
Sodium
7mg
18mg
* Percentage Daily Intakes are based on an average adult diet of 8700 kJ. Your daily intakes may be higher or lower depending on your energy needs.",,https://www.coles.com.au/product/schweppes-lemon-lime-bitters-soft-drink-classic-mixers-bottle-1.1l-3014839,,,2024-06-16T15:09:50.621825-04:00
Ind56SColes_ADrinks_SASoft drinks_IKirks Pasito Passionfruit Soft Drink | 1.25L,Kirks Pasito Passionfruit Soft Drink | 1.25L,Kirks,Drinks,Soft drinks,Soft drink bottles,,$1.60,,$2.70,$1.28 per 1L,5399086,"This aint just any passionfruit flavoured drink, this is Kirks 'Pasito'. It's as classic as Aunty Dawn's pavlova, served with passionfruit of course. So we hope you enjoy the 'Passionfruiti-ness'. Kirks Pasito is also available in 10 x 375mL multipack cans.
- Passionfruit Flavour

- No artificial colours or flavours

- Fun refreshment for any occasion

- Uniquely Australian

- 1.25L Bottle Soft drink",,,,"Carbonated Water, Sugar, Food Acid (330), Natural Flavour, Passionfruit from Concentrate (0.5%), Natural Colours (161b, 120), Preservative (211)",https://www.coles.com.au/product/kirks-pasito-passionfruit-soft-drink-1.25l-5399086,,,2024-06-16T15:09:59.645825-04:00
Ind56SColes_ADrinks_SASoft drinks_ISodasmith Tonic Can 4x200mL | 4 pack,Sodasmith Tonic Can 4x200mL | 4 pack,Sodasmith,Drinks,Soft drinks,Mixers,,$7.50,,,$9.38 per 1L,5563645,Sodasmith Tasmanian Tonic Water is a delicious mixer made with 100% Tasmanian spring water and only all-natural plant-based ingredients. This Mediterranean inspired tonic is complemented by aromas of fresh citrus and lemon thyme. Crafted by the Elements.,,,,,https://www.coles.com.au/product/sodasmith-tonic-can-4x200ml-4-pack-5563645,,,2024-06-16T15:10:08.694161-04:00
Ind56SColes_ADrinks_SASoft drinks_ICoca-Cola Classic Soft Drink Multipack Mini Cans 6x250mL | 6 pack,Coca-Cola Classic Soft Drink Multipack Mini Cans 6x250mL | 6 pack,Coca-Cola,Drinks,Soft drinks,Soft drink cans,,$6.75,,$9.20,$4.50 per 1L,4398689,"Nothing beats the taste of Coca-Cola Classic. It's the perfect companion whether you're on the go, relaxing at home, enjoying with friends or as a drink with your meal. Refresh yourself with the authentic Coke taste. Designed to go with everything, the taste of Classic Coca-Cola has remained unchanged for more than 130 years. Coca-Cola soft drink is available in cans, mini cans, single serve and sharing size bottles as well as multipacks.
Classic Coke Taste

6 x 250mL Mini Cans Soft Drink

Perfect for drinking on the go, having with a meal or relaxing with at home.

Serve Drink Cold for Maximum Refreshment

A Quality Product of The Coca-Cola Company",,,"Per 100g/ml
Per Serving
%DI
Energy
180
450
5
Protein
0
0
0
Total Fat
0
0
0
Saturated Fat
0
0
0
Carbohydrate
10.6
27
9
Sugars
10.6
27
29
Sodium
10
25
1
Energy (Cal)
43
108
5
* Percentage Daily Intakes are based on an average adult diet of 8700 kJ. Your daily intakes may be higher or lower depending on your energy needs.","Carbonated Water, Sugar, Colour (150d), Food Acid (338), Flavour, Caffeine.",https://www.coles.com.au/product/coca-cola-classic-soft-drink-multipack-mini-cans-6x250ml-6-pack-4398689,,,2024-06-16T15:10:19.711700-04:00
Ind56SColes_ADrinks_SASoft drinks_ISchweppes Zero Sugar Mixers Lemon Lime & Bitters Soft Drink | 1.1L,Schweppes Zero Sugar Mixers Lemon Lime & Bitters Soft Drink | 1.1L,Schweppes,Drinks,Soft drinks,Mixers,,$3.00,Pick any 2 for $3,,$2.73 per 1L,3752738,"Looking for a refreshing drink that also has no sugar? Look no further than Schweppes Classic Mixers Lemon Lime & Bitters Zero Sugar 1.1L. This beloved Australian classic is now available with zero sugar, making it the perfect mixer for parties or a refreshing drink on a hot summer day.

The aromatic blend of bitters and lemon and lime juices make this classic mixer a standout choice. Enjoy it over ice with a slice of lemon or mix it with your favourite alcohol for a delicious cocktail. For a family-friendly option, mix it with lemonade for a refreshing punch.

This 1.1L bottle is perfect for sharing with friends and family. So why wait? Add Schweppes Classic Mixers Lemon Lime & Bitters Zero Sugar to your cart today and enjoy a delicious, sugar-free drink that everyone will love.
Zero sugar option: enjoy a refreshing drink without the sugar.

Aromatic blend of bitters, lemon, and lime make it a standout.

Perfect mixer for parties or a refreshing drink on hot days.

Can be mixed with your favourite alcohol or lemonade for a family-friendly option.

1.1L bottle allows for sharing with friends and family.",,,"Per 100g/ml
Per Serving
%DI
Energy
11kJ
28kJ
Protein
0g
0g
Total Fat
0g
0g
Saturated Fat
0g
0g
Carbohydrate
0g
0g
Sugars
0g
0g
Sodium
20mg
50mg
Dietary Fibre (total)
0g
0g
* Percentage Daily Intakes are based on an average adult diet of 8700 kJ. Your daily intakes may be higher or lower depending on your energy needs.",,https://www.coles.com.au/product/schweppes-zero-sugar-mixers-lemon-lime-and-bitters-soft-drink-1.1l-3752738,,,2024-06-16T15:10:31.147289-04:00
Ind56SColes_ADrinks_SASoft drinks_ISchweppes Agrum Blood Orange Soft Drink Bottle | 1.1L,Schweppes Agrum Blood Orange Soft Drink Bottle | 1.1L,Schweppes,Drinks,Soft drinks,Mixers,,$3.00,Pick any 2 for $3,,$2.73 per 1L,3014850,"Indulge in the delightful and refreshing taste of Schweppes Agrum Blood Orange 1.1L, perfect for any occasion.

With its subtle blend of kalamansi lime and blood orange, the zesty citrus flavour is both fragrant and sweet to the palate. This drink is perfect for those hot sunny afternoons or lazy evenings at home, where all you need is a refreshing drink to lighten up your mood.

Schweppes Agrum Blood Orange 1.1L is expertly crafted to take on the taste buds of even the most discerning drinkers. Its unique blend of exotic flavours and citrus notes is sure to leave you feeling invigorated and refreshed with every sip.

The perfect accompaniment to any meal, this drink is ideally served chilled over ice or can be used to create an array of invigorating and refreshing cocktails. Its fruity tang and refreshing taste make it the go-to drink for any occasion.

Its blend of exotic flavours provides the perfect balance of sweetness and tang, while its refreshing and vibrant taste leaves you feeling refreshed and rejuvenated.

When you want to add a touch of sophistication to your next party, choose Schweppes Agrum Blood Orange 1.1L, and impress your guests with its unique blend of natural flavours. Buy yours today and experience the joy of a truly refreshing drink.
Subtle blend of kalamansi lime and blood orange for a fragrant and sweet taste.

Expertly crafted to take on even the most discerning drinkers.

Perfect accompaniment to any meal, served chilled over ice.

A perfect balance of sweetness and tang.

Adds a touch of sophistication to any occasion with natural flavors.",,,"Per 100g/ml
Per Serving
%DI
Energy
189kJ
472kJ
Protein
0g
0g
Total Fat
0g
0g
Saturated Fat
0g
0g
Carbohydrate
10.9g
27.3g
Sugars
10.9g
27.3g
Sodium
7mg
18mg
* Percentage Daily Intakes are based on an average adult diet of 8700 kJ. Your daily intakes may be higher or lower depending on your energy needs.",,https://www.coles.com.au/product/schweppes-agrum-blood-orange-soft-drink-bottle-1.1l-3014850,,,2024-06-16T15:10:42.514073-04:00
Ind56SColes_ADrinks_SASoft drinks_IPepsi Max No Sugar Cola Creaming Soda Soft Drink Bottle | 1.25L,Pepsi Max No Sugar Cola Creaming Soda Soft Drink Bottle | 1.25L,Pepsi,Drinks,Soft drinks,Soft drink bottles,,$2.00,,$3.00,$1.60 per 1L,3530281,"Looking for a refreshing soft drink that offers maximum taste without the sugar? Look no further than Pepsi Max No Sugar Creaming Soda! This deliciously tasty cola fusion combines the bold, irresistible taste of Pepsi Max cola with the light, creamy, sweet taste of classic creaming soda to deliver a delightful taste sensation that will have you wanting more.

With no sugar and a low calorie count, Pepsi Max No Sugar Creaming Soda is the perfect addition to your fridge door for when you're looking for a tasty, invigorating refreshment. Enjoy it chilled for maximum enjoyment and let the refreshing taste of this bold cola fused with the iconic taste of fairy floss delight your senses.

Available in a convenient 1.25L multi-serve bottle, Pepsi Max No Sugar Creaming Soda is perfect for enjoying at home. But if you're out and about, grab a 600mL bottle or a 10 Can pack to share with family or friends on any social occasion when you're looking for a soda treat that offers something a bit different.

So why wait? Try Pepsi Max No Sugar Creaming Soda today and experience the maximum taste of Pepsi Max cola with a hint of creaming soda, fairy floss flavour. Max Taste, No Sugar.
Refreshing soft drink with maximum taste and no sugar.

Bold cola fusion with classic creaming soda taste sensation.

Low calorie count and perfect for chilling in the fridge.

Available in multi-serve bottle, 600mL bottle, and 10 can pack.

Experience the maximum taste of Pepsi Max with fairy floss flavor.",,,"Per 100g/ml
Per Serving
%DI
Energy
3kJ
8kJ
0.10%
Protein
0.1g
0.3g
0.60%
Total Fat
0g
0g
0%
Saturated Fat
0g
0g
0%
Carbohydrate
0.1g
0.3g
0.10%
Sugars
0g
0g
0%
Sodium
10mg
25mg
1%
Dietary Fibre (total)
0g
0g
0%
* Percentage Daily Intakes are based on an average adult diet of 8700 kJ. Your daily intakes may be higher or lower depending on your energy needs.",,https://www.coles.com.au/product/pepsi-max-no-sugar-cola-creaming-soda-soft-drink-bottle-1.25l-3530281,,,2024-06-16T15:10:53.586797-04:00
Ind56SColes_ADrinks_SASoft drinks_IColes Soda Water | 1.25L,Coles Soda Water | 1.25L,Coles,Drinks,Soft drinks,Mixers,,$1.20,,,$0.96 per 1L,5180329,Coles Soda Water 1. 25 Litre a refreshing beverage on its own or great as a mixer,,,"Per 100g/ml
Per Serving
%DI
Energy
0
0
Protein
0
0
Carbohydrate
0
0
Sugars
0
0
Sodium
5
12.5
Saturated
0
0
Energy (Cal)
0
0
Fat
0
0
Dietary Fibre (total)
0
0
* Percentage Daily Intakes are based on an average adult diet of 8700 kJ. Your daily intakes may be higher or lower depending on your energy needs.",,https://www.coles.com.au/product/coles-soda-water-1.25l-5180329,,,2024-06-16T15:11:04.534235-04:00
Ind56SColes_ADrinks_SASoft drinks_ISchweppes Zero Sugar Classic Mixers Dry Ginger Ale Soft Drink Bottle | 1.1L,Schweppes Zero Sugar Classic Mixers Dry Ginger Ale Soft Drink Bottle | 1.1L,Schweppes,Drinks,Soft drinks,Mixers,,$3.00,Pick any 2 for $3,,$2.73 per 1L,3014792,"Looking for a delicious and refreshing mixer that's free from sugar? Look no further than Schweppes Classic Mixers Dry Ginger Ale Zero Sugar. This classic soft drink has been given a modern twist with its zero sugar formula, making it the perfect choice for those looking to enjoy their favourite drinks without the sugar.

With a blend of rich, earthy flavours and subtle spice, Schweppes Classic Mixers Dry Ginger Ale Zero Sugar is the perfect accompaniment to your favourite gin or whiskey. Whether you're sipping it on its own or using it as a mixer, you'll love the delicious taste and refreshing finish of this classic beverage.

Made using a combination of steeped and cold pressed ginger root, citrus oils, and chili, Schweppes Classic Mixers Dry Ginger Ale Zero Sugar is an irresistible blend of flavours that will tantalise your taste buds. So why wait? Grab a bottle today and start enjoying the classic taste of Schweppes Ginger Ale in a new, zero sugar formula.
Delicious and refreshing mixer with zero sugar formula

Perfect accompaniment to favorite gin or whiskey

Blend of rich, earthy flavors and subtle spice

Made with steeped and cold pressed ginger root, citrus oils, and chili

Classic taste of Schweppes Ginger Ale in new formula without sugar",,,"Per 100g/ml
Per Serving
%DI
Energy
6kJ
15kJ
Protein
0g
0g
Total Fat
0g
0g
Saturated Fat
0g
0g
Carbohydrate
0g
0g
Sugars
0g
0g
Sodium
14mg
35mg
Dietary Fibre (total)
0g
0g
* Percentage Daily Intakes are based on an average adult diet of 8700 kJ. Your daily intakes may be higher or lower depending on your energy needs.","Carbonated Water, Natural Flavour (With Ginger Extracts, Citrus Oils, Chilli Extract), Food Acids (330, 331), Colour (150d), Sweeteners (951, 950), Preservative (211). CONTAINS PHENYLALANINE.",https://www.coles.com.au/product/schweppes-zero-sugar-classic-mixers-dry-ginger-ale-soft-drink-bottle-1.1l-3014792,,,2024-06-16T15:11:15.541463-04:00
Ind56SColes_ADrinks_SASoft drinks_IPassiona Passionfruit Soft Drink Cans Multipack 375mL x 10 Pack | 10 pack,Passiona Passionfruit Soft Drink Cans Multipack 375mL x 10 Pack | 10 pack,Passiona,Drinks,Soft drinks,Soft drink cans,,$9.00,,$18.00,$2.40 per 1L,5176365,"Passiona, the original passionfruit flavoured soft drink. Bursting with passionfruit flavour, Passiona is a deliciously fun and refreshing drink perfect for any occasions. Also available in 1.25L
Bursting with passionfruit flavour",,,"Per 100g/ml
Per Serving
%DI
Energy
182kJ
683kJ
8%
Protein
0g
0g
0%
Total Fat
0g
0g
0%
Saturated Fat
0g
0g
0%
Carbohydrate
10.6g
39.8g
13%
Sugars
10.6g
39.8g
44%
Sodium
13mg
49mg
2%
* Percentage Daily Intakes are based on an average adult diet of 8700 kJ. Your daily intakes may be higher or lower depending on your energy needs.",,https://www.coles.com.au/product/passiona-passionfruit-soft-drink-cans-multipack-375ml-x-10-pack-10-pack-5176365,,,2024-06-16T15:11:26.752832-04:00
Ind56SColes_ADrinks_SASoft drinks_IFever-Tree Premium Mixers Mediterranean Tonic Water 4x200mL | 4 pack,Fever-Tree Premium Mixers Mediterranean Tonic Water 4x200mL | 4 pack,Fever-Tree,Drinks,Soft drinks,Mixers,,$9.00,,,$11.25 per 1L,3048794,"Crafted with the addition of rosemary and lemon thyme, produces a much lighter, more fragrant tonic, designed to complement a range of spirits, including premium gins, vodkas and fortified wines.
No. 1 Best Selling & Top Trending Mixer for 10 years running as voted by Drinks International

No artificial colours or flavours.",,,"Per 100g/ml
Per Serving
%DI
Energy
144
288
Protein
0
0
Total Fat
0
0
Saturated Fat
0
0
Carbohydrate
7.9g
15.8g
Sugars
7.9g
15.8g
Sodium
7mg
14mg
Monounsaturated
0
0
Energy (Cal)
34
68
Dietary Fibre (total)
0
0
Polyunsaturated
0
0
Trans
0
0
* Percentage Daily Intakes are based on an average adult diet of 8700 kJ. Your daily intakes may be higher or lower depending on your energy needs.",,https://www.coles.com.au/product/fever-tree-premium-mixers-mediterranean-tonic-water-4x200ml-4-pack-3048794,,,2024-06-16T15:11:37.656810-04:00
Ind56SColes_ADrinks_SASoft drinks_IRemedy Sodaly Passionfruit 250mL | 4 pack,Remedy Sodaly Passionfruit 250mL | 4 pack,Remedy,Drinks,Soft drinks,Kombucha & other drinks,,$6.00,,$8.00,$6.00 per 1L,6210163,"We're pretty passionate about this flavour (see what we did there?). It's the summer lover you've been waiting for that will be with you all year round. It's light, fun and fresh for easy drinking in the sun. They say you can't have it all. They were wrong! Sodaly is a deliciously different, ALL-NATURAL soft drink. It's BIG on FLAVOUR and low on calories. Full of prebiotic goodness and NO SUGAR. Guilt-free just got better for you. Remedy Sodaly are:
Sugar free, for real
All natural
Made with prebiotic ACV
Low on Calories
Vegan
Gluten Free
A-Ok in or out of the fridge",,,"Per 100g/ml
Per Serving
%DI
Energy
13kJ
32kJ
Protein
<1g
<1g
Total Fat
<1g
<1g
Saturated Fat
<1g
<1g
Carbohydrate
<1g
<1g
Sugars
0g
0g
Sodium
<5mg
<5mg
Dietary Fibre (total)
<1g
<1g
* Percentage Daily Intakes are based on an average adult diet of 8700 kJ. Your daily intakes may be higher or lower depending on your energy needs.",,https://www.coles.com.au/product/remedy-sodaly-passionfruit-250ml-4-pack-6210163,,,2024-06-16T15:11:48.762102-04:00
Ind56SColes_ADrinks_SASoft drinks_ISprite Lemonade Flavoured Soft Drink 12x300mL | 12 pack,Sprite Lemonade Flavoured Soft Drink 12x300mL | 12 pack,Sprite,Drinks,Soft drinks,Soft drink bottles,,$11.40,,$19.00,$3.17 per 1L,6670050,"With its clean, crisp, lemon-lime taste, Sprite is a lemonade soft drink with a hit of refreshment. Perfect with meals, as a mixer, on the go or relaxing at home. Sprite soft drink has natural flavours. Sprite is available in cans, mini cans, single serve and sharing size bottles as well as multipacks.
Hit of refreshment

Lemon-lime flavour

Natural flavour

Great with meals

12 x 300ml multipack",,,"Per 100g/ml
Per Serving
%DI
Energy
120
361
0
Protein
0.01
0.02
0
Total Fat
0
0
Saturated Fat
0
0
0
Carbohydrate
6.9
21
0
Sugars
6.9
21
0
Sodium
6.8
20
0
Energy (Cal)
29
86
0
Dietary Fibre (total)
0
0
0
* Percentage Daily Intakes are based on an average adult diet of 8700 kJ. Your daily intakes may be higher or lower depending on your energy needs.",,https://www.coles.com.au/product/sprite-lemonade-flavoured-soft-drink-12x300ml-12-pack-6670050,,,2024-06-16T15:12:00.275731-04:00
Ind56SColes_ADrinks_SASoft drinks_ISchweppes Zero Sugar Agrum Citrus Blend Soft Drink Bottle | 1.1L,Schweppes Zero Sugar Agrum Citrus Blend Soft Drink Bottle | 1.1L,Schweppes,Drinks,Soft drinks,Mixers,,$3.00,Pick any 2 for $3,,$2.73 per 1L,3014781,"You'll love the exotic blend of fruit flavours in Schweppes Agrum Citrus Blend Zero Sugar 1.1L. Citrusy with flavours or grapefruit and mandarin blended with orange and kalamansi lime, this is one refreshing drink to enjoy on a hot day. Enjoy chilled or combine with botanical gin, lime and fruit juice for a sweet cocktail hit.
A blend of exotic flavours

Natural oils from citrus peels such as grapefruit, mandarin

Notes of bitter oranges and kalamansi lime

Contains zero sugar

Fresh and fruity with a zesty finish",,,"Per 100g/ml
Per Serving
%DI
Energy
5kJ
13kJ
Protein
0g
0g
Total Fat
0g
0g
Saturated Fat
0g
0g
Carbohydrate
0g
0g
Sugars
0g
0g
Sodium
17mg
43mg
Dietary Fibre (total)
0g
0g
* Percentage Daily Intakes are based on an average adult diet of 8700 kJ. Your daily intakes may be higher or lower depending on your energy needs.",,https://www.coles.com.au/product/schweppes-zero-sugar-agrum-citrus-blend-soft-drink-bottle-1.1l-3014781,,,2024-06-16T15:12:11.419843-04:00
Ind56SColes_ADrinks_SASoft drinks_ICoca-Cola Diet Soft Drink 6x250mL | 6 pack,Coca-Cola Diet Soft Drink 6x250mL | 6 pack,Coca-Cola,Drinks,Soft drinks,Soft drink cans,,$6.75,,$9.20,$4.50 per 1L,4398703,"Diet Coke is a deliciously light, sugar free and no kilojoule soft drink. It delivers a distinct, unique and light taste. With its bubbly sparkle, 'Diet Coke' has been refreshing and delighting drinkers for decades. The perfect sparkling soft drink for enjoying on the go, having with a meal or relaxing with at home. Coca-Cola Diet soft drink is available in cans, mini cans, single serve and sharing size bottles as well as multipacks.
Diet Coke Taste

6 x 250mL Mini Cans Soft Drink

Perfect for drinking on the go, having with a meal or relaxing with at home.

Serve Drink Cold for Maximum Refreshment

A Quality Product of The Coca-Cola Company",,,"Per 100g/ml
Per Serving
%DI
Energy
1.9
4.8
0.1
Protein
0.05
0.1
0.3
Total Fat
0
0
0
Saturated Fat
0
0
0
Carbohydrate
0.1
0.3
0.1
Sugars
0
0
0
Sodium
1
2.5
0.1
Energy (Cal)
0.5
1.1
0.1
Dietary Fibre (total)
0
0
0
* Percentage Daily Intakes are based on an average adult diet of 8700 kJ. Your daily intakes may be higher or lower depending on your energy needs.","Carbonated Water, Colour (150d), Food Acids (338,330), Sweeteners (951,950). Flavour, Caffeine.",https://www.coles.com.au/product/coca-cola-diet-soft-drink-6x250ml-6-pack-4398703,,,2024-06-16T15:12:24.989040-04:00
Ind56SColes_ADrinks_SASoft drinks_INexba Mango Kombucha 4X330mL | 4 pack,Nexba Mango Kombucha 4X330mL | 4 pack,Nexba,Drinks,Soft drinks,Kombucha & other drinks,,$6.95,,$8.95,$5.27 per 1L,3803792,"Good gut feels
We've spent years innovating to formulate a unique strain of smart & robust probiotic that survives the journey to your gut! These little beauties work hard to promote good gut health.
Our delicious and 100% natural kombucha is brewed over 40 days with real... Oolong tea leaves & living scoby",,,"Per 100g/ml
Per Serving
%DI
Energy
11kJ
37kJ
Protein
0g
0g
Total Fat
0g
0g
Saturated Fat
0g
0g
Carbohydrate
0.2g
0.5g
Sugars
0g
0g
Sodium
<1mg
<1mg
Dietary Fibre (total)
0g
0g
* Percentage Daily Intakes are based on an average adult diet of 8700 kJ. Your daily intakes may be higher or lower depending on your energy needs.",,https://www.coles.com.au/product/nexba-mango-kombucha-4x330ml-4-pack-3803792,,,2024-06-16T15:12:36.341560-04:00
Ind56SColes_ADrinks_SASoft drinks_ICapi Dry Tonic Water | 4 pack,Capi Dry Tonic Water | 4 pack,Capi,Drinks,Soft drinks,Mixers,,$8.00,,,$8.00 per 1L,3834355,"Meet CAPI - premium, all-natural drinks that are bottled at the source and Clearly Australian.
Known as 'the bartender's choice', CAPI Dry Tonic has a unique dry finish and less than 7gm of sugar per serve. It packs all the bite of the best quality, natural quinine and is understated enough to let your gin be the hero.
- All natural & no preservatives
- Made using real quinine
- Glass bottled
- Australian-made
Enjoy it over ice, paired with craft or contemporary gins, tequila, rum and citrus non-alcoholic spirits. Garnish with fresh, seasonal herbs or citrus.",,,"Per 100g/ml
Per Serving
%DI
Energy
112kJ
280kJ
Protein
<0.1g
<0.1g
Total Fat
<0.1g
<0.1g
Saturated Fat
<0.1g
<0.1g
Carbohydrate
6.6g
16.5g
Sugars
6.2g
15.5g
Sodium
1.4mg
3.5mg
* Percentage Daily Intakes are based on an average adult diet of 8700 kJ. Your daily intakes may be higher or lower depending on your energy needs.",,https://www.coles.com.au/product/capi-dry-tonic-water-4-pack-3834355,,,2024-06-16T15:12:47.321719-04:00
Ind56SColes_ADrinks_SASoft drinks_ICoca-Cola Zero Sugar Vanilla Soft Drink Multipack Mini Cans 6x250mL | 6 pack,Coca-Cola Zero Sugar Vanilla Soft Drink Multipack Mini Cans 6x250mL | 6 pack,Coca-Cola,Drinks,Soft drinks,Soft drink cans,,$6.75,,$9.20,$4.50 per 1L,5484593,"Coca-Cola Vanilla Zero Sugar has the refreshing Coca-Cola taste with the sweet aroma of vanilla and no sugar, making it a delicious twist on an old favourite. Coca-Cola Vanilla Zero Sugar soft drink is available in multipack cans, single serve bottles and sharing size bottles. There's a pack for almost any occasion.
Classic Coke Taste with a Twist

Hint of Vanilla

No Sugar

250mL can

Serve Drink Cold for Maximum Refreshment",,,"Per 100g/ml
Per Serving
%DI
Energy
1
2.5
0.1
Protein
0.05
0.1
0.2
Total Fat
0
0
0
Saturated Fat
0
0
0
Carbohydrate
0.1
0.3
0.1
Sugars
0
0
0
Sodium
1
2.5
0.1
Energy (Cal)
0.2
0.6
0.1
Dietary Fibre (total)
0
0
0
* Percentage Daily Intakes are based on an average adult diet of 8700 kJ. Your daily intakes may be higher or lower depending on your energy needs.",,https://www.coles.com.au/product/coca-cola-zero-sugar-vanilla-soft-drink-multipack-mini-cans-6x250ml-6-pack-5484593,,,2024-06-16T15:12:58.462033-04:00
Ind56SColes_ADrinks_SASoft drinks_ICoca-Cola Zero Sugar Raspberry Flavoured Soft Drink 12X300mL | 12 pack,Coca-Cola Zero Sugar Raspberry Flavoured Soft Drink 12X300mL | 12 pack,Coca-Cola,Drinks,Soft drinks,Soft drink bottles,,$11.40,,$19.00,$3.17 per 1L,6670072,"Try NEW Coca-Cola Zero Sugar Raspberry. Coca-Cola Zero Sugar Raspberry mixes refreshing Coca-Cola taste with the sensational taste of raspberry. The zero sugar drink is a delicious twist.
Classic Coke Taste with a Twist

Sweet Hint of Raspberry

Made in Australia

A Quality Product of The Coca-Cola Company

12x300mL Bottles",,,"Per 100g/ml
Per Serving
%DI
Energy
1.7
5.1
0
Total Fat
0
0
0
Saturated Fat
0
0
0
Carbohydrate
0.03
0.1
0
Sugars
0
0
0
Sodium
4.1
12.3
0
Energy (Cal)
0.4
1.2
0
Dietary Fibre (total)
0
0
0
* Percentage Daily Intakes are based on an average adult diet of 8700 kJ. Your daily intakes may be higher or lower depending on your energy needs.",,https://www.coles.com.au/product/coca-cola-zero-sugar-raspberry-flavoured-soft-drink-12x300ml-12-pack-6670072,,,2024-06-16T15:13:09.361462-04:00
Ind56SColes_ADrinks_SASoft drinks_ICoca-Cola Zero Sugar Vanilla Soft Drink Multipack Bottles 12x300mL | 12 pack,Coca-Cola Zero Sugar Vanilla Soft Drink Multipack Bottles 12x300mL | 12 pack,Coca-Cola,Drinks,Soft drinks,Soft drink bottles,,$11.40,,$19.00,$3.17 per 1L,5192816,"Coca-Cola Vanilla Zero Sugar has the refreshing Coca-Cola taste with the sweet aroma of vanilla and Zero sugar, making it a delicious twist on an old favourite. Coca-Cola Vanilla soft drink is available in multipack cans, single serve bottles and sharing size bottles. There's a pack for almost any occasion.
Classic Coke Taste with a Twist

Hint of Vanilla

No Sugar

300mL Bottle

Serve Drink Cold for Maximum Refreshment",,,"Per 100g/ml
Per Serving
%DI
Energy
1
3
0.1
Protein
0.05
0.2
0.4
Total Fat
0
0
0
Saturated Fat
0
0
0
Carbohydrate
0.1
0.3
0.1
Sugars
0
0
0
Sodium
1
3
0.1
Energy (Cal)
0.2
0.7
0.1
Dietary Fibre (total)
0
0
0
* Percentage Daily Intakes are based on an average adult diet of 8700 kJ. Your daily intakes may be higher or lower depending on your energy needs.","Carbonated Water, Colour (150d), Food Acids (338, 332), Sweeteners (951, 950), Flavour, caffeine.",https://www.coles.com.au/product/coca-cola-zero-sugar-vanilla-soft-drink-multipack-bottles-12x300ml-12-pack-5192816,,,2024-06-16T15:13:20.722977-04:00
Ind56SColes_ADrinks_SA_ISodasmith Lemon Myrtle Tonic Can 4x200mL | 4 pack,Sodasmith Lemon Myrtle Tonic Can 4x200mL | 4 pack,Sodasmith,Drinks,,,,$7.50,,,$9.38 per 1L,5563656,"Sodasmith Lemon Myrtle Tonic Water is vibrant, citrusy and downright moreish; great with spirits or entirely delicious on its own as a non-alc option. Like all of the Sodasmith products, this tonic is made with 100% Tasmanian spring water and all-natural plant-based ingredients, plus native Australian Lemon Myrtle. Crafted by the Elements.",,,"Per 100g/ml
Per Serving
%DI
Energy
101kJ
202kJ
Protein
0g
0g
Total Fat
0g
0g
Saturated Fat
0g
0g
Carbohydrate
6g
12g
Sugars
4.7g
9.4g
Sodium
2.7mg
5.4mg
Dietary Fibre (total)
0g
0g
* Percentage Daily Intakes are based on an average adult diet of 8700 kJ. Your daily intakes may be higher or lower depending on your energy needs.",,https://www.coles.com.au/product/sodasmith-lemon-myrtle-tonic-can-4x200ml-4-pack-5563656,,,2024-06-16T15:13:31.645337-04:00
Ind56SColes_ADrinks_SASoft drinks_IPepsi Max No Sugar Cola Soft Drink Bottle | 1.25L,Pepsi Max No Sugar Cola Soft Drink Bottle | 1.25L,Pepsi,Drinks,Soft drinks,Soft drink bottles,,$2.00,,$3.00,$1.60 per 1L,5441863,"Looking for a refreshing and thirst-quenching cola that is also sugar free? Look no further than Pepsi Max No Sugar Soda 1.25L Bottle! With its bold cola taste and zero sugar content, this low-calorie soft drink is the perfect choice for anyone looking to enjoy a deliciously refreshing beverage without the sugar.

Pepsi Max No Sugar offers the same great taste as our classic Pepsi cola, but without any of the added sugar. This smooth and refreshing soft drink is perfect for any occasion, whether you're relaxing at home or entertaining friends and family.

With its low calorie count, Pepsi Max No Sugar is a great alternative to full sugar colas. Pepsi Max No Sugar offers a bold cola taste that's comparable to full sugar cola products.

The 1.25L multi-serve bottle is perfect for keeping in your fridge at home, or for sharing with friends and family at any social gathering. And if you're looking for even more value, be sure to check out our 12 bottle pack option.

Pepsi Max No Sugar is also available in a range of take-home pack sizes, including mini cans for portion control, larger multi-can packs for entertaining, and single-serve packs for when you're on the go.

For maximum enjoyment, be sure to drink Pepsi Max No Sugar chilled. So why wait? Treat yourself to the bold and refreshing taste of Pepsi Max No Sugar today!
Enjoy the same bold cola taste without any added sugar.

Low calorie count makes it a sugar-free choice.

The 1.25L bottle is perfect for sharing at social gatherings.

Available in various pack sizes for any occasion.

Best served chilled for maximum enjoyment.",,,"Per 100g/ml
Per Serving
%DI
Energy
1.6kJ
4kJ
0.10%
Protein
0.06g
0.2g
0.30%
Total Fat
0g
0g
0%
Saturated Fat
0g
0g
0%
Carbohydrate
0.06g
0.2g
0.10%
Sugars
0g
0g
0%
Sodium
13mg
33mg
1%
Dietary Fibre (total)
0g
0g
0%
* Percentage Daily Intakes are based on an average adult diet of 8700 kJ. Your daily intakes may be higher or lower depending on your energy needs.",,https://www.coles.com.au/product/pepsi-max-no-sugar-cola-soft-drink-bottle-1.25l-5441863,,,2024-06-16T15:13:43.106098-04:00
Ind56SColes_ADrinks_SASoft drinks_IFever-Tree Premium Mixer Indian Tonic Water | 500mL,Fever-Tree Premium Mixer Indian Tonic Water | 500mL,Fever-Tree,Drinks,Soft drinks,Mixers,,$5.00,,,$10.00 per 1L,3536801,"Made from only the best naturally sourced ingredients, and no artificial sweeteners, crafted to enhance the very best gins, vodkas and fortified wines, like vermouth, fino sherry and white port.
No. 1 Best Selling & Top Trending Mixer for 10 years running as voted by Drinks International

No artificial colours or flavours.",,,"Per 100g/ml
Per Serving
%DI
Energy
126
252
Protein
0
0
Total Fat
0
0
Saturated Fat
0
0
Carbohydrate
7.4g
14.8g
Sugars
7.4g
14.8g
Sodium
7mg
14mg
Monounsaturated
0
0
Energy (Cal)
30
60
Polyunsaturated
0
0
Trans
0
0
* Percentage Daily Intakes are based on an average adult diet of 8700 kJ. Your daily intakes may be higher or lower depending on your energy needs.",,https://www.coles.com.au/product/fever-tree-premium-mixer-indian-tonic-water-500ml-3536801,,,2024-06-16T15:13:53.961812-04:00
Ind56SColes_ADrinks_SASoft drinks_IColes No Sugar Soft Drink Pineapple | 1.25L,Coles No Sugar Soft Drink Pineapple | 1.25L,Coles,Drinks,Soft drinks,Soft drink bottles,,$1.20,,,$0.96 per 1L,5235238,No Sugar Pineapple Soft Drink,,,"Per 100g/ml
Per Serving
%DI
Energy
0
0
Protein
0
0
Carbohydrate
0
0
Sugars
0
0
Sodium
12.9
32.25
Saturated
0
0
Energy (Cal)
0
0
Fat
0
0
Dietary Fibre (total)
0
0
* Percentage Daily Intakes are based on an average adult diet of 8700 kJ. Your daily intakes may be higher or lower depending on your energy needs.","INGREDIENTS: Carbonated Water, Food Acid (330), Natural Flavouring, Natural Colour (Lutein), Sweeteners (951, 950), Preservative (211).",https://www.coles.com.au/product/coles-no-sugar-soft-drink-pineapple-1.25l-5235238,,,2024-06-16T15:14:05.244630-04:00
Ind56SColes_ADrinks_SASoft drinks_IFanta Orange Zero Sugar Cans 10x375mL | 10 Pack,Fanta Orange Zero Sugar Cans 10x375mL | 10 Pack,Fanta,Drinks,Soft drinks,Soft drink cans,,$19.00,Pick any 2 for $25,,$5.07 per 1L,4398420,"Bright, bubbly and popular. Fanta Orange Zero Sugar is a soft drink with a tingly, fruity, bold taste with no sugar. Fanta Orange Zero Sugar is perfect for relaxing at home, on the go or having with meals. Fanta Orange Zero Sugar is available in cans, mini cans and multi-serve bottles.
Bold fruity taste

Orange flavour

Zero Sugar

2x10 375mL Can Soft Drink

Bring home flavour",,,"Per 100g/ml
Per Serving
%DI
Energy
3.9
14.5
0.2
Protein
0.05
0.2
0.4
Total Fat
0
0
0
Saturated Fat
0
0
0
Carbohydrate
0.05
0.2
0.1
Sugars
0
0
0
Sodium
1.2
4.5
0.2
Energy (Cal)
3.5
0.2
0.2
Dietary Fibre (total)
0
0
0
* Percentage Daily Intakes are based on an average adult diet of 8700 kJ. Your daily intakes may be higher or lower depending on your energy needs.",,https://www.coles.com.au/product/fanta-orange-zero-sugar-cans-10x375ml-10-pack-4398420,,,2024-06-16T15:14:16.168550-04:00
Ind56SColes_ADrinks_SASoft drinks_IWimmers Lime Cooler | 1.25L,Wimmers Lime Cooler | 1.25L,Wimmers,Drinks,Soft drinks,Soft drink bottles,,$2.20,,,$1.76 per 1L,1090734,"Wet your whistle with Wimmers. Wimmers is known for its wide range of refreshing flavours. Our soft drinks have been in Australias fridges since 1910, making us one of the nations oldest manufacturers.",,,,,https://www.coles.com.au/product/wimmers-lime-cooler-1.25l-1090734,,,2024-06-16T15:14:25.243115-04:00
Ind56SColes_ADrinks_SAContinental_IContinental Snack Pots Cheesy Tomato Pasta | 70g,Continental Snack Pots Cheesy Tomato Pasta | 70g,Continental,Drinks,Continental,"Soup, Rice & Pasta",,$3.00,Pick any 2 for $4.50,,$4.29 per 100g,3831266,"Continental Snack Pot Cheesy Tomato Pasta is delicious rice made with ingredients of natural origin. Just add boiling water, stir well, wait 6 minutes and it is ready!

Free from artificial colour, artificial flavours, preservatives and no added MSG. Continental Snack Pot Cheesy Tomato Pasta are an easy and delicious way for you to enjoy your favourite cheesy tomato pasta. The perfect light snack or a mini meal.

Continental Snack Pots have four variants in the range: Curry Rice, Cheesy Rice, Cheese & Bacon Pasta and Cheesy Tomato Pasta.

For more information and to learn more about all Continental products visit continental.com.au.

How to Prepare: Peel open the lid halfway, then carefully pour boiling water to the fill line. Stir well then close lid over pot. Leave to stand for 6 minutes. Stir again, then enjoy! CAUTION: CUP AND CONTENTS WILL BE HOT.

Ingredients: Rice (79%), cheese powder (6%), starch (potato, corn), skim milk powder, yeast extract, salt, natural cheese flavours (contain milk), onion powder, mineral salt (potassium chloride), chives (0.3%), vegetable oil, natural colours (carotene, carmine), pepper extract.
Continental Snack Pots are a source of protein

Continental Snack Pots are a great mini meal

Continental Snack Pots are free from artificial colour

Continental Snack Pots are free from artificial flavours

Continental Snack Pots are free from preservatives

Continental Snack Pots are made with ingredients of natural origin.",,,,,https://www.coles.com.au/product/continental-snack-pots-cheesy-tomato-pasta-70g-3831266,,,2024-06-16T15:14:35.056967-04:00
Ind56SColes_ADrinks_SASoft drinks_ICoca-Cola Diet Coke Soft Drink Bottle | 1.25L,Coca-Cola Diet Coke Soft Drink Bottle | 1.25L,Coca-Cola,Drinks,Soft drinks,Soft drink bottles,,$3.85,Pick any 2 for $5.60,,$3.08 per 1L,419211,"Diet Coke is a deliciously light, sugar free and no kilojoule soft drink. It delivers a distinct, unique and light taste. With its bubbly sparkle, 'Diet Coke' has been refreshing and delighting drinkers for decades. The perfect sparkling soft drink for enjoying on the go, having with a meal or relaxing with at home. Coca-Cola Diet soft drink is available in cans, mini cans, single serve and sharing size bottles as well as multipacks.
Distinct Diet Coke Taste

No Sugar and Low Kilojoule

A Quality Product of The Coca-Cola Company

1.25L Soft Drink

Perfect for drinking on the go, having with a meal or relaxing with at home.",,,"Per 100g/ml
Per Serving
%DI
Energy
1.9
4.8
0.1
Protein
0.05
0.1
0.3
Total Fat
0
0
0
Saturated Fat
0
0
0
Carbohydrate
0.1
0.3
0.1
Sugars
0
0
0
Sodium
1
2.5
0.1
Energy (Cal)
0.5
1.1
0.1
Dietary Fibre (total)
0
0
0
* Percentage Daily Intakes are based on an average adult diet of 8700 kJ. Your daily intakes may be higher or lower depending on your energy needs.",,https://www.coles.com.au/product/coca-cola-diet-coke-soft-drink-bottle-1.25l-419211,,,2024-06-16T15:14:46.143528-04:00
Ind56SColes_ADrinks_SASoft drinks_IColes Pineapple Drink | 1.25L,Coles Pineapple Drink | 1.25L,Coles,Drinks,Soft drinks,Soft drink bottles,,$1.20,,,$0.96 per 1L,5179181,Coles Pineapple Flavoured drink 1. 25 Litre. No Artificial Colours & Flavours use as a mixer or refreshing beverage,,,"Per 100g/ml
Per Serving
%DI
Energy
187kJ
468kJ
5%
Protein
0g
0g
Total Fat
0g
0g
Saturated Fat
0g
0g
Carbohydrate
11g
27.5g
9%
Sugars
10.8g
27g
30%
Sodium
10mg
25mg
1%
Dietary Fibre (total)
0g
0g
* Percentage Daily Intakes are based on an average adult diet of 8700 kJ. Your daily intakes may be higher or lower depending on your energy needs.",,https://www.coles.com.au/product/coles-pineapple-drink-1.25l-5179181,,,2024-06-16T15:14:57.238378-04:00
Ind56SColes_ADrinks_SASoft drinks_ISprite Lemonade Soft Drink Bottle | 1.25L,Sprite Lemonade Soft Drink Bottle | 1.25L,Sprite,Drinks,Soft drinks,Soft drink bottles,,$3.85,Pick any 2 for $5.60,,$3.08 per 1L,401657,"With its clean, crisp, lemon-lime taste, Sprite is a lemonade soft drink with a hit of refreshment. Perfect with meals, as a mixer, on the go or relaxing at home. Sprite soft drink has natural flavours. Sprite is available in cans, mini cans, single serve and sharing size bottles as well as multipacks.
1.5 Health Star Rating

1.25L Bottle

Contains Phenylalanine

Hit of refreshment

Lemon-lime flavour

Natural flavour.",,,"Per 100g/ml
Per Serving
%DI
Energy
120
301
3
Protein
0.01
0.01
0.1
Total Fat
0
0
0
Saturated Fat
0
0
0
Carbohydrate
6.9
17
5
Sugars
6.9
17
19
Sodium
6.8
17
0.7
Energy (Cal)
29
72
3
Dietary Fibre (total)
0
0
0
* Percentage Daily Intakes are based on an average adult diet of 8700 kJ. Your daily intakes may be higher or lower depending on your energy needs.","Carbonated water, sugar, food acids (330, 334, 331), flavour, preservative (202), sweeteners (951, 950).",https://www.coles.com.au/product/sprite-lemonade-soft-drink-bottle-1.25l-401657,,,2024-06-16T15:15:09.001233-04:00
Ind56SColes_ADrinks_SASoft drinks_IPepsi Cola Soft Drink Bottle | 2L,Pepsi Cola Soft Drink Bottle | 2L,Pepsi,Drinks,Soft drinks,Soft drink bottles,,$3.60,,,$1.80 per 1L,337310,"The smooth taste of Pepsi cola offers a deliciously refreshing and thirst-quenching soft drink that can be enjoyed anytime. Our classic and bold cola soft drink is best enjoyed chilled or poured over ice.


Pepsi Max, a bold cola taste with no sugar and no taste compromise that offers mouth-watering refreshment.


Equally if you are looking for something a bit different then try one of our deliciously refreshing Pepsi Max No Sugar Flavours; Vanilla, Mango or Creaming Soda.



Pepsi cola is available in a range of other take-home pack sizes such as; mini cans for portion control and multi-serve packs to suit all your cola drinking occasions.



The 2L multi-serve Pepsi bottle is ideal for the fridge at home or for enjoying with family and friends at any social, entertaining occasion.
Signature Pepsi cola taste

Bold & refreshing

Ideal for Sharing",,,"Per 100g/ml
Per Serving
%DI
Energy
185kJ
463kJ
5%
Protein
0g
0g
0%
Total Fat
0g
0g
0%
Saturated Fat
0g
0g
0%
Carbohydrate
10.9g
27.3g
9%
Sugars
10.9g
27.3g
30%
Sodium
12mg
30mg
1%
* Percentage Daily Intakes are based on an average adult diet of 8700 kJ. Your daily intakes may be higher or lower depending on your energy needs.",,https://www.coles.com.au/product/pepsi-cola-soft-drink-bottle-2l-337310,,,2024-06-16T15:15:21.307098-04:00
Ind56SColes_ADrinks_SASoft drinks_IBundaberg Brewed Drink Passionfruit 4x375mL | 4 pack,Bundaberg Brewed Drink Passionfruit 4x375mL | 4 pack,Bundaberg,Drinks,Soft drinks,Mixers,,$7.45,,,$4.97 per 1L,2481282,"Bundaberg Passionfruit is brewed over 2 days using real Passionfruit. True to the fruit, this brew tastes like drinking a Passionfruit without the pips! Enjoyed for its enticing smell as much as its taste, we bet you could taste test this flavour blindfolded and know exactly what the brew is.
Real Passionfruit
Brewed over 2 days
Australian Family Owned
Best enjoyed cold",,,"Per 100g/ml
Per Serving
%DI
Energy
196kJ
735kJ
8%
Protein
<1g
<1g
0%
Total Fat
<1g
<1g
0%
Saturated Fat
<1g
<1g
0%
Carbohydrate
11.5g
43.2g
14%
Sugars
11.5g
43.2g
48%
Sodium
7mg
27mg
1%
* Percentage Daily Intakes are based on an average adult diet of 8700 kJ. Your daily intakes may be higher or lower depending on your energy needs.",,https://www.coles.com.au/product/bundaberg-brewed-drink-passionfruit-4x375ml-4-pack-2481282,,,2024-06-16T15:15:32.377800-04:00
Ind56SColes_ADrinks_SASoft drinks_ICoca-Cola Zero Sugar Soft Drink Multipack Cans 10x375mL | 10 pack,Coca-Cola Zero Sugar Soft Drink Multipack Cans 10x375mL | 10 pack,Coca-Cola,Drinks,Soft drinks,Soft drink cans,,$19.00,Pick any 2 for $25,,$5.07 per 1L,2993739,"Coca-Cola Zero Sugar is a deliciously light choice for those who want the classic taste of Coke with no sugar. Whether sharing with family and friends or accompanying a meal, Coca-Cola Zero Sugar has a pack for almost any occasion. Coca-Cola Zero Sugar soft drink is available in cans, mini cans, single serve and sharing size bottles as well as multipacks.
The Coke Taste You Love with No Sugar and Low Calories

Serve Drink Cold for Maximum Refreshment

A Quality Product of The Coca-Cola Company

Perfect for drinking on the go, having with a meal or relaxing with at home.

Serve Drink Cold for Maximum Refreshment",,,"Per 100g/ml
Per Serving
%DI
Energy
1.2
4.5
0.1
Protein
0.02
0.09
0.2
Total Fat
0
0
0
Saturated Fat
0
0
0
Carbohydrate
0.03
0.1
0.1
Sugars
0
0
0
Sodium
4.1
15
0.7
Energy (Cal)
0.3
1.1
0.1
Dietary Fibre (total)
0
0
0
* Percentage Daily Intakes are based on an average adult diet of 8700 kJ. Your daily intakes may be higher or lower depending on your energy needs.",,https://www.coles.com.au/product/coca-cola-zero-sugar-soft-drink-multipack-cans-10x375ml-10-pack-2993739,,,2024-06-16T15:15:43.338290-04:00
Ind56SColes_ADrinks_SASoft drinks_IRemedy Sodaly Blood Orange 4x250mL | 4 pack,Remedy Sodaly Blood Orange 4x250mL | 4 pack,Remedy,Drinks,Soft drinks,Kombucha & other drinks,,$6.00,,$8.00,$6.00 per 1L,7035874,,,,,,https://www.coles.com.au/product/remedy-sodaly-blood-orange-4x250ml-4-pack-7035874,,,2024-06-16T15:15:52.139486-04:00
Ind56SColes_ADrinks_SASoft drinks_IFanta Orange Soft Drink Cans 24x375mL | 24 Pack,Fanta Orange Soft Drink Cans 24x375mL | 24 Pack,Fanta,Drinks,Soft drinks,Soft drink cans,,$23.10,,$38.50,$2.57 per 1L,5325873,"Bright, bubbly and popular, Fanta is the orange soft drink with a tingly, fruity and bold taste. With no artificial colours, Fanta softd rink is perfect for enjoying with friends, on the go or having with meals. Fanta Orange is available in cans, mini cans, single serve and sharing size bottles as well as multipacks.
Bold fruity taste

No artificial colours

Orange Flavour

24 x 375mL Multipack Soft Drink

Bring home flavour",,,"Per 100g/ml
Per Serving
%DI
Energy
79
298
3
Protein
0
0
0
Total Fat
0
0
0
Saturated Fat
0
0
0
Carbohydrate
4.6
17
5
Sugars
4.5
17
19
Sodium
6.8
26
1
Energy (Cal)
19
71
3
Dietary Fibre (total)
0
0
0
* Percentage Daily Intakes are based on an average adult diet of 8700 kJ. Your daily intakes may be higher or lower depending on your energy needs.",,https://www.coles.com.au/product/fanta-orange-soft-drink-cans-24x375ml-24-pack-5325873,,,2024-06-16T15:16:03.267852-04:00
Ind56SColes_ADrinks_SA_ISunkist Zero Sugar Orange Soft Drink Cans Multipack 375mL x 10 Pack | 10 pack,Sunkist Zero Sugar Orange Soft Drink Cans Multipack 375mL x 10 Pack | 10 pack,Sunkist,Drinks,,,,$9.00,,$18.00,$2.40 per 1L,3531150,"Are you a fan of classic orange soft drink, but prefer to avoid the sugar? Look no further than Sunkist Zero Sugar! But don't let the zero sugar fool you - Sunkist Zero Sugar is packed with flavour! The bold, citrusy taste of Sunkist oranges shines through in every sip, making it the perfect choice for those who want a refreshing beverage that won't disappoint.

This 10 pack of 375mL cans offers all the refreshing taste of traditional Sunkist without the sugar.
Whether enjoyed on-the-go, at home, or at a summer BBQ, Sunkist Zero Sugar is sure to become your new favourite. Order your pack of Sunkist Zero Sugar today, and discover the flavourful taste of a classic Sunkist.
Sunkist Zero Sugar has a bold, citrusy taste that won't disappoint.

Zero Sugar and made with natural flavours

Its convenient 375ml 10 pack with handle makes it perfect to take with you to share.

Order now and enjoy the refreshing taste of Sunkist without compromise.

Crisp, and clean taste that won't disapoint.",,,"Per 100g/ml
Per Serving
%DI
Energy
2kJ
8kJ
0.10%
Protein
0g
0g
0%
Total Fat
0g
0g
0%
Saturated Fat
0g
0g
0%
Carbohydrate
0g
0g
0%
Sugars
0g
0g
0%
Sodium
16mg
60mg
3%
Dietary Fibre (total)
0g
0g
0%
* Percentage Daily Intakes are based on an average adult diet of 8700 kJ. Your daily intakes may be higher or lower depending on your energy needs.",,https://www.coles.com.au/product/sunkist-zero-sugar-orange-soft-drink-cans-multipack-375ml-x-10-pack-10-pack-3531150,,,2024-06-16T15:16:14.904357-04:00
Ind56SColes_ADrinks_SASoft drinks_ICoca-Cola Classic Soft Drink Multipack Cans 30x375mL | 30 Pack,Coca-Cola Classic Soft Drink Multipack Cans 30x375mL | 30 Pack,Coca-Cola,Drinks,Soft drinks,Soft drink cans,,$47.20,,,$4.20 per 1L,8464796,"Nothing beats the taste of Coca-Cola Classic. It's the perfect companion whether you're on the go, relaxing at home, enjoying with friends or as a drink with your meal. Refresh yourself with the authentic Coke taste. Designed to go with everything, the taste of Classic Coca-Cola has remained unchanged for more than 130 years. Coca-Cola soft drink is available in cans, mini cans, single serve and sharing size bottles as well as multipacks.
Classic Coke Taste

Serve Drink Cold for Maximum Refreshment

A Quality Product of The Coca-Cola Company

Multipack soft drink, 30 x 375ml Cans

Perfect for drinking on the go, having with a meal or relaxing with at home.",,,"Per 100g/ml
Per Serving
%DI
Energy
180
675
8
Protein
0
0
0
Total Fat
0
0
0
Saturated Fat
0
0
0
Carbohydrate
10.6
40
13
Sugars
10.6
40
44
Sodium
10
38
2
Energy (Cal)
43
161
8
* Percentage Daily Intakes are based on an average adult diet of 8700 kJ. Your daily intakes may be higher or lower depending on your energy needs.",,https://www.coles.com.au/product/coca-cola-classic-soft-drink-multipack-cans-30x375ml-30-pack-8464796,,,2024-06-16T15:16:27.024411-04:00
Ind56SColes_ADrinks_SASoft drinks_ISolo Zero Sugar Original Lemon Soft Drink | 1.25L,Solo Zero Sugar Original Lemon Soft Drink | 1.25L,Solo,Drinks,Soft drinks,Soft drink bottles,,$2.00,,$3.00,$1.60 per 1L,1167362,"Introducing Solo Thirst Crusher Original Lemon, the perfect thirst-quenching drink that is sure to satisfy your taste buds. Made with 5% crushed lemons to ensure that every sip is packed with a deliciously tangy lemon flavour that is simply irresistible.

Ideal for those hot, summer days when you need to cool down, Solo Thirst Crusher Original Lemon is available in a convenient 24 x 375mL pack, making it perfect for sharing with family and friends. Whether you are enjoying a picnic in the park, heading to the beach, or simply relaxing at home, Solo Thirst Crusher Original Lemon is the perfect drink to keep you hydrated and refreshed.

And, if you're looking for a drink that is both delicious and refreshing, Solo Thirst Crusher Original Lemon is the way to go.

So why wait? Order your pack of Solo Thirst Crusher Original Lemon today and experience the deliciously refreshing taste of natural lemons in every sip. With its fantastic taste, Solo Thirst Crusher Original Lemon is the perfect drink for anyone who wants to stay fresh and hydrated throughout the day.
Sugar-free lemon soft drink

Delicious zesty lemon flavor for invigorating thirst relief

Delicious drink that is both refreshing and convenient",,,"Per 100g/ml
Per Serving
%DI
Energy
7kJ
18kJ
0.20%
Protein
0g
0g
0%
Total Fat
0g
0g
0%
Saturated Fat
0g
0g
0%
Carbohydrate
0g
0g
0%
Sugars
0g
0g
0%
Sodium
17mg
43mg
2%
Dietary Fibre (total)
0g
0g
0%
* Percentage Daily Intakes are based on an average adult diet of 8700 kJ. Your daily intakes may be higher or lower depending on your energy needs.",,https://www.coles.com.au/product/solo-zero-sugar-original-lemon-soft-drink-1.25l-1167362,,,2024-06-16T15:16:38.346133-04:00
Ind56SColes_ADrinks_SASoft drinks_ISprite Lemonade Soft Drink Cans 24x375ml | 24 Pack,Sprite Lemonade Soft Drink Cans 24x375ml | 24 Pack,Sprite,Drinks,Soft drinks,Soft drink cans,,$23.10,,$38.50,$2.57 per 1L,7365904,"With its clean, crisp, lemon-lime taste, Sprite is a lemonade soft drink with a hit of refreshment. Perfect with meals, as a mixer, on the go or relaxing at home. Sprite soft drink has natural flavours. Sprite is available in cans, mini cans, single serve and sharing size bottles as well as multipacks.
1.5 Health Star Rating

24 x 375mL Cans

Contains Phenylalanine

Hit of refreshment

Lemon-lime flavour

Natural flavour.",,,"Per 100g/ml
Per Serving
%DI
Energy
120
451
5
Protein
0.01
0.02
0.1
Total Fat
0
0
0
Saturated Fat
0
0
0
Carbohydrate
6.9
26
8
Sugars
6.9
26
29
Sodium
6.8
25
1
Energy (Cal)
29
108
5
Dietary Fibre (total)
0
0
0
* Percentage Daily Intakes are based on an average adult diet of 8700 kJ. Your daily intakes may be higher or lower depending on your energy needs.",,https://www.coles.com.au/product/sprite-lemonade-soft-drink-cans-24x375ml-24-pack-7365904,,,2024-06-16T15:16:50.896742-04:00
Ind56SColes_ADrinks_SASoft drinks_IKirks Creaming Soda Soft Drink Multipack Cans 10 x 375mL | 10 pack,Kirks Creaming Soda Soft Drink Multipack Cans 10 x 375mL | 10 pack,Kirks,Drinks,Soft drinks,Soft drink cans,,$8.70,,$14.50,$2.32 per 1L,9125082,"This isn't just any creaming soda, this is Kirks! As classic as the sound of an icecream truck on a hot summer's day. We hope you give it the creaming-ist lick of approval Kirks Creaming Soda is also available in 1.25L bottle.
- Creaming Soda Flavour

- No artificial colours or flavours

- Fun refreshment for any occasion

- Uniquely Australian

- 10 x 375mL Multipack Cans Soft Drink",,,,"Carbonated Water, Sugar, Natural Flavour, Natural Colours (163, 120), Food Acid (330), Preservative (211)",https://www.coles.com.au/product/kirks-creaming-soda-soft-drink-multipack-cans-10-x-375ml-10-pack-9125082,,,2024-06-16T15:16:59.928909-04:00
Ind56SColes_ADrinks_SASoft drinks_ISchweppes Lime Soda Water with Lime Juice Bottle | 1.1L,Schweppes Lime Soda Water with Lime Juice Bottle | 1.1L,Schweppes,Drinks,Soft drinks,Mixers,,$3.00,Pick any 2 for $3,,$2.73 per 1L,3014840,"Welcome to the world of refreshment! Introducing Schweppes Lime Soda Mixer with Lime Juice 1.1L - a quintessential blend of natural lime juice and sparkling Schweppervescence. This delightful soda mixer is crafted with care, using only the purest mineral salts and triple-filtered water to create a delicately flavoured beverage that is perfect for any occasion.

Schweppes Lime Soda Mixer with Lime Juice 1.1L is its natural lime taste. This refreshing soda mixer has a crisp and clean flavour that showcases the zingy zest of fresh lime juice, making it the perfect choice for anyone who loves something light, tangy and refreshing.

But that's not all. Schweppes Lime Soda Mixer with Lime Juice 1.1L is also versatile and easy to use. It can be chilled and enjoyed on its own, or mixed with your favourite spirit or cocktail to create a unique and delicious flavour sensation that will impress your guests.

What's great about this beverage is that it's not only delicious, but also great. With natural lime juice as the primary ingredient, Schweppes Lime Soda Mixer with Lime Juice 1.1L provides an excellent source of vitamins and minerals. It is also low in calories and has no artificial colours or flavours.

So, if you're looking for a light and refreshing beverage that's perfect for any occasion, look no further than Schweppes Lime Soda Mixer with Lime Juice 1.1L. Experience the zesty, refreshing taste of natural lime juice in every sip.
Natural lime taste with a crisp and clean flavor.

Versatile and easy to use as a mixer.

great with natural lime juice as the primary ingredient.

Low in calories, no artificial colors or flavors.

Perfect for any occasion, refreshing and zesty taste guaranteed.",,,"Per 100g/ml
Per Serving
%DI
Energy
87kJ
217kJ
Protein
0g
0g
Total Fat
0g
0g
Saturated Fat
0g
0g
Carbohydrate
5.1g
12.7g
Sugars
4.6g
11.5g
Sodium
5mg
13mg
* Percentage Daily Intakes are based on an average adult diet of 8700 kJ. Your daily intakes may be higher or lower depending on your energy needs.","Carbonated Water, Reconstituted Lime Juice (5%), Sugar, Natural Flavour (With Lime Oils), Preservatives (211, 223 (SULPHITES)), Plant Extracts (Gardenia, Carthamus). CONTAINS SULPHITES.",https://www.coles.com.au/product/schweppes-lime-soda-water-with-lime-juice-bottle-1.1l-3014840,,,2024-06-16T15:17:11.911879-04:00
Ind56SColes_ADrinks_SASoft drinks_IBundaberg Brewed Drink Tropical Mango 4x375mL | 4 pack,Bundaberg Brewed Drink Tropical Mango 4x375mL | 4 pack,Bundaberg,Drinks,Soft drinks,Mixers,,$7.45,,,$4.97 per 1L,3038994,"Brewed over 4 days using mangoes grown in tropical northern Australia, Bundaberg Tropical Mango is a delight to anyone who loves mango. With no artificial flavours or colours, this brew delivers on a taste that is true to the Kensington Pride mangoes it is brewed with.
Real Australian Mango
Brewed over 4 days
Australian family owned
Best enjoyed cold",,,"Per 100g/ml
Per Serving
%DI
Energy
196kJ
735kJ
8%
Protein
<1g
<1g
0%
Total Fat
<1g
<1g
0%
Saturated Fat
<1g
<1g
0%
Carbohydrate
11.5g
43.2g
14%
Sugars
11.5g
43.2g
48%
Sodium
25mg
95mg
4%
* Percentage Daily Intakes are based on an average adult diet of 8700 kJ. Your daily intakes may be higher or lower depending on your energy needs.",,https://www.coles.com.au/product/bundaberg-brewed-drink-tropical-mango-4x375ml-4-pack-3038994,,,2024-06-16T15:17:23.914113-04:00
Ind56SColes_ADrinks_SASoft drinks_IFever-Tree Premium Mixers Mediterranean 8x150mL | 8 pack,Fever-Tree Premium Mixers Mediterranean 8x150mL | 8 pack,Fever-Tree,Drinks,Soft drinks,Mixers,,$12.50,,,$10.42 per 1L,6519106,"Crafted with the addition of rosemary and lemon thyme, produces a much lighter, more fragrant tonic, designed to complement a range of spirits, including premium gins, vodkas and fortified wines.
No. 1 Best Selling & Top Trending Mixer for 10 years running as voted by Drinks International

No artificial colours or flavours.",,,"Per 100g/ml
Per Serving
%DI
Energy
144
216
Protein
0
0
Total Fat
0
0
Saturated Fat
0
0
Carbohydrate
11.9g
11.9g
Sugars
11.9g
11.9g
Sodium
7mg
11mg
Monounsaturated
0
0
Energy (Cal)
34
51
Dietary Fibre (total)
0
0
Polyunsaturated
0
0
Trans
0
0
* Percentage Daily Intakes are based on an average adult diet of 8700 kJ. Your daily intakes may be higher or lower depending on your energy needs.",,https://www.coles.com.au/product/fever-tree-premium-mixers-mediterranean-8x150ml-8-pack-6519106,,,2024-06-16T15:17:36.669353-04:00
Ind56SColes_ADrinks_SASoft drinks_ISunkist Orange Soft Drink Bottle | 1.25L,Sunkist Orange Soft Drink Bottle | 1.25L,Sunkist,Drinks,Soft drinks,Soft drink bottles,,$2.00,,$3.00,$1.60 per 1L,5037303,"Satisfy your thirst and indulge your senses with the refreshing and invigorating taste of Sunkist 1.25L. This orange flavoured soft drink is made with a unique blend of natural and high-quality ingredients, making it a delicious and good alternative to other processed beverages on the market.

The 1.25L bottle of Sunkist is perfect for sharing with friends and family. Whether you're hosting a party, enjoying a picnic or simply quenching your thirst, Sunkist 1.25L is sure to impress. The design of the bottle is sleek and sophisticated, making it perfect for any occasion.

Sunkist 1.25L is also ideal for those who love to experiment with cocktails and mocktails. The natural orange flavour can be paired with a variety of spirits and syrups to create unique and exciting beverages.

In conclusion, Sunkist 1.25L is a refreshing, delicious, and great drink that is ideal for any occasion. Whether you're looking for a thirst-quenching option for your summer barbeque, or a refreshing drink after a workout, Sunkist 1.25L is the perfect choice. Try it today and experience the natural, refreshing taste for yourself!
Natural orange flavour extracted from high-quality oranges for a delightful experience.

No artificial colours or flavours.

Perfect for sharing with friends and family, with a sleek design.

Ideal for individual looking for orange soda alternatives with low caffeine.

Perfect for cocktails and mocktails, creating unique and exciting beverages.",,,"Per 100g/ml
Per Serving
%DI
Energy
202kJ
505kJ
6%
Protein
0g
0g
0%
Total Fat
0g
0g
0%
Saturated Fat
0g
0g
0%
Carbohydrate
11.8g
29.5g
10%
Sugars
11.8g
29.5g
33%
Sodium
12mg
30mg
1%
* Percentage Daily Intakes are based on an average adult diet of 8700 kJ. Your daily intakes may be higher or lower depending on your energy needs.",,https://www.coles.com.au/product/sunkist-orange-soft-drink-bottle-1.25l-5037303,,,2024-06-16T15:17:48.143163-04:00
Ind56SColes_ADrinks_SASoft drinks_IFanta Orange Soft Drink 10x375mL | 10 pack,Fanta Orange Soft Drink 10x375mL | 10 pack,Fanta,Drinks,Soft drinks,Soft drink cans,,$19.00,Pick any 2 for $25,,$5.07 per 1L,1849330,"Bright, bubbly and popular, Fanta is the orange soft drink with a tingly, fruity and bold taste. With no artificial colours, Fanta softd rink is perfect for enjoying with friends, on the go or having with meals. Fanta Orange is available in cans, mini cans, single serve and sharing size bottles as well as multipacks.
Bold fruity taste

No artificial colours

Orange Flavour

10 x 375mL Multipack Soft Drink

Bring home flavour",,,"Per 100g/ml
Per Serving
%DI
Energy
127
475
3
Protein
0
0
0
Total Fat
0
0
0
Saturated Fat
0
0
0
Carbohydrate
7.3
27
5
Sugars
7.2
27
19
Sodium
1.1
4.1
1
Energy (Cal)
30
114
3
Dietary Fibre (total)
0
0
0
* Percentage Daily Intakes are based on an average adult diet of 8700 kJ. Your daily intakes may be higher or lower depending on your energy needs.",,https://www.coles.com.au/product/fanta-orange-soft-drink-10x375ml-10-pack-1849330,,,2024-06-16T15:18:00.034597-04:00
Ind56SColes_ADrinks_SASoft drinks_IRemedy Sodaly Raspberry 250mL | 4 pack,Remedy Sodaly Raspberry 250mL | 4 pack,Remedy,Drinks,Soft drinks,Kombucha & other drinks,,$6.00,,$8.00,$6.00 per 1L,6210174,"A grown-up drink for your inner child. Yup we've whipped up the naughtiest tasting raspberry soft drink we could with all the flavour and none of the nasties! Sodaly is a deliciously different, ALL-NATURAL soft drink. It's BIG on FLAVOUR and low on calories. Full of prebiotic goodness and NO SUGAR. Guilt free just got better for you. Remedy Sodaly is:
Sugar free, for real
All natural
Made with Prebiotics
Low on Calories
Vegan
Gluten Free
A-Ok in or out of the fridge",,,"Per 100g/ml
Per Serving
%DI
Energy
13kJ
32kJ
Protein
<1g
<1g
Total Fat
<1g
<1g
Saturated Fat
<1g
<1g
Carbohydrate
<1g
<1g
Sugars
0g
0g
Sodium
<5mg
<5mg
Dietary Fibre (total)
<1g
<1g
* Percentage Daily Intakes are based on an average adult diet of 8700 kJ. Your daily intakes may be higher or lower depending on your energy needs.",,https://www.coles.com.au/product/remedy-sodaly-raspberry-250ml-4-pack-6210174,,,2024-06-16T15:18:11.090634-04:00
Ind56SColes_ADrinks_SASoft drinks_ISanpellegrino Chinotto Drink Cans | 4 pack,Sanpellegrino Chinotto Drink Cans | 4 pack,Sanpellegrino,Drinks,Soft drinks,Soft drink cans,,$7.50,,,$9.38 per 1L,3733369,"SANPELLEGRINO Italian Sparkling Drinks Chinotto (Citrus) 4 x 330mL Cans

A 'cult drink' from the 1950s, SANPELLEGRINO Chinotto is a sparkling fruit drink with the unmistakable taste of the chinotto citrus fruit. This small citrus gets its distinctive bittersweet tastes from the unique conditions of the Mediterranean land. SANPELLEGRINO Chinotto expertly combines carefully selected chinotto extract that provides a full-bodied taste that balances sweet and bitter with smooth hints of cinnamon and rhubarb.

SANPELLEGRINO Traditional is a classic range of drinks bursting with the flavours of sun-ripened fruit from Italy and the Mediterranean, enhanced by the addition of sparkling water and natural aromas for drinks that call for tasty time-outs.

Every can of SANPELLEGRINO contains the excellence of quality fruit and an expertise that has made SANPELLEGRINO Italian Sparkling Drinks an Italian tradition since 1932. The aroma and taste of these extraordinary drinks bring to you the wonderful Mediterranean, known for its breathtaking landscapes, rich soils and temperate climate.

Discover classic Mediterranean fruit flavours and take the time for taste with SANPELLEGRINO Italian Sparkling Drinks.

Bottled in Italy.",,,"Per 100g/ml
Per Serving
%DI
Energy
181kJ
597kJ
7%
Protein
0g
0g
0.0%
Total Fat
0g
0g
0.0%
Saturated Fat
0g
0g
0.0%
Carbohydrate
10g
33g
11.0%
Sugars
10g
33g
13.0%
Sodium
20mg
66mg
3.0%
Dietary Fibre (total)
0g
0g
0.0%
* Percentage Daily Intakes are based on an average adult diet of 8700 kJ. Your daily intakes may be higher or lower depending on your energy needs.",,https://www.coles.com.au/product/sanpellegrino-chinotto-drink-cans-4-pack-3733369,,,2024-06-16T15:18:22.041906-04:00
Ind56SColes_ADrinks_SASoft drinks_ICoca-Cola Vanilla Soft Drink | 1.25L,Coca-Cola Vanilla Soft Drink | 1.25L,Coca-Cola,Drinks,Soft drinks,Soft drink bottles,,$3.85,Pick any 2 for $5.60,,$3.08 per 1L,9391600,"Coca-Cola Vanilla has the refreshing Coca-Cola Classic taste with the sweet aroma of vanilla, making it a delicious twist on an old favourite. Coca-Cola Vanilla soft drink is available in multipack cans, single serve bottles and sharing size bottles. There's a pack for almost any occasion.
Classic Coke Taste with a Twist

Sweet Hint of Vanilla

A Quality Product of The Coca-Cola Company

1.25L Soft Drink

Perfect for drinking on the go, having with a meal or relaxing with at home.",,,"Per 100g/ml
Per Serving
%DI
Energy
185
463
5
Protein
0
0
0
Total Fat
0
0
0
Saturated Fat
0
0
0
Carbohydrate
11
28
9
Sugars
10.9
27
30
Sodium
10
25
1
Energy (Cal)
44
110
5
* Percentage Daily Intakes are based on an average adult diet of 8700 kJ. Your daily intakes may be higher or lower depending on your energy needs.",,https://www.coles.com.au/product/coca-cola-vanilla-soft-drink-1.25l-9391600,,,2024-06-16T15:18:33.092867-04:00
Ind56SColes_ADrinks_SASoft drinks_IBundaberg Brewed Drink Guava 4x375mL | 4 pack,Bundaberg Brewed Drink Guava 4x375mL | 4 pack,Bundaberg,Drinks,Soft drinks,Mixers,,$7.45,,,$4.97 per 1L,2481238,"Craft brewed over 2 days using the real fruit, Bundaberg Guava is a delightful sweet treat with an amazing aroma - be sure to smell it before you sip.
Hold the bottle up to the light and you'll see pieces of fresh guava suspended inside, be sure to invert the bottle before opening to mix the real fruit through.
Real Guava
Brewed over 2 days
Australian Family Owned
Best served cold",,,"Per 100g/ml
Per Serving
%DI
Energy
196kJ
735kJ
8%
Protein
<1g
<1g
0%
Total Fat
<1g
<1g
0%
Saturated Fat
<1g
<1g
0%
Carbohydrate
11.5g
43.2g
14%
Sugars
11.5g
43.2g
48%
Sodium
9mg
34mg
1%
* Percentage Daily Intakes are based on an average adult diet of 8700 kJ. Your daily intakes may be higher or lower depending on your energy needs.","Carbonated Water, Cane Sugar, Guava Juice from Concentrate (5%), Guava Brew (Water, Guava Puree, Sugar, Yeast), Acid (Citric Acid), Flavours, Colours (Purple Sweet Potato, Lycopene), Thickener (Pectin), Preservatives (202, 211)",https://www.coles.com.au/product/bundaberg-brewed-drink-guava-4x375ml-4-pack-2481238,,,2024-06-16T15:18:44.227428-04:00
Ind56SColes_ADrinks_SA_ISprite Lemonade Soft Drink Multipack Mini Cans 6x250mL | 6 pack,Sprite Lemonade Soft Drink Multipack Mini Cans 6x250mL | 6 pack,Sprite,Drinks,,,,$6.75,,$9.20,$4.50 per 1L,4398747,"With its clean, crisp, lemon-lime taste, Sprite is a lemonade soft drink with a hit of refreshment. Perfect with meals, as a mixer, on the go or relaxing at home. Sprite soft drink has natural flavours. Sprite is available in cans, mini cans, single serve and sharing size bottles as well as multipacks.
Hit of refreshment

Lemon-lime flavour

Natural flavour

Great with meals

Lemon-lime flavour

Natural flavour.",,,"Per 100g/ml
Per Serving
%DI
Energy
120
301
3
Protein
0.01
0.01
0.1
Total Fat
0
0
0
Saturated Fat
0
0
0
Carbohydrate
6.9
17
5
Sugars
6.9
17
19
Sodium
6.8
17
0.7
Energy (Cal)
29
72
3
Dietary Fibre (total)
0
0
0
* Percentage Daily Intakes are based on an average adult diet of 8700 kJ. Your daily intakes may be higher or lower depending on your energy needs.",,https://www.coles.com.au/product/sprite-lemonade-soft-drink-multipack-mini-cans-6x250ml-6-pack-4398747,,,2024-06-16T15:18:56.011594-04:00
Ind56SColes_ADrinks_SASoft drinks_IBundaberg Brewed Drink Lemon Lime Bitter 4x375mL | 4 pack,Bundaberg Brewed Drink Lemon Lime Bitter 4x375mL | 4 pack,Bundaberg,Drinks,Soft drinks,Mixers,,$7.45,,,$4.97 per 1L,2481250,"Bundaberg Lemon, Lime & Bitters is craft brewed over 7 days using real lemons, limes, herbs and spices. Our Master Brewers combine cinnamon quills, clove buds and gentian root to craft our very own bitters - perfect for this classic Aussie treat.
Real lemons, limes, herbs and spices
Brewed over 7 days
Australian Family Owned
Best served cold",,,"Per 100g/ml
Per Serving
%DI
Energy
196kJ
735kJ
8%
Protein
<1g
<1g
0%
Total Fat
<1g
<1g
0%
Saturated Fat
<1g
<1g
0%
Carbohydrate
11.5g
43.2g
14%
Sugars
11.5g
43.2g
48%
Sodium
9mg
34mg
1%
* Percentage Daily Intakes are based on an average adult diet of 8700 kJ. Your daily intakes may be higher or lower depending on your energy needs.",,https://www.coles.com.au/product/bundaberg-brewed-drink-lemon-lime-bitter-4x375ml-4-pack-2481250,,,2024-06-16T15:19:06.935154-04:00
Ind56SColes_ADrinks_SASoft drinks_ICoca-Cola Diet Coke Soft Drink Multipack Cans 10x375mL | 10 pack,Coca-Cola Diet Coke Soft Drink Multipack Cans 10x375mL | 10 pack,Coca-Cola,Drinks,Soft drinks,Soft drink cans,,$19.00,Pick any 2 for $25,,$5.07 per 1L,1849318,"Diet Coke is a deliciously light, sugar free and no kilojoule soft drink. It delivers a distinct, unique and light taste. With its bubbly sparkle, 'Diet Coke' has been refreshing and delighting drinkers for decades. The perfect sparkling soft drink for enjoying on the go, having with a meal or relaxing with at home. Coca-Cola Diet soft drink is available in cans, mini cans, single serve and sharing size bottles as well as multipacks.
Distinct Diet Coke Taste

No Sugar and Low Kilojoule

A Quality Product of The Coca-Cola Company

10 x 375mL Multipack Soft Drink

Perfect for drinking on the go, having with a meal or relaxing with at home.",,,"Per 100g/ml
Per Serving
%DI
Energy
1.9
7.1
0.1
Protein
0.05
0.2
0.4
Total Fat
0
0
0
Saturated Fat
0
0
0
Carbohydrate
0.1
0.4
0.1
Sugars
0
0
0
Sodium
1
3.8
0.2
Energy (Cal)
0.5
1.7
0.1
Dietary Fibre (total)
0
0
0
* Percentage Daily Intakes are based on an average adult diet of 8700 kJ. Your daily intakes may be higher or lower depending on your energy needs.",,https://www.coles.com.au/product/coca-cola-diet-coke-soft-drink-multipack-cans-10x375ml-10-pack-1849318,,,2024-06-16T15:19:18.563561-04:00
Ind56SColes_ADrinks_SASoft drinks_ILa Ice No Sugar Cola Soft Drink | 2L,La Ice No Sugar Cola Soft Drink | 2L,La Ice,Drinks,Soft drinks,Soft drink bottles,,$1.75,,$2.00,$0.88 per 1L,3813639,"Launched in 2000, LA Ice has gone on to become one of Australia's favourite colas. With a rich caramel flavour and great cola taste, LA Ice has become the cola alternative for consumers looking for a change from the major cola brands.",,,"Per 100g/ml
Per Serving
%DI
Energy
2kJ
6kJ
0.10%
Protein
0g
0g
0%
Total Fat
0g
0g
0%
Saturated Fat
0g
0g
0%
Carbohydrate
0.1g
0.3g
0.10%
Sugars
0g
0g
0%
Sodium
15mg
38mg
2%
Dietary Fibre (total)
0g
0g
0%
* Percentage Daily Intakes are based on an average adult diet of 8700 kJ. Your daily intakes may be higher or lower depending on your energy needs.",,https://www.coles.com.au/product/la-ice-no-sugar-cola-soft-drink-2l-3813639,,,2024-06-16T15:19:29.500366-04:00
Ind56SColes_ADrinks_SABeverages_IKirks Mixers Tonic Water Mini Cans 6x250mL | 6 pack,Kirks Mixers Tonic Water Mini Cans 6x250mL | 6 pack,Kirks,Drinks,Beverages,Soft drink & energy drinks,,$4.90,,,"$3.27 per 1L
Was $8.20 on Apr 2024",6670152,"Kirks Indian Tonic Water is a flavoured carbonated drink that contains quinine. This unique and classic flavour is perfect to mix with your favourite gin. Enjoy!
Perfect to mix with gin.

Classic mixer flavour

Made in Australia

Best served chilled",,,"Per 100g/ml
Per Serving
%DI
Energy
149
373
4
Total Fat
0
Saturated Fat
0
0
0
Carbohydrate
8.3
21
7
Sugars
8.3
21
23
Sodium
1
0.012
4.8
Energy (Cal)
36
89
4
Dietary Fibre (total)
0
0
0
* Percentage Daily Intakes are based on an average adult diet of 8700 kJ. Your daily intakes may be higher or lower depending on your energy needs.",,https://www.coles.com.au/product/kirks-mixers-tonic-water-mini-cans-6x250ml-6-pack-6670152,,,2024-06-16T15:19:40.441583-04:00
Ind56SColes_ADrinks_SASoft drinks_IKirks Ginger Beer Soft Drink 10x375mL | 10 pack,Kirks Ginger Beer Soft Drink 10x375mL | 10 pack,Kirks,Drinks,Soft drinks,Soft drink cans,,$8.70,,$14.50,$2.32 per 1L,8492033,"This aint just any Ginger Beer, this is Kirks 'Olde Stoney'. Just so you know, this one's uniquely marked with Olde Stoney's upside down face on the label. Only then will you know ya have the right one. So raise a mug of Kirks Olde Stoney Ginger Beer. Kirks Olde Stoney Ginger Beer is also available in 1.25L bottle.
- Ginger Beer

- No artificial colours or flavours

- Fun refreshment for any occasion

- Uniquely Australian

- 10 x 375mL Soft Drink",,,,"Carbonated Water, Sugar, Natural Flavour, Food Acid (330), Preservative (211), Natural Colour (Caramel 150a)",https://www.coles.com.au/product/kirks-ginger-beer-soft-drink-10x375ml-10-pack-8492033,,,2024-06-16T15:19:49.548971-04:00
Ind56SColes_ADrinks_SASoft drinks_IPepsi Max No Sugar Cola Soft Drink Cans Multipack 375mL x 24 Pack | 24 pack,Pepsi Max No Sugar Cola Soft Drink Cans Multipack 375mL x 24 Pack | 24 pack,Pepsi,Drinks,Soft drinks,Soft drink cans,,$34.85,Pick any 2 for $45,,$3.87 per 1L,7366022,"Pepsi Max No Sugar Soft drink offers a bold cola taste with no sugar. The smooth taste of Pepsi Max offers a deliciously refreshing and thirst-quenching cola refreshment that can be enjoyed anytime.

Pepsi Max No Sugar, has....no sugar. It's as simple as that with no taste compromise.

It's low in calories vs full sugar colas. And, in case you were wondering, it also has a bold cola taste that's comparable with full sugar cola products.

The 24 x Pepsi Max can pack is an ideal pack for enjoying at home and sharing with family or friends.

Pepsi Max soft drink is available in a range of other take-home pack sizes such as; mini cans for portion control and multi-serve bottles to suit all your cola drinking occasions.

For maximum enjoyment, drink chilled when you are looking for that fun, tasty, no sugar cola refreshment!

Pepsi Max. Max Taste, No Sugar.
Bold Taste with No Sugar

Low in Calories

On-the-Go Serve

Max Cola Refreshment",,,"Per 100g/ml
Per Serving
%DI
Energy
1.6
6kJ
0.10%
Protein
0.06
0.2
0.50%
Total Fat
0g
0g
0%
Saturated Fat
0g
0g
0%
Carbohydrate
0.06g
0.2g
0.10%
Sugars
0g
0g
0%
Sodium
13mg
49mg
2%
Dietary Fibre (total)
0g
0g
0%
* Percentage Daily Intakes are based on an average adult diet of 8700 kJ. Your daily intakes may be higher or lower depending on your energy needs.","Carbonated Water, Colour (150d), Sweeteners (951, 950), Food Acids (338, 330), Preservative (211), Caffeine, Flavour. CONTAINS CAFFEINE. CONTAINS PHENYLALANINE.",https://www.coles.com.au/product/pepsi-max-no-sugar-cola-soft-drink-cans-multipack-375ml-x-24-pack-24-pack-7366022,,,2024-06-16T15:20:01.070327-04:00
Ind56SColes_ADrinks_SASoft drinks_ISchweppes Lemonade Soft Drink Single Bottle | 2L,Schweppes Lemonade Soft Drink Single Bottle | 2L,Schweppes,Drinks,Soft drinks,Soft drink bottles,,$3.60,,,$1.80 per 1L,240208,"Welcome to the refreshing world of Schweppes Lemonade! This iconic drink has been a favourite for generations, and with good reason. With a crisp, clean taste that is perfect for quenching your thirst, Schweppes Lemonade is sure to become a staple in your household.

Made with a harmonious blend of lemon and lime oils, Schweppes Lemonade has a zesty, refreshing flavour that will delight your senses. Each 2L bottle is handcrafted by Schweppes' Master Blenders, ensuring that every sip is of the highest quality.

Schweppes Lemonade is the perfect drink to share with friends and family. Whether you're relaxing on a lazy afternoon or hosting a summer barbecue, this drink is sure to be a crowd-pleaser. Enjoy it on its own, chilled to perfection, or use it to create your very own signature cocktails.

Here at Schweppes, we take pride in our commitment to quality and taste. Our Lemonade is made with only the finest ingredients, ensuring that you get a drink that is both delicious and refreshing. So why wait? Stock up on Schweppes Lemonade 2L today and experience the refreshing taste of this iconic drink!
Crisp, clean taste perfect for quenching thirst

Handcrafted by Master Blenders for highest quality

Zesty, refreshing flavour with lemon and lime oils

Perfect for sharing at barbecues and lazy afternoons

Made with finest ingredients, ensuring delicious, refreshing taste",,,"Per 100g/ml
Per Serving
%DI
Energy
143kJ
385kJ
Protein
0g
0g
Total Fat
0g
0g
Saturated Fat
0g
0g
Carbohydrate
8.2g
20.5g
Sugars
8.2g
20.5g
Sodium
6mg
15mg
* Percentage Daily Intakes are based on an average adult diet of 8700 kJ. Your daily intakes may be higher or lower depending on your energy needs.",,https://www.coles.com.au/product/schweppes-lemonade-soft-drink-single-bottle-2l-240208,,,2024-06-16T15:21:04.640584-04:00
Ind56SColes_ADrinks_SASoft drinks_INexba Kombucha Apple Pear Ginger 4x330mL | 4 pack,Nexba Kombucha Apple Pear Ginger 4x330mL | 4 pack,Nexba,Drinks,Soft drinks,Kombucha & other drinks,,$6.95,,$8.95,$5.27 per 1L,3718332,"Stuff in the bottle: Purified sparkling water, naturally fermented kombucha (purified water, oolong tea, sugarÂ°, kombucha cultures). Nexba Natural Sweetener Blend (erythritol*, stevia), food acids (citric acid), natural pear, apple & ginger flavour, natural flavours, probiotic culture (bacillus coagulans).
Â°Sugar has been fully consumed during the extended fermentation process to produce the kombucha.
*Erythritol is naturally produced by fermentation of starches in fruits and vegetables.
*Bacillus Coagulans
Our delicious and 100% natural kombucha is brewed over 40 days with real...
Oolong tea leaves & living scoby
Good gut feels
We've spent years innovating to formulate a unique strain of smart & robust probiotic that survives the journey to your gut! These little beauties work hard to promote good gut health.",,,"Per 100g/ml
Per Serving
%DI
Energy
10kJ
32kJ
Protein
0g
0g
Total Fat
0g
0g
Saturated Fat
0g
0g
Carbohydrate
0.2g
0.5g
Sugars
0g
0g
Sodium
<1mg
<1mg
* Percentage Daily Intakes are based on an average adult diet of 8700 kJ. Your daily intakes may be higher or lower depending on your energy needs.",,https://www.coles.com.au/product/nexba-kombucha-apple-pear-ginger-4x330ml-4-pack-3718332,,,2024-06-16T15:21:15.469088-04:00
Ind56SColes_ADrinks_SASoft drinks_IColes Soft Drink Lemon | 1.25L,Coles Soft Drink Lemon | 1.25L,Coles,Drinks,Soft drinks,Soft drink bottles,,$1.20,,,$0.96 per 1L,5179137,Coles Lemon Flavoured drink 1. 25 Litre. No Artificial Colours & Flavours use as a mixer or refreshing beverage,,,"Per 100g/ml
Per Serving
%DI
Energy
177kJ
442kJ
5%
Protein
0g
0g
Total Fat
0g
0g
Saturated Fat
0g
0g
Carbohydrate
10.4g
26g
8%
Sugars
10.4g
26g
29%
Sodium
17mg
43mg
2%
Dietary Fibre (total)
0g
0g
* Percentage Daily Intakes are based on an average adult diet of 8700 kJ. Your daily intakes may be higher or lower depending on your energy needs.",,https://www.coles.com.au/product/coles-soft-drink-lemon-1.25l-5179137,,,2024-06-16T15:21:26.293884-04:00
Ind56SColes_ADrinks_SASoft drinks_IFever-Tree Premium Mixers Light Meditteranean Tonic 4x200mL | 4 pack,Fever-Tree Premium Mixers Light Meditteranean Tonic 4x200mL | 4 pack,Fever-Tree,Drinks,Soft drinks,Mixers,,$9.00,,,$11.25 per 1L,5582388,"In our Light version, we use fruit sugar to sweeten the drink. The rocky hillside farms of the Provence region of southern France benefit from the warm air flowing inland from the Mediterranean Sea, creating perfect growing conditions for hardy aromatic shrubs like lemon thyme. The well-drained soil and long, sun-filled days allow these plants to thrive and the flavours to deepen.
No. 1 Best Selling & Top Trending Mixer for 10 years running as voted by Drinks International

Same great taste, and made with with 46% less calories, our Light Mediterranean Tonic Water never compromises on flavour.

No artificial colours or flavours.",,,"Per 100g/ml
Per Serving
%DI
Energy
72
144
Protein
0
0
Total Fat
0
0
Saturated Fat
0
0
Carbohydrate
4.2g
8.4g
Sugars
4.2g
8.4g
Sodium
7mg
14mg
Monounsaturated
0
0
Energy (Cal)
17
34
Dietary Fibre (total)
0
0
Polyunsaturated
0
0
Trans
0
0
* Percentage Daily Intakes are based on an average adult diet of 8700 kJ. Your daily intakes may be higher or lower depending on your energy needs.",,https://www.coles.com.au/product/fever-tree-premium-mixers-light-meditteranean-tonic-4x200ml-4-pack-5582388,,,2024-06-16T15:21:38.009631-04:00
Ind56SColes_ADrinks_SABeverages_IFanta Soft Drink Fanta Orange | 2L,Fanta Soft Drink Fanta Orange | 2L,Fanta,Drinks,Beverages,Soft drink & energy drinks,,$3.00,,,"$1.50 per 1L
Was $3.40 on Apr 2024",224857,"Bright, bubbly and popular, Fanta is the orange soft drink with a tingly, fruity and bold taste. With no artificial colours, Fanta softd rink is perfect for enjoying with friends, on the go or having with meals. Fanta Orange is available in cans, mini cans, single serve and sharing size bottles as well as multipacks.
Bold fruity taste

No artificial colours

Orange flavour

Bring home flavour

Orange flavour",,,"Per 100g/ml
Per Serving
%DI
Energy
127
316
2
Protein
0
0
0
Total Fat
0
0
0
Saturated Fat
0
0
0
Carbohydrate
7.3
18
4
Sugars
7.2
18
13
Sodium
1.1
2.7
0.7
Energy (Cal)
30
76
2
Dietary Fibre (total)
0
0
0
* Percentage Daily Intakes are based on an average adult diet of 8700 kJ. Your daily intakes may be higher or lower depending on your energy needs.",,https://www.coles.com.au/product/fanta-soft-drink-fanta-orange-2l-224857,,,2024-06-16T15:21:49.109076-04:00
Ind56SColes_ADrinks_SASoft drinks_IPepsi Max No Sugar Creaming Soda Cola Soft Drink Cans Multipack 375mL x 10 Pack | 10 pack,Pepsi Max No Sugar Creaming Soda Cola Soft Drink Cans Multipack 375mL x 10 Pack | 10 pack,Pepsi,Drinks,Soft drinks,Soft drink cans,,$9.00,,$18.00,$2.40 per 1L,6574115,"Indulge in the deliciously bold taste of Pepsi Max No Sugar Creaming Soda! This low calorie soft drink is the perfect choice for those who want maximum taste without the sugar. With a hint of creaming soda and fairy floss flavour, this refreshing beverage offers a delightful taste sensation that will leave you wanting more.

The 600mL bottle is the perfect size for home or on-the-go, while the 1.25L bottle and 10 can pack are great for sharing with family and friends. Whether you're looking for a refreshing drink while out and about or a tasty treat at home, Pepsi Max No Sugar Creaming Soda has got you covered.

Enjoy this invigorating soft drink chilled for maximum enjoyment. With no sugar and maximum taste, Pepsi Max Creaming Soda is the perfect choice for any occasion. So why wait? Treat yourself to the bold and creamy taste of Pepsi Max No Sugar Creaming Soda today!
Indulge in the bold and creamy taste of Pepsi Max.

Low calorie soft drink, sugar-free indulgence.

Perfect size for home, on-the-go, or sharing.

Invigorating when chilled, delightful taste sensation.

Maximum taste with no sugar, perfect for any occasion.",,,"Per 100g/ml
Per Serving
%DI
Energy
3kJ
11kJ
0.10%
Protein
0.1g
0.4g
0.80%
Total Fat
0g
0g
0%
Saturated Fat
0g
0g
0%
Carbohydrate
0.1g
0.4g
0.10%
Sugars
0g
0g
0%
Sodium
10mg
38mg
2%
Dietary Fibre (total)
0g
0g
0%
* Percentage Daily Intakes are based on an average adult diet of 8700 kJ. Your daily intakes may be higher or lower depending on your energy needs.",,https://www.coles.com.au/product/pepsi-max-no-sugar-creaming-soda-cola-soft-drink-cans-multipack-375ml-x-10-pack-10-pack-6574115,,,2024-06-16T15:22:00.135707-04:00
Ind56SColes_ADrinks_SASoft drinks_ISunkist Orange Soft Drink Cans Multipack 375mL x 30 Pack | 30 pack,Sunkist Orange Soft Drink Cans Multipack 375mL x 30 Pack | 30 pack,Sunkist,Drinks,Soft drinks,Soft drink cans,,$26.00,,,$2.31 per 1L,7837399,"Are you tired of sipping on drinks that are loaded with artificial colours and flavourings? Sunkist Can Pack 30 x 375mL has been crafted with your well-being in mind. This Can Pack is perfect for those who want to indulge in natural flavours without having to compromise on taste.

This pack Contains 30 cans of 375mL each, making it perfect for your next party or gathering. Sunkist Can Pack is not just a refreshing and hydrating beverage, it's a great source of nutrition too. Made with natural flavours, every sip of this orange flavoured beverage helps you refresh and energise your body.

The Sunkist Can Pack is perfect for anyone seeking a delicious, easy-to-drink alternative to carbonated soft drinks, energy drinks or sports drinks. Its unique flavour is perfect for people of all ages, whether you are a young adult looking for an energy boost, or a senior seeking a refreshing and great beverage.

Sunkist Can Pack is ideal for those who love natural flavours and want to experience the taste of fresh oranges. It's the perfect way to kick-start your day.

So, what are you waiting for? Try Sunkist Can Pack 30 x 375mL for yourself and experience the taste of natural flavours that will leave you feeling refreshed and rejuvenated. Order now and discover the refreshing taste of this orange flavoured drink!
30 cans of 375mL each, perfect for gatherings or parties

Made with all-natural ingredients for a refreshing and hydrating drink

Delicious and easy-to-drink alternative to carbonated soft drinks, energy drinks, or sports drinks

Created from high-quality oranges for a natural and authentic taste

Perfect way to kick-start your day.",,,"Per 100g/ml
Per Serving
%DI
Energy
202kJ
758kJ
9%
Protein
0g
0g
0%
Total Fat
0g
0g
0%
Saturated Fat
0g
0g
0%
Carbohydrate
11.8g
44.3g
14%
Sugars
11.8g
44.3g
49%
Sodium
12mg
45mg
2%
* Percentage Daily Intakes are based on an average adult diet of 8700 kJ. Your daily intakes may be higher or lower depending on your energy needs.","Carbonated Water, Sugar, Food Acid (330), Natural Flavour, Natural Colours (Carmine, Lutein), Preservative (211), Antioxidant (300).",https://www.coles.com.au/product/sunkist-orange-soft-drink-cans-multipack-375ml-x-30-pack-30-pack-7837399,,,2024-06-16T15:22:12.361068-04:00
Ind56SColes_ADrinks_SASoft drinks_IBundaberg Brewed Drink Sarsaparilla 4x375mL | 4 pack,Bundaberg Brewed Drink Sarsaparilla 4x375mL | 4 pack,Bundaberg,Drinks,Soft drinks,Mixers,,$7.45,,,$4.97 per 1L,7374520,"Brewed over 3 days using a genuine family recipe combining sarsaparilla root, ground ginger, liquorice root, vanilla bean and molasses, this rich decadent brew is sure to remain a favourite for decades to come.
Be sure to invert the bottle before opening to disperse the real ingredients for optimal enjoyment.
Real herbs and spices
Brewed over 3 days
Australian family owned
Best enjoyed cold",,,"Per 100g/ml
Per Serving
%DI
Energy
203kJ
760kJ
9%
Protein
<1g
<1g
0%
Total Fat
<1g
<1g
0%
Saturated Fat
<1g
<1g
0%
Carbohydrate
11.9g
44.6g
14%
Sugars
11.8g
44.3g
49%
Sodium
12mg
45mg
2%
* Percentage Daily Intakes are based on an average adult diet of 8700 kJ. Your daily intakes may be higher or lower depending on your energy needs.",,https://www.coles.com.au/product/bundaberg-brewed-drink-sarsaparilla-4x375ml-4-pack-7374520,,,2024-06-16T15:22:23.487125-04:00
Ind56SColes_ADrinks_SASoft drinks_INexba Kombucha Mixed Berry 4x330mL | 4 pack,Nexba Kombucha Mixed Berry 4x330mL | 4 pack,Nexba,Drinks,Soft drinks,Kombucha & other drinks,,$6.95,,$8.95,$5.27 per 1L,3529191,"At Nexba we do sugar free differently. We're on a mission to rid the world of sugar and artificial ingredients, creating delicious products that are All Natural and completely sugar free. Proudly Aussie Made and Owned, one sip takes you straight to summer. CHEERS TO THAT!",,,"Per 100g/ml
Per Serving
%DI
Energy
10kJ
32kJ
Protein
0g
0g
Total Fat
0g
0g
Saturated Fat
0g
0g
Carbohydrate
0.2g
0.5g
Sugars
0g
0g
Sodium
<1mg
<1mg
* Percentage Daily Intakes are based on an average adult diet of 8700 kJ. Your daily intakes may be higher or lower depending on your energy needs.",,https://www.coles.com.au/product/nexba-kombucha-mixed-berry-4x330ml-4-pack-3529191,,,2024-06-16T15:22:34.533223-04:00
Ind56SColes_ADrinks_SABeverages_IKirks Mixers Ginger Ale Mini Cans 6x250mL | 6 pack,Kirks Mixers Ginger Ale Mini Cans 6x250mL | 6 pack,Kirks,Drinks,Beverages,Soft drink & energy drinks,,$4.90,,,"$3.27 per 1L
Was $8.20 on Apr 2024",6670130,"Kirks Dry Ginger Ale is a unique and refreshing beverage which can be enjoyed either straight or as a mixer.
To enjoy either straight or as a mixer.

Delicious and refreshing flavour

Made in Australia

Best served chilled",,,"Per 100g/ml
Per Serving
%DI
Energy
131
327
4
Protein
0
0
Total Fat
0
Saturated Fat
0
0
0
Carbohydrate
7.3
18
6
Sugars
7.3
18
20
Sodium
1
2.5
0.6
Energy (Cal)
31
78
4
Dietary Fibre (total)
0
0
0
* Percentage Daily Intakes are based on an average adult diet of 8700 kJ. Your daily intakes may be higher or lower depending on your energy needs.",,https://www.coles.com.au/product/kirks-mixers-ginger-ale-mini-cans-6x250ml-6-pack-6670130,,,2024-06-16T15:22:46.628583-04:00
Ind56SColes_ADrinks_SASoft drinks_IRemedy Kombucha Ginger Lemon 250mL | 4 pack,Remedy Kombucha Ginger Lemon 250mL | 4 pack,Remedy,Drinks,Soft drinks,Kombucha & other drinks,,$9.50,,,$9.50 per 1L,3277678,"A classic with a twist. A no-sugar, guilt-free take on ginger beer. Hot and sour, fiery and tangy, made with natural ingredients, Remedy Kombucha Ginger Lemon is the perfect tummy-tamer. Fresh ginger adds warmth and spice, while real lemon adds a citrus spark. Full of antioxidants, live cultures and organic acids, Remedy Kombucha contains:
No sugar, for real
All natural ingredients
Certified Organic
Low on Calories
Vegan
Gluten Free
A-Ok in or out of the fridge",,,"Per 100g/ml
Per Serving
%DI
Energy
12kJ
30kJ
Protein
<1g
<1g
Total Fat
<1g
<1g
Saturated Fat
<1g
<1g
Carbohydrate
1.6g
4g
Sugars
0g
0g
Sodium
<5mg
<5mg
* Percentage Daily Intakes are based on an average adult diet of 8700 kJ. Your daily intakes may be higher or lower depending on your energy needs.","Certified organic raw kombucha (sparkling water, wild kombucha culture, black tea*, green tea*), ginger juice*, natural sweeteners (erythritol* and steviol glycosides*), lemon juice*, natural ginger flavour. *Certified Organic Ingredients",https://www.coles.com.au/product/remedy-kombucha-ginger-lemon-250ml-4-pack-3277678,,,2024-06-16T15:22:57.841034-04:00
Ind56SColes_ADrinks_SASoft drinks_IKirks Lemonade Soft Drink | 1.25L,Kirks Lemonade Soft Drink | 1.25L,Kirks,Drinks,Soft drinks,Soft drink bottles,,$1.60,,$2.70,$1.28 per 1L,5399166,"This isn't just any lemonade, this is Kirks! As classic as your favourite pair of thongs. So slip 'em on and enjoy Kirks classic Lemonade. Kirks Lemonade is also available in 10 x 375mL multipack cans.
- Lemonade

- No artificial colours or flavours

- Fun refreshment for any occasion

- Uniquely Australian

- 1.25L Bottle Soft drink",,,,"Carbonated Water, Sugar, Food Acid (330), Natural Flavour, Preservative (211)",https://www.coles.com.au/product/kirks-lemonade-soft-drink-1.25l-5399166,,,2024-06-16T15:23:07.085225-04:00
Ind56SColes_ADrinks_SASoft drinks_IFanta Orange Zero Sugar Soft Drink Bottle | 1.25L,Fanta Orange Zero Sugar Soft Drink Bottle | 1.25L,Fanta,Drinks,Soft drinks,Soft drink bottles,,$3.85,Pick any 2 for $5.60,,$3.08 per 1L,3585556,"Bright, bubbly and popular. Fanta Orange Zero Sugar is a soft drink with a tingly, fruity, bold taste with no sugar. Fanta Orange Zero Sugar is perfect for relaxing at home, on the go or having with meals. Fanta Orange Zero Sugar is available in cans, mini cans and multi-serve bottles.
Bold fruity taste

Orange flavour

Zero Sugar

1.25L Soft Drink

Bring home flavour",,,"Per 100g/ml
Per Serving
%DI
Energy
3.9
9.7
0.1
Protein
0.05
0.1
0.3
Total Fat
0
0
0
Saturated Fat
0
0
0
Carbohydrate
0.05
0.1
0.1
Sugars
0
0
0
Sodium
1.2
3
0.1
Energy (Cal)
0.9
2.3
0.1
Dietary Fibre (total)
0
0
0
* Percentage Daily Intakes are based on an average adult diet of 8700 kJ. Your daily intakes may be higher or lower depending on your energy needs.",,https://www.coles.com.au/product/fanta-orange-zero-sugar-soft-drink-bottle-1.25l-3585556,,,2024-06-16T15:23:18.243943-04:00
Ind56SColes_ADrinks_SASoft drinks_ISchweppes Zero Sugar Mixers Indian Tonic Water Bottles Multipack 300mL x 4 Pack | 4 pack,Schweppes Zero Sugar Mixers Indian Tonic Water Bottles Multipack 300mL x 4 Pack | 4 pack,Schweppes,Drinks,Soft drinks,Mixers,,$7.40,,,$6.17 per 1L,7364661,"Experience the classic taste of tonic water now without the sugar. Schweppes Classic Mixers Indian Tonic Water Zero Sugar. This 4 x 300mL pack contains a zero sugar version of the classic Indian Tonic Water, which has been expertly crafted to retain its signature citrusy blend of flavors with a bitter finish.

Made using natural oils of lemons and oranges, Schweppes Classic Mixers Indian Tonic Water Zero Sugar is the perfect mixer for all your favorite cocktails. Its light and low-calorie formula make it an enjoyable choice on its own or blended into crisp gin or smooth vodka.

This tonic water beautifully pairs the bold taste of quinine with citrus notes, resulting in a taste that is uniquely refreshing. Schweppes Classic Mixers Indian Tonic Water Zero Sugar is also an excellent choice for those who are health-conscious and looking to cut back on sugar without sacrificing taste.

If you're looking for a premium quality tonic water that will elevate your cocktails, look no further than Schweppes Classic Mixers Indian Tonic Water Zero Sugar. It's the perfect beverage for those who crave something bold, yet light and refreshing. Order now and experience the taste of Schweppes for yourself!
Zero sugar version of classic Indian Tonic Water.

Made using natural oils of lemons and oranges.

Bold taste of quinine with citrus notes.

Low-calorie formula.

Perfect mixer for all your favorite cocktails.",,,"Per 100g/ml
Per Serving
%DI
Energy
7kJ
21kJ
Protein
0g
0g
Total Fat
0g
0g
Saturated Fat
0g
0g
Carbohydrate
0g
0g
Sugars
0g
0g
Sodium
20mg
60mg
Dietary Fibre (total)
0g
0g
* Percentage Daily Intakes are based on an average adult diet of 8700 kJ. Your daily intakes may be higher or lower depending on your energy needs.",,https://www.coles.com.au/product/schweppes-zero-sugar-mixers-indian-tonic-water-bottles-multipack-300ml-x-4-pack-4-pack-7364661,,,2024-06-16T15:23:29.305523-04:00
Ind56SColes_ADrinks_SASoft drinks_ICoca-Cola Zero Sugar Vanilla Soft Drink Bottle | 1.25L,Coca-Cola Zero Sugar Vanilla Soft Drink Bottle | 1.25L,Coca-Cola,Drinks,Soft drinks,Soft drink bottles,,$3.85,Pick any 2 for $5.60,,$3.08 per 1L,3271060,"Coca-Cola Vanilla Zero Sugar has the refreshing Coca-Cola taste with the sweet aroma of vanilla and no sugar, making it a delicious twist on an old favourite. Coca-Cola Vanilla Zero Sugar soft drink is available in multipack cans, single serve bottles and sharing size bottles. There's a pack for almost any occasion.
Classic Coke Taste with a Twist

Hint of Vanilla

No Sugar

1.25L Bottle Soft Drink

Perfect for drinking on the go, having with a meal or relaxing with at home.

1.25L Bottle.",,,"Per 100g/ml
Per Serving
%DI
Energy
1
2.5
0.1
Protein
0.05
0.1
0.3
Total Fat
0
0
0
Saturated Fat
0
0
0
Carbohydrate
0.1
0.3
0.1
Sugars
0
0
0
Sodium
1.0
2.5
0.1
Energy (Cal)
0.2
0.6
0.1
Dietary Fibre (total)
0
0
0
* Percentage Daily Intakes are based on an average adult diet of 8700 kJ. Your daily intakes may be higher or lower depending on your energy needs.",,https://www.coles.com.au/product/coca-cola-zero-sugar-vanilla-soft-drink-bottle-1.25l-3271060,,,2024-06-16T15:23:40.984882-04:00
Ind56SColes_ADrinks_SASoft drinks_IQue No Sugar Soft Drink Cola 12x300mL | 12 pack,Que No Sugar Soft Drink Cola 12x300mL | 12 pack,Que,Drinks,Soft drinks,Soft drink bottles,,$8.00,,$9.00,$2.22 per 1L,5197944,Low joule cola,,,"Per 100g/ml
Per Serving
%DI
Energy
2kJ
6kJ
0.10%
Protein
0g
0g
Total Fat
0g
0g
Saturated Fat
0g
0g
Carbohydrate
0.1g
0.3g
0.10%
Sugars
0g
0g
Sodium
15mg
45mg
2%
Dietary Fibre (total)
0g
0g
* Percentage Daily Intakes are based on an average adult diet of 8700 kJ. Your daily intakes may be higher or lower depending on your energy needs.",,https://www.coles.com.au/product/que-no-sugar-soft-drink-cola-12x300ml-12-pack-5197944,,,2024-06-16T15:23:52.361922-04:00
Ind56SColes_ADrinks_SASoft drinks_IFanta Pineapple Zero Sugar Soft Drink | 1.25L,Fanta Pineapple Zero Sugar Soft Drink | 1.25L,Fanta,Drinks,Soft drinks,Soft drink bottles,,$3.85,Pick any 2 for $5.60,,$3.08 per 1L,7714661,,,,,,https://www.coles.com.au/product/fanta-pineapple-zero-sugar-soft-drink-1.25l-7714661,,,2024-06-16T15:24:01.222156-04:00
Ind56SColes_ADrinks_SASoft drinks_IRemedy Kombucha Wild Berry 250mL | 4 pack,Remedy Kombucha Wild Berry 250mL | 4 pack,Remedy,Drinks,Soft drinks,Kombucha & other drinks,,$9.50,,,$9.50 per 1L,4299698,"Meet the wild child of the Remedy Kombucha flavours. An all-natural blend of strawberry, blackberry and blueberry bliss. Jammy and beautifully aromatic, one sip and you'll be swept away to a warm summer's day. No sugar, naturally and chock full of goodness. Full of antioxidants, live cultures and organic acids, Remedy Kombucha is:
Sugar free, for real
All natural
Certified Organic
Low on Calories
Vegan
Gluten Free
A-Ok in or out of the fridge",,,"Per 100g/ml
Per Serving
%DI
Energy
12kJ
30kJ
Protein
<1g
<1g
Total Fat
<1g
<1g
Saturated Fat
<1g
<1g
Carbohydrate
<1g
<1g
Sugars
0g
0g
Sodium
<5mg
<5mg
* Percentage Daily Intakes are based on an average adult diet of 8700 kJ. Your daily intakes may be higher or lower depending on your energy needs.",,https://www.coles.com.au/product/remedy-kombucha-wild-berry-250ml-4-pack-4299698,,,2024-06-16T15:24:12.432189-04:00
Ind56SColes_ADrinks_SASoft drinks_ISchweppes Zero Sugar Dry Ginger Ale Soft Drink Mixers Multipack 300mL x 4 Pack | 4 pack,Schweppes Zero Sugar Dry Ginger Ale Soft Drink Mixers Multipack 300mL x 4 Pack | 4 pack,Schweppes,Drinks,Soft drinks,Mixers,,$7.40,,,$6.17 per 1L,7364672,"Schweppes Zero Sugar Classic Mixers Dry Ginger Ale 300ml Bottle x 4 Pack is a delicious and refreshing ginger ale that is perfect for any occasion. This mixer has the classic taste of ginger ale without the added sugar.

Each 300ml bottle in this 4 pack contains the perfect amount of ginger ale to mix with your favorite spirits or enjoy on its own. It's an ideal addition to any home bar or for entertaining guests.

Schweppes is a well-known brand that has been making quality mixers for over 200 years. The company is known for using only the finest ingredients to create a premium product that delivers a refreshing taste experience every time.

This zero sugar ginger ale is no exception. It's made with natural flavors and contains no artificial colors or preservatives.

Schweppes Zero Sugar Classic Mixers Dry Ginger Ale 300ml Bottle x 4 Pack is the perfect mixer for those who want to enjoy a classic cocktail without the added sugar. It's a refreshing and tasty drink that can be enjoyed at any time of day or night. So, whether you're hosting a party, having a quiet night in, or just need a refreshing drink, Schweppes Zero Sugar Classic Mixers Dry Ginger Ale is the perfect choice.
Classic taste of Schweppes Ginger Ale now with zero sugar

Made with steeped and cold-pressed ginger root, citrus oils, and chilli

Perfect mixer for gin or whiskey cocktails

Four 300mL bottles in each pack for convenience

Perfect for sharing with family and friends",,,"Per 100g/ml
Per Serving
%DI
Energy
6kJ
18kJ
Protein
0g
0g
Total Fat
0g
0g
Saturated Fat
0g
0g
Carbohydrate
0g
0g
Sugars
0g
0g
Sodium
14mg
42mg
Dietary Fibre (total)
0g
0g
* Percentage Daily Intakes are based on an average adult diet of 8700 kJ. Your daily intakes may be higher or lower depending on your energy needs.",,https://www.coles.com.au/product/schweppes-zero-sugar-dry-ginger-ale-soft-drink-mixers-multipack-300ml-x-4-pack-4-pack-7364672,,,2024-06-16T15:24:23.471034-04:00
Ind56SColes_ADrinks_SASoft drinks_IKirks Lemonade Sugar Free Soft Drink  | 1.25L,Kirks Lemonade Sugar Free Soft Drink  | 1.25L,Kirks,Drinks,Soft drinks,Soft drink bottles,,$1.60,,$2.70,$1.28 per 1L,6111376,"This isn't just any lemonade, this is Kirks! As classic as your favourite pair of thongs. So slip 'em on and enjoy Kirks Lemonade. Kirks Sugar Free Lemonade is also available in 10 x 375mL multipack cans.
- Sugar Free Lemonade Flavour
- No artificial colours or flavours
- Fun refreshment for any occasion
- Uniquely Australian
- 1.25L Bottle Soft drink",,,,"Carbonated Water, Food Acids (330, 331), Natural Flavour, Sweeteners (952, 950, 961), Preservative (211)",https://www.coles.com.au/product/kirks-lemonade-sugar-free-soft-drink-1.25l-6111376,,,2024-06-16T15:24:32.391619-04:00
Ind56SColes_ADrinks_SASoft drinks_ISchweppes Soda Water Bottle Classic Mixers Glass Multipack 300mL x 4 Pack | 4 pack,Schweppes Soda Water Bottle Classic Mixers Glass Multipack 300mL x 4 Pack | 4 pack,Schweppes,Drinks,Soft drinks,Mixers,,$7.40,,,$6.17 per 1L,7351965,"Indulge in the sparkling taste of Schweppes Classic Mixers Soda Water 4 x 300mL. This refreshing drink is perfect for those who love to add a touch of fizz to their daily routine. Made with the finest mineral salts and pristine triple filtered water, the delicate bubbles of Schweppervescence give this soda water a crisp, delightful taste that you can enjoy anytime, anywhere.

Schweppes Classic Mixers Soda Water 4 x 300mL is not only a delicious drink on its own, but it is also a versatile mixer that can be paired with your preferred alcohol. Whether you are throwing a party or simply unwinding after a long day, a splash of Schweppes Classic Mixers Soda Water can take your drink to the next level.

This classic mixer is perfect for those who appreciate quality and taste. The subtle nuances of mineral salts and the light, refreshing bubbles create a delightful drinking experience that is hard to beat. Served chilled and garnished with fresh lemon, lime, or orange slices, Schweppes Classic Mixers Soda Water is the perfect complement to any meal or occasion.

Experience the magic of Schweppervescence and treat your taste buds to the perfect balance of flavors with Schweppes Classic Mixers Soda Water 4 x 300mL. Indulge in a drink that is both refreshing and sophisticated, and elevate your beverage game to the next level. Try it today and get ready to be blown away by the delightful taste of this classic drink.
Refreshing and versatile; perfect as both a standalone drink and mixer.

Made with the finest mineral salts and triple-filtered water.

Enjoy a crisp and delightful taste with Schweppervescence bubbles.

Suitable for those who appreciate quality and sophistication.

Elevate your beverage game with the perfect balance of flavors.",,,"Per 100g/ml
Per Serving
%DI
Energy
0kJ
0kJ
Protein
0g
0g
Total Fat
0g
0g
Saturated Fat
0g
0g
Carbohydrate
0g
0g
Sugars
0g
0g
Sodium
1mg
3mg
* Percentage Daily Intakes are based on an average adult diet of 8700 kJ. Your daily intakes may be higher or lower depending on your energy needs.","Carbonated Water, Mineral Salt (Potassium Bicarbonate).",https://www.coles.com.au/product/schweppes-soda-water-bottle-classic-mixers-glass-multipack-300ml-x-4-pack-4-pack-7351965,,,2024-06-16T15:24:43.521242-04:00
Ind56SColes_ADrinks_SASoft drinks_IFever-Tree Premium Mixers Tonic Water Medi | 500mL,Fever-Tree Premium Mixers Tonic Water Medi | 500mL,Fever-Tree,Drinks,Soft drinks,Mixers,,$5.00,,,$10.00 per 1L,3536812,"Crafted with the addition of rosemary and lemon thyme, produces a much lighter, more fragrant tonic, designed to complement a range of spirits, including premium gins, vodkas and fortified wines.
No. 1 Best Selling & Top Trending Mixer for 10 years running as voted by Drinks International

No artificial colours or flavours.",,,"Per 100g/ml
Per Serving
%DI
Energy
144
288
Protein
0
0
Total Fat
0
0
Saturated Fat
0
0
Carbohydrate
7.9g
15.8g
Sugars
7.9g
15.8g
Sodium
7mg
14mg
Monounsaturated
0
0
Energy (Cal)
34
68
Dietary Fibre (total)
0
0
Polyunsaturated
0
0
Trans
0
0
* Percentage Daily Intakes are based on an average adult diet of 8700 kJ. Your daily intakes may be higher or lower depending on your energy needs.",,https://www.coles.com.au/product/fever-tree-premium-mixers-tonic-water-medi-500ml-3536812,,,2024-06-16T15:24:54.798962-04:00
Ind56SColes_ADrinks_SASoft drinks_ICoca-Cola Classic Soft Drink Multipack Mini Bottles 12x300mL | 12 pack,Coca-Cola Classic Soft Drink Multipack Mini Bottles 12x300mL | 12 pack,Coca-Cola,Drinks,Soft drinks,Soft drink cans,,$11.40,,$19.00,$3.17 per 1L,7910342,"Nothing beats the taste of Coca-Cola Classic. It's the perfect companion whether you're on the go, relaxing at home, enjoying with friends or as a drink with your meal. Refresh yourself with the authentic Coke taste. Designed to go with everything, the taste of Classic Coca-Cola has remained unchanged for more than 130 years. Coca-Cola soft drink is available in cans, mini cans, single serve and sharing size bottles as well as multipacks.
Classic Coke Taste

Serve Drink Cold for Maximum Refreshment

A Quality Product of The Coca-Cola Company

12 x 300mL Multipack Bottles Soft Drink

Perfect for drinking on the go, having with a meal or relaxing with at home.",,,"Per 100g/ml
Per Serving
%DI
Energy
180
540
6
Protein
0
0
0
Total Fat
0
0
0
Saturated Fat
0
0
0
Carbohydrate
10.6
32
10
Sugars
10.6
32
35
Sodium
10
30
1
Energy (Cal)
43
129
6
* Percentage Daily Intakes are based on an average adult diet of 8700 kJ. Your daily intakes may be higher or lower depending on your energy needs.",,https://www.coles.com.au/product/coca-cola-classic-soft-drink-multipack-mini-bottles-12x300ml-12-pack-7910342,,,2024-06-16T15:25:06.129083-04:00
Ind56SColes_ADrinks_SASoft drinks_IColes Soft Drink Raspberry | 1.25L,Coles Soft Drink Raspberry | 1.25L,Coles,Drinks,Soft drinks,Soft drink bottles,,$1.20,,,$0.96 per 1L,5179283,Coles Raspberry Flavour Soft Drink. Great for Parties or just a refreshing beverage after a hard day's work,,,"Per 100g/ml
Per Serving
%DI
Energy
189kJ
472kJ
5%
Protein
0g
0g
Total Fat
0g
0g
Saturated Fat
0g
0g
Carbohydrate
11.1g
27.8g
9%
Sugars
11.1g
27.8g
31%
Sodium
10mg
25mg
1%
Dietary Fibre (total)
0g
0g
* Percentage Daily Intakes are based on an average adult diet of 8700 kJ. Your daily intakes may be higher or lower depending on your energy needs.",,https://www.coles.com.au/product/coles-soft-drink-raspberry-1.25l-5179283,,,2024-06-16T15:25:17.591810-04:00
Ind56SColes_ADrinks_SASoft drinks_IFanta Raspberry Flavoured Soft Drink Bottle12x300mL | 12 pack,Fanta Raspberry Flavoured Soft Drink Bottle12x300mL | 12 pack,Fanta,Drinks,Soft drinks,Soft drink bottles,,$11.40,,$19.00,$3.17 per 1L,5545701,"Bright, bubbly and popular, Fanta Raspberry is a sparkling soft drink with delicious raspberry flavour. Fanta Raspberry is perfect for relaxing at home, on the go or having with meals. Fanta Raspberry is available in cans, mini cans, single serve and sharing size bottles.
No Sugar

Raspberry Flavour

Made in Australia

A Quality Product of The Coca-Cola Company

Serve Drink Cold for Maximum Refreshment",,,"Per 100g/ml
Per Serving
%DI
Energy
137
412
0
Total Fat
0
0
Saturated Fat
0
0
0
Carbohydrate
7.9
24
0
Sugars
7.9
24
0
Sodium
1
3
0
Energy (Cal)
33
99
0
Dietary Fibre (total)
0
0
0
* Percentage Daily Intakes are based on an average adult diet of 8700 kJ. Your daily intakes may be higher or lower depending on your energy needs.",,https://www.coles.com.au/product/fanta-raspberry-flavoured-soft-drink-bottle12x300ml-12-pack-5545701,,,2024-06-16T15:25:29.207506-04:00
Ind56SColes_ADrinks_SASoft drinks_IBundaberg Brewed Lemon Lime Bitters 6x200mL | 6 pack,Bundaberg Brewed Lemon Lime Bitters 6x200mL | 6 pack,Bundaberg,Drinks,Soft drinks,Mixers,,$5.75,,$7.80,$4.79 per 1L,4395578,"Bundaberg Lemon, Lime & Bitters is slowly brewed over 7 days with real lemons and limes that are infused with aromatic herbs and spices. Our master Brewer's very own recipe of cinnamon quills, clove buds and gentian root is then added for a snap of bitterness that finishes the full taste.
- Australian Family Owned
- Craft brewed over 3 days
- Made in Australia",,,"Per 100g/ml
Per Serving
%DI
Energy
196kJ
392kJ
5%
Protein
<1g
<1g
0%
Total Fat
<1g
<1g
0%
Saturated Fat
<1g
<1g
0%
Carbohydrate
11.5g
23g
7%
Sugars
11.5g
23g
26%
Sodium
9mg
18mg
1%
* Percentage Daily Intakes are based on an average adult diet of 8700 kJ. Your daily intakes may be higher or lower depending on your energy needs.","Carbonated Water, Cane Sugar, Lime Juice from Concentrate (6.3%), Bitters Brew (2.4%) (Water, Cane Sugar, Tropical Spices, Gentian Root, Yeast), Lemon Juice from Concentrate (0.8%), Acid (Citric Acid), Flavours Colours (Purple Sweet Potato, Lycopene), Preservative (211).",https://www.coles.com.au/product/bundaberg-brewed-lemon-lime-bitters-6x200ml-6-pack-4395578,,,2024-06-16T15:25:40.519462-04:00
Ind56SColes_ADrinks_SASoft drinks_ICoca-Cola Diet Coke Soft Drink 24x375mL | 24 pack,Coca-Cola Diet Coke Soft Drink 24x375mL | 24 pack,Coca-Cola,Drinks,Soft drinks,Soft drink cans,,$23.10,,$38.50,$2.57 per 1L,4561203,"Diet Coke is a deliciously light, sugar free and no kilojoule soft drink. It delivers a distinct, unique and light taste. With its bubbly sparkle, 'Diet Coke' has been refreshing and delighting drinkers for decades. The perfect sparkling soft drink for enjoying on the go, having with a meal or relaxing with at home. Coca-Cola Diet soft drink is available in cans, mini cans, single serve and sharing size bottles as well as multipacks.
Distinct Diet Coke Taste

No Sugar and Low Kilojoule

A Quality Product of The Coca-Cola Company

24 x 375mL Multipack Soft Drink

Perfect for drinking on the go, having with a meal or relaxing with at home.",,,"Per 100g/ml
Per Serving
%DI
Energy
1.9
7.1
0.1
Protein
0.05
0.2
0.4
Total Fat
0
0
0
Saturated Fat
0
0
0
Carbohydrate
0.1
0.4
0.1
Sugars
0
0
0
Sodium
1
3.8
0.2
Energy (Cal)
0.5
1.7
0.1
Dietary Fibre (total)
0
0
0
* Percentage Daily Intakes are based on an average adult diet of 8700 kJ. Your daily intakes may be higher or lower depending on your energy needs.","Carbonated Water, Colour (150d), Food Acids (338, 330), Sweeteners (951, 950), Flavour, Caffeine.",https://www.coles.com.au/product/coca-cola-diet-coke-soft-drink-24x375ml-24-pack-4561203,,,2024-06-16T15:25:51.682204-04:00
Ind56SColes_ADrinks_SASoft drinks_IMountain Dew Citrus Soft Drink Bottle | 1.25L,Mountain Dew Citrus Soft Drink Bottle | 1.25L,Mountain Dew,Drinks,Soft drinks,Soft drink bottles,,$2.00,,$3.00,$1.60 per 1L,9855562,"Mountain Dew Energised soft drink is a bold and distinctly refreshing citrus flavoured soft drink that quenches your thirst with an intense refreshment hit.

With its caffeinated formula, Mountain Dew provides an energised lift when you need a pick me up at any time of day or night.



The 1.25L multi-serve pack is ideal for enjoying with family and friends on any social, entertaining occasion. Mtn Dew Energised also comes in a range of take-home multi-packs to suit all your flavoured soft drink occasions and single serve packs for those thirsty moments when you're out and about on-the-go!



Mountain Dew has a strong association with gaming and is known for its iconic, refreshing, one of a kind taste. Dew provides a bold burst of citrus refreshment for those thirsty moments in life. It's more than just a soft drink, it's an expression, an experience and all about having a damn good time, which is what the MTN DEW experience is all about.



Do the Dew!
Citrus Refreshment

One of a Kind Taste

Energised Flavour",,,"Per 100g/ml
Per Serving
%DI
Energy
197kJ
493kJ
6%
Protein
0g
0g
0%
Total Fat
0g
0g
0%
Saturated Fat
0g
0g
0%
Carbohydrate
12.3g
30.8g
10%
Sugars
12.3g
30.8g
34%
Sodium
15mg
38mg
Caffeine
15mg
38mg
* Percentage Daily Intakes are based on an average adult diet of 8700 kJ. Your daily intakes may be higher or lower depending on your energy needs.",,https://www.coles.com.au/product/mountain-dew-citrus-soft-drink-bottle-1.25l-9855562,,,2024-06-16T15:26:02.854007-04:00
Ind56SColes_ADrinks_SASoft drinks_IFanta Orange Soft Drink | 1.25L,Fanta Orange Soft Drink | 1.25L,Fanta,Drinks,Soft drinks,Soft drink bottles,,$3.85,Pick any 2 for $5.60,,$3.08 per 1L,123022,"Bright, bubbly and popular, Fanta is the orange soft drink with a tingly, fruity and bold taste. With no artificial colours, Fanta softd rink is perfect for enjoying with friends, on the go or having with meals. Fanta Orange is available in cans, mini cans, single serve and sharing size bottles as well as multipacks.
Bold fruity taste

No artificial colours

Orange flavour

Bring home flavour

Orange flavour

Made with 2% juice.",,,"Per 100g/ml
Per Serving
%DI
Energy
127
316
2
Protein
0
0
0
Total Fat
0
0
0
Saturated Fat
0
0
0
Carbohydrate
7.3
18
4
Sugars
7.2
18
13
Sodium
1.1
2.7
0.7
Energy (Cal)
30
76
2
Dietary Fibre (total)
0
0
0
* Percentage Daily Intakes are based on an average adult diet of 8700 kJ. Your daily intakes may be higher or lower depending on your energy needs.",,https://www.coles.com.au/product/fanta-orange-soft-drink-1.25l-123022,,,2024-06-16T15:26:13.798788-04:00
Ind56SColes_ADrinks_SASoft drinks_IRemedy Sodaly Lemon Lime Bitter 4x250mL | 4 pack,Remedy Sodaly Lemon Lime Bitter 4x250mL | 4 pack,Remedy,Drinks,Soft drinks,Kombucha & other drinks,,$6.00,,$8.00,$6.00 per 1L,6210141,"A classy hand-crafted take on traditional Lemon, Lime & Bitters made for good times with no sugar, for real. Fresh lemon and lime is paired with aromatic clove and cinnamon for a full flavoured and elegant soft drink. Breezy, refreshing and sophisticated, this sparky little number is perfect on its own or used as a mixer.
Sugar Free, for real
All natural
Full of Flavour
Low in Calories
Vegan friendly
Gluten Free",,,"Per 100g/ml
Per Serving
%DI
Energy
13kJ
32kJ
Protein
<1g
<1g
Total Fat
<1g
<1g
Saturated Fat
<1g
<1g
Carbohydrate
0.1g
0.3g
Sugars
0g
0g
Sodium
<5mg
<5mg
Dietary Fibre (total)
<1g
<1g
* Percentage Daily Intakes are based on an average adult diet of 8700 kJ. Your daily intakes may be higher or lower depending on your energy needs.",,https://www.coles.com.au/product/remedy-sodaly-lemon-lime-bitter-4x250ml-4-pack-6210141,,,2024-06-16T15:26:26.034799-04:00
Ind56SColes_ADrinks_SASoft drinks_IKirks Sugar Free Lemon Soft Drink 10x375mL | 10 Pack,Kirks Sugar Free Lemon Soft Drink 10x375mL | 10 Pack,Kirks,Drinks,Soft drinks,Soft drink cans,,$8.70,,$14.50,$2.32 per 1L,1181261,"This ain't just any Lemon Squash, this is Kirks, as classic as a 70s style squash racquet & a pair of tight shorts. So put yoursweat bands on and anjoy a smashing Lemon Squash. Kirks Sugar Free Lemon Squash is also available in 1.25L bottle.
- Sugar Free Lemon Squash Flavour

- No artificial colours or flavours

- Fun refreshment for any occasion

- Uniquely Australian

- 10 x 375mL Soft Drink",,,,"Carbonated Water, Food Acids (330, 331), Natural Flavour, Sweeteners (952, 950, 961), Preservative (211), Natural Colour (Carthamus Yellow)",https://www.coles.com.au/product/kirks-sugar-free-lemon-soft-drink-10x375ml-10-pack-1181261,,,2024-06-16T15:26:35.091656-04:00
Ind56SColes_ADrinks_SASoft drinks_IColes Soft Drink Lemonade | 1.25L,Coles Soft Drink Lemonade | 1.25L,Coles,Drinks,Soft drinks,Soft drink bottles,,$1.20,,,$0.96 per 1L,5179159,Coles Lemonade Flavoured drink 1. 25 Litre. No Artificial Colours & Flavours use as a mixer or refreshing beverage,,,"Per 100g/ml
Per Serving
%DI
Energy
187kJ
468kJ
5%
Protein
0g
0g
Total Fat
0g
0g
Saturated Fat
0g
0g
Carbohydrate
11g
27.5g
9%
Sugars
10.5g
26.3g
29%
Sodium
18mg
45mg
2%
Dietary Fibre (total)
0g
0g
* Percentage Daily Intakes are based on an average adult diet of 8700 kJ. Your daily intakes may be higher or lower depending on your energy needs.",,https://www.coles.com.au/product/coles-soft-drink-lemonade-1.25l-5179159,,,2024-06-16T15:26:46.154204-04:00
Ind56SColes_ADrinks_SASoft drinks_IKirks Dry Drinking Ginger Ale Soft Drink | 1.25L,Kirks Dry Drinking Ginger Ale Soft Drink | 1.25L,Kirks,Drinks,Soft drinks,Soft drink bottles,,$1.60,,$2.70,$1.28 per 1L,9641220,"This aint just any Dry Ginger Ale, this is Kirks 'Drinking' Dry Ginger Ale. It tastes so dry that we've added the word 'drinking' to the name. Anyway, if you like dry humour you don't need an explanation, because this one's made for you. Kirkds Dry Ginger Ale is also available in 10 x 375mL multipack cans.
- Dry Ginger Ale Flavour

- No artificial colours or flavours

- Fun refreshment for any occasion

- Uniquely Australian

- 1.25L Bottle Soft drink",,,,"Carbonated Water, Sugar, Flavour, Food Acid (330), Preservative (211), Colours (110, 122, 102), Sodium Chloride.",https://www.coles.com.au/product/kirks-dry-drinking-ginger-ale-soft-drink-1.25l-9641220,,,2024-06-16T15:26:55.162131-04:00
Ind56SColes_ADrinks_SASoft drinks_ISolo Zero Sugar Original Lemon Soft Drink Cans Multipack 375mL x 24 Pack | 24 pack,Solo Zero Sugar Original Lemon Soft Drink Cans Multipack 375mL x 24 Pack | 24 pack,Solo,Drinks,Soft drinks,Soft drink cans,,$34.85,Pick any 2 for $45,,$3.87 per 1L,4405387,"Solo Zero Sugar is a refreshing and thirst-quenching beverage that is perfect for those who want to stay hydrated without consuming sugar. This package has 24 bottles of 375mL Solo Zero Sugar, making it perfect for both individual and group use.

Solo Zero Sugar is made with the finest quality ingredients. The refreshing and light taste of Solo Zero Sugar is bound to leave you feeling rehydrated and revitalised after a long day.

This pack of Solo Zero Sugar 24 x 375mL is perfect for households, offices, and other venues that require a constant supply of refreshing beverages. Each bottle is resealable, ensuring that there is no wastage and that the beverage remains fresh for a longer period.

Attractive packaging and branding make Solo Zero Sugar an excellent addition to any party, picnic or other social events. The Solo Zero Sugar 24 x 375mL pack can be placed in coolers, dispensers or any other beverage containers, making it the perfect choice for any occasion.

Solo Zero Sugar 24 x 375mL is a sugar-free soft drink choice that is perfect for those who are looking for a refreshing and thirst-quenching drink. Its flavours, and lack of additives make it a safe and refreshing option. So why wait? Grab a pack of Solo Zero Sugar 24 x 375mL and refresh your senses today.
Sugar-free lemon soft drink

Made with the finest quality ingredients

Resealable bottles ensure no wastage and freshness for longer

The 24 x 375mL is excellent addition to any party, picnic or other social events

Attractive packaging and branding make it perfect for any occasion",,,"Per 100g/ml
Per Serving
%DI
Energy
7kJ
26kJ
0.30%
Protein
0g
0g
0%
Total Fat
0g
0g
0%
Saturated Fat
0g
0g
0%
Carbohydrate
0g
0g
0%
Sugars
0g
0g
0%
Sodium
17mg
64mg
3%
Dietary Fibre (total)
0g
0g
0%
* Percentage Daily Intakes are based on an average adult diet of 8700 kJ. Your daily intakes may be higher or lower depending on your energy needs.","Carbonated Water, Food Acids (330, 331), Natural Flavours, Sweeteners (950, 952, 951), Plant Extract (Carthamus), Preservative (211). CONTAINS PHENYLALANINE.",https://www.coles.com.au/product/solo-zero-sugar-original-lemon-soft-drink-cans-multipack-375ml-x-24-pack-24-pack-4405387,,,2024-06-16T15:27:06.576064-04:00
Ind56SColes_ADrinks_SASoft drinks_ICoca-Cola Zero Sugar Soft Drink Multipack Bottles 12x300mL | 12 pack,Coca-Cola Zero Sugar Soft Drink Multipack Bottles 12x300mL | 12 pack,Coca-Cola,Drinks,Soft drinks,Soft drink cans,,$11.40,,$19.00,$3.17 per 1L,1492374,"Coca-Cola Zero Sugar is a deliciously light choice for those who want the classic taste of Coke with no sugar. Whether sharing with family and friends or accompanying a meal, Coca-Cola Zero Sugar has a pack for almost any occasion. Coca-Cola Zero Sugar soft drink is available in cans, mini cans, single serve and sharing size bottles as well as multipacks.
The Coke Taste You Love with No Sugar and Low Calories

Serve Drink Cold for Maximum Refreshment

A Quality Product of The Coca-Cola Company

Perfect for drinking on the go, having with a meal or relaxing with at home.

Serve drink cold for Maximum refreshment.",,,"Per 100g/ml
Per Serving
%DI
Energy
1.2
3.6
0.1
Protein
0.02
0.07
0.1
Total Fat
0
0
0
Saturated Fat
0
0
0
Carbohydrate
0.03
0.1
0.1
Sugars
0
0
0
Sodium
4.1
12.3
0.5
Energy (Cal)
0.3
0.9
0.1
Dietary Fibre (total)
0
0
0
* Percentage Daily Intakes are based on an average adult diet of 8700 kJ. Your daily intakes may be higher or lower depending on your energy needs.",,https://www.coles.com.au/product/coca-cola-zero-sugar-soft-drink-multipack-bottles-12x300ml-12-pack-1492374,,,2024-06-16T15:27:17.683887-04:00
Ind56SColes_ADrinks_SASoft drinks_ICoca-Cola Zero Sugar Vanilla Soft Drink Multipack Cans 10x375mL | 10 pack,Coca-Cola Zero Sugar Vanilla Soft Drink Multipack Cans 10x375mL | 10 pack,Coca-Cola,Drinks,Soft drinks,Soft drink cans,,$19.00,Pick any 2 for $25,,$5.07 per 1L,3989974,"Coca-Cola Vanilla zero Sugar has the refreshing Coca-Cola taste with the sweet aroma of vanilla and zero sugar, making it a delicious twist on an old favourite. Coca-Cola Vanilla soft drink is available in multipack cans, single serve bottles and sharing size bottles. There's a pack for almost any occasion.
Classic Coke Taste with a Twist

Hint of Vanilla

No Sugar

10 x 375mL can soft drink

Perfect for drinking on the go, having with a meal or relaxing with at home.",,,"Per 100g/ml
Per Serving
%DI
Energy
1.2
4.5
0.1
Protein
0.02
0.09
0.2
Total Fat
0
0
0
Saturated Fat
0
0
0
Carbohydrate
0.03
0.1
0.1
Sugars
0
0
0
Sodium
4.1
15
0.7
Energy (Cal)
0.3
1.1
0.1
Dietary Fibre (total)
0
0
0
* Percentage Daily Intakes are based on an average adult diet of 8700 kJ. Your daily intakes may be higher or lower depending on your energy needs.",,https://www.coles.com.au/product/coca-cola-zero-sugar-vanilla-soft-drink-multipack-cans-10x375ml-10-pack-3989974,,,2024-06-16T15:27:30.951452-04:00
Ind56SColes_ADrinks_SASoft drinks_ISolo Zero Sugar Original Lemon Soft Drink Cans Multipack 375mL x 10 Pack | 10 pack,Solo Zero Sugar Original Lemon Soft Drink Cans Multipack 375mL x 10 Pack | 10 pack,Solo,Drinks,Soft drinks,Soft drink cans,,$9.00,,$18.00,$2.40 per 1L,3530827,"Solo Thirst Crusher Zero Sugar Original Lemon is a refreshing and delicious soft drink that will quench your thirst like no other. With its unique and zesty lemon flavour, this beverage is perfect for those who love a tangy and citrusy taste. Made with natural flavours and no added sugar, Solo Thirst Crusher is a great alternative to other soft drinks.

Each pack of Solo Thirst Crusher Zero Sugar Original Lemon has 10 bottles of 375mL, making it a convenient option for those who want to stock up on their favourite drink. Whether you're at home, at work, or on-the-go, you can enjoy the refreshing taste of Solo Thirst Crusher anytime, anywhere.

If you're looking for a refreshing and delicious drink that is both refreshing and convenient, Solo Thirst Crusher Zero Sugar Original Lemon is the perfect choice. With its zesty lemon flavour, natural ingredients, and no added sugar, this beverage is sure to satisfy your thirst and your taste buds. So why wait? Try Solo Thirst Crusher Zero Sugar Original Lemon today and discover a whole new level of refreshment!
Sugar-free lemon soft drink

Delicious zesty lemon flavor for invigorating thirst relief

Delicious drink that is both refreshing and convenient

Convenient packaging of 10 x 375mL bottles for on-the-go hydration

Hydrating thirst quencher for active lifestyles",,,"Per 100g/ml
Per Serving
%DI
Energy
7kJ
26kJ
0.30%
Protein
0g
0g
0%
Total Fat
0g
0g
0%
Saturated Fat
0g
0g
0%
Carbohydrate
0g
0g
0%
Sugars
0g
0g
0%
Sodium
17mg
64mg
3%
Dietary Fibre (total)
0g
0g
0%
* Percentage Daily Intakes are based on an average adult diet of 8700 kJ. Your daily intakes may be higher or lower depending on your energy needs.","Carbonated Water, Food Acids (330, 331), Natural Flavours, Sweeteners (950, 952, 951), Natural Colour (Safflower Extract), Preservative (211). PHENYLKETONURICS: CONTAINS PHENYLALANINE.",https://www.coles.com.au/product/solo-zero-sugar-original-lemon-soft-drink-cans-multipack-375ml-x-10-pack-10-pack-3530827,,,2024-06-16T15:27:41.958606-04:00
Ind56SColes_ADrinks_SASoft drinks_ISchweppes Dry Ginger Ale Soft Drink Classic Mixers Bottle | 1.1L,Schweppes Dry Ginger Ale Soft Drink Classic Mixers Bottle | 1.1L,Schweppes,Drinks,Soft drinks,Mixers,,$3.00,Pick any 2 for $3,,$2.73 per 1L,3014817,"Indulge in a one-of-a-kind taste experience with Schweppes Classic Mixers Dry Ginger Ale 1.1L. This exceptional mixer was crafted with you in mind, boasting a unique flavour that is sure to tantalise your taste buds. Whether you're pairing it with Scotch Whisky or enjoying it on its own, Schweppes Classic Mixers Dry Ginger Ale is the perfect choice.

This classic mixer combines the bold flavour of ginger with citrus oils and Indian chilli, resulting in a sweet and earthy taste that is simply irresistible. The ginger is steeped and cold pressed to ensure maximum flavour, making it a sharp and refreshing drink that is perfect for any occasion.

Schweppes Classic Mixers Dry Ginger Ale is a must-have ingredient for any cocktail enthusiast. It pairs perfectly with rum, bourbon, and whisky, making it a versatile addition to any bar. So why wait? Treat yourself to the unique and delicious taste of Schweppes Classic Mixers Dry Ginger Ale today!
Unique flavour crafted with ginger, citrus oils, and Indian chilli

Carefully steeped and cold-pressed ginger for maximum taste.

Perfectly paired with Scotch Whisky or as a standalone drink.

Excellent addition to your drinks cabinet for relaxing evenings or entertaining.

Indulge in one-of-a-kind taste experience with Schweppes Classic Mixers.",,,"Per 100g/ml
Per Serving
%DI
Energy
134kJ
335kJ
Protein
0g
0g
Total Fat
0g
0g
Saturated Fat
0g
0g
Carbohydrate
7.6g
19.0g
Sugars
7.6g
19.0g
Sodium
10mg
25mg
* Percentage Daily Intakes are based on an average adult diet of 8700 kJ. Your daily intakes may be higher or lower depending on your energy needs.","Carbonated Water, Sugar, Natural Flavour (With Ginger Extracts, Citrus Oils, Chilli Extract), Food Acids (330, 331), Colour (150d), Preservative (211).",https://www.coles.com.au/product/schweppes-dry-ginger-ale-soft-drink-classic-mixers-bottle-1.1l-3014817,,,2024-06-16T15:27:53.188477-04:00
Ind56SColes_ADrinks_SASoft drinks_IWimmers Raspberry Lemonade | 1.25L,Wimmers Raspberry Lemonade | 1.25L,Wimmers,Drinks,Soft drinks,Soft drink bottles,,$2.20,,,$1.76 per 1L,6379426,"Wet your whistle with Wimmers. Wimmers is known for its wide range of refreshing flavours. Our soft drinks have been in Australia's fridges since 1910, making us one of the nation's oldest manufacturers.",,,,,https://www.coles.com.au/product/wimmers-raspberry-lemonade-1.25l-6379426,,,2024-06-16T15:28:02.306104-04:00
Ind56SColes_ADrinks_SAContinental_IContinental Chow Mein Mince Recipe Base Serves 4 | 30g,Continental Chow Mein Mince Recipe Base Serves 4 | 30g,Continental,Drinks,Continental,"Soup, Rice & Pasta",,$1.80,,,$6.00 per 100g,9474999,"Are you searching for a speedy, effortless and satisfying dinner classic? Look no further than Continental Classics Chow Mein Mince Recipe Base! This delectable recipe base is guaranteed to please a crowd. Combine it with beef mince, rice, carrots and cabbage for a convenient and easy meal any night of the week.

At Continental, we take pride in using only real ingredients in our recipe bases. We believe in good, nutritious, flavourful food that brings back memories of authentic home cooking. Continental is committed to consistently delivering flavourful, convenient and quality products. We know how much Aussies value delicious, nutritious food as well as authentic home cooking, so we go to extraordinary lengths to be your ally in the kitchen - providing guaranteed taste and making meals irresistibly tasty. Our Chow Mein Mince seasoning mix contains no artificial colours, flavours or added MSG - so you can feel good about what you're feeding your family.

Visit our website for recipe inspirations and a wide range of instant sauces, including shepherd's pie, curried sausages, Spaghetti Bolognese, beef stroganoff, chicken curry, beef stew, chicken risotto, Swedish meatballs, chicken korma and many more. With Continental, you can create delicious meals that your whole family will love without spending hours in the kitchen.
With just a few simple steps, whip up a delectable mid-week dinner that will delight the entire family, courtesy of Continental Classics Chow Mein Mince Recipe Base

All you need for this recipe base is beef mince, carrots, cabbage and rice to serve to create this delicious dish the whole family will enjoy

A quick and easy meal that you can have on the table in less than 30 minutes

This seasoning mix is free from any artificial colours, flavours or added MSG

At Continental, we go to extraordinary lengths in pursuit of great flavour to ensure a great-tasting meal every time

Our Chow Mein Mince recipe base is the perfect starter for a hearty dinner classic that's irresistibly tasty.",,,,"Soy sauce powder (contains wheat), maltodextrin, natural flavours, onion powder, sugar, yeast extract, spices (curry powder, turmeric), salt, vegetable oil, mineral salt (potassium chloride), food acid (citric). Contains: soy, wheat, gluten. May contain: milk, peanuts, tree nuts, egg, sesame, fish, crustacean, lupin.",https://www.coles.com.au/product/continental-chow-mein-mince-recipe-base-serves-4-30g-9474999,,,2024-06-16T15:28:11.640666-04:00
Ind56SColes_ADrinks_SASoft drinks_IKirks Drink Sugar Free Lemonade 10x375mL | 10 Pack,Kirks Drink Sugar Free Lemonade 10x375mL | 10 Pack,Kirks,Drinks,Soft drinks,Soft drink cans,,$8.70,,$14.50,$2.32 per 1L,8492689,"This isn't just any lemonade, this is Kirks! As classic as your favourite pair of thongs. So slip 'em on and enjoy Kirks Lemonade. Kirks Sugar Free Lemonade is also available in 1.25L bottle.
- Sugar Free Diet Lemonade Flavour

- No artificial colours or flavours

- Fun refreshment for any occasion

- Uniquely Australian

- 10 x 375mL Soft Drink",,,,"Carbonated Water, Food Acids (330, 331), Natural Flavour, Sweeteners (952, 950, 961), Preservative (211)",https://www.coles.com.au/product/kirks-drink-sugar-free-lemonade-10x375ml-10-pack-8492689,,,2024-06-16T15:28:20.728683-04:00
Ind56SColes_ADrinks_SASoft drinks_IBundaberg Brewed Drink Ginger Beer Diet 4x375mL | 4 pack,Bundaberg Brewed Drink Ginger Beer Diet 4x375mL | 4 pack,Bundaberg,Drinks,Soft drinks,Mixers,,$7.45,,,$4.97 per 1L,2481307,"Craft brewed over 3 days just like the original, Bundaberg Diet Ginger Beer contains less sugar and almost twice the ginger! Great for those looking for full flavour with less calories.
Hold a bottle up to the light and you'll see real ginger pieces suspended throughout. Be sure to invert the bottle before opening to enjoy the full refreshing flavour.
Real Aussie Ginger
Brewed over 3 days
Australian family owned
Best enjoyed cold",,,"Per 100g/ml
Per Serving
%DI
Energy
34kJ
128kJ
1%
Protein
<1g
<1g
0%
Total Fat
<1g
<1g
0%
Saturated Fat
<1g
<1g
0%
Carbohydrate
1.7g
6.4g
2%
Sugars
1.2g
4.5g
5%
Sodium
11mg
42mg
2%
* Percentage Daily Intakes are based on an average adult diet of 8700 kJ. Your daily intakes may be higher or lower depending on your energy needs.",,https://www.coles.com.au/product/bundaberg-brewed-drink-ginger-beer-diet-4x375ml-4-pack-2481307,,,2024-06-16T15:28:31.600618-04:00
Ind56SColes_ADrinks_SASoft drinks_IBundaberg Craft Brewed Drink Traditional Lemonade 4x375mL | 4 pack,Bundaberg Craft Brewed Drink Traditional Lemonade 4x375mL | 4 pack,Bundaberg,Drinks,Soft drinks,Mixers,,$7.45,,,$4.97 per 1L,2027416,The zesty taste of yesteryear is captured in Bundaberg Traditional Lemonade. Brewed over 3 days using Aussie Eureka Lemons. Be sure to invert the bottle before drinking for the best flavour experience. - Real Australian Lemons - Brewed over 3 days - Australian family owned - Best enjoyed cold,,,"Per 100g/ml
Per Serving
%DI
Energy
196kJ
733kJ
8%
Protein
<1g
<1g
Total Fat
<1g
<1g
Saturated Fat
<1g
<1g
Carbohydrate
11.5g
43.1g
14%
Sugars
11.5g
43.1g
48%
Sodium
14mg
52mg
2%
* Percentage Daily Intakes are based on an average adult diet of 8700 kJ. Your daily intakes may be higher or lower depending on your energy needs.",,https://www.coles.com.au/product/bundaberg-craft-brewed-drink-traditional-lemonade-4x375ml-4-pack-2027416,,,2024-06-16T15:28:42.736029-04:00
Ind56SColes_ADrinks_SASoft drinks_ILo Bros Kombucha Raspberry Blackcurrent 4x250mL | 4 pack,Lo Bros Kombucha Raspberry Blackcurrent 4x250mL | 4 pack,Lo Bros,Drinks,Soft drinks,Kombucha & other drinks,,$8.90,,,$8.90 per 1L,7036323,"Flavours of ripened raspberries combined with the sweetness of blackcurrants make this the most brilliantly refreshing combo that literally can't get any better.
It's time to rethink your drink! Lo Bros brews better-for-you drinks using a little process we like to call the Cycle of Doin' Good. It kicks off with old-school fermentation and know-how using the best organic ingredients, then transforms those bad old sugars into tasty drinks and positive change.
Naturally low in sugar, bubbling with millions of living cultures, bursting with refreshing feel good flavour & giving the planet a helping hand too.",,,"Per 100g/ml
Per Serving
%DI
Energy
<40kJ
<40kJ
Protein
<1g
<1g
Total Fat
<1g
<1g
Saturated Fat
<1g
<1g
Carbohydrate
0.3g
0.8g
Sugars
0.3g
0.8g
Sodium
<5mg
<5mg
Dietary Fibre (total)
<1g
<1g
* Percentage Daily Intakes are based on an average adult diet of 8700 kJ. Your daily intakes may be higher or lower depending on your energy needs.",,https://www.coles.com.au/product/lo-bros-kombucha-raspberry-blackcurrent-4x250ml-4-pack-7036323,,,2024-06-16T15:28:54.074261-04:00
Ind56SColes_ADrinks_SASoft drinks_ISchweppes Zero Sugar Classic Mixers Indian Tonic Water Bottle | 1.1L,Schweppes Zero Sugar Classic Mixers Indian Tonic Water Bottle | 1.1L,Schweppes,Drinks,Soft drinks,Mixers,,$3.00,Pick any 2 for $3,,$2.73 per 1L,3014828,"Looking for a refreshing and low-calorie tonic water that's perfect for mixing? Look no further than Schweppes Classic Mixers Indian Tonic Water Zero Sugar 1.1L! This zero sugar version of the classic Indian Tonic Water brings the same citrusy blend of flavours with a bitter finish that's perfect as a mixer.

Crafted with natural oils of lemons and oranges, this light and refreshing tonic water beautifully pairs citrus flavours with quinine. And with its low calorie count, it's just as enjoyable on its own as it is mixed into gin or vodka to suit your taste.

So whether you're looking to mix up a classic G&T or simply enjoy a refreshing drink on its own, Schweppes Classic Mixers Indian Tonic Water Zero Sugar 1.1L is the perfect choice. Order now and experience the delicious taste and refreshing flavour of this classic mixer!
Zero sugar version of classic Indian Tonic Water

Crafted with natural oils of lemons and oranges

Low calorie count, perfect for mixing or enjoying alone

Citrusy blend of flavors with a bitter finish

Ideal mixer for classic G&T and other cocktails",,,"Per 100g/ml
Per Serving
%DI
Energy
7kJ
18kJ
Protein
0g
0g
Total Fat
0g
0g
Saturated Fat
0g
0g
Carbohydrate
0g
0g
Sugars
0g
0g
Sodium
20mg
50mg
Dietary Fibre (total)
0g
0g
* Percentage Daily Intakes are based on an average adult diet of 8700 kJ. Your daily intakes may be higher or lower depending on your energy needs.",,https://www.coles.com.au/product/schweppes-zero-sugar-classic-mixers-indian-tonic-water-bottle-1.1l-3014828,,,2024-06-16T15:29:05.311344-04:00
Ind56SColes_ADrinks_SASoft drinks_IMountain Dew Energised Soft Drink Multipack Cans 375mL x 24 Pack | 24 pack,Mountain Dew Energised Soft Drink Multipack Cans 375mL x 24 Pack | 24 pack,Mountain Dew,Drinks,Soft drinks,Soft drink cans,,$34.85,Pick any 2 for $45,,$3.87 per 1L,3613108,"Mountain Dew Energised soft drink is a bold and distinctly refreshing citrus flavoured drink that quenches your thirst with an intense refreshment hit.


With its caffeinated formula, Mountain Dew provides an energised lift when you need a pick me up at any time of day or night.



The 24-can pack is ideal for quickly stocking the fridge at home, taking to parties or enjoying with family or friends on any occasion. The single serve cans are perfect for those thirsty moments when you're out and about, on-the-go! It is also available in a take-home 1.25L multi-serve pack to suit all your flavoured soft drink occasions.



Mountain Dew has a strong association with gaming and is known for its iconic, refreshing, one of a kind taste. Dew provides a bold burst of citrus refreshment for those thirsty moments in life. It's more than just a soft drink, it's an expression, an experience and all about having a damn good time, which is what the MTN DEW experience is all about.



Do the Dew!
Citrus Refreshment

One of a Kind Taste

Easy-Carry 24 Pack

Energised Flavour",,,"Per 100g/ml
Per Serving
%DI
Energy
197kJ
739kJ
8%
Protein
0g
0g
0%
Total Fat
0g
0g
0%
Saturated Fat
0g
0g
0%
Carbohydrate
12.3g
46.1g
15%
Sugars
12.3g
46.1g
51%
Sodium
15mg
56mg
2%
Caffeine
15mg
56mg
* Percentage Daily Intakes are based on an average adult diet of 8700 kJ. Your daily intakes may be higher or lower depending on your energy needs.",,https://www.coles.com.au/product/mountain-dew-energised-soft-drink-multipack-cans-375ml-x-24-pack-24-pack-3613108,,,2024-06-16T15:29:16.692818-04:00
Ind56SColes_ADrinks_SASoft drinks_ICoca-Cola Vanilla Soft Drink Multipack Cans 10x375mL | 10 pack,Coca-Cola Vanilla Soft Drink Multipack Cans 10x375mL | 10 pack,Coca-Cola,Drinks,Soft drinks,Soft drink cans,,$19.00,Pick any 2 for $25,,$5.07 per 1L,1849293,"Coca-Cola Vanilla has the refreshing Coca-Cola Classic taste with the sweet aroma of vanilla, making it a delicious twist on an old favourite. Coca-Cola Vanilla soft drink is available in multipack cans, single serve bottles and sharing size bottles. There's a pack for almost any occasion.
A refreshing Coca-Cola taste with a hint of vanilla

Hint of Vanilla

A Quality Product of The Coca-Cola Company

10 x 375mL Multipack Soft Drink

Perfect for drinking on the go, having with a meal or relaxing with at home.",,,"Per 100g/ml
Per Serving
%DI
Energy
185
694
8
Protein
0
0
0
Total Fat
0
0
0
Saturated Fat
0
0
0
Carbohydrate
11
41
13
Sugars
10.9
41
45
Sodium
10
38
2
Energy (Cal)
44
165
8
* Percentage Daily Intakes are based on an average adult diet of 8700 kJ. Your daily intakes may be higher or lower depending on your energy needs.",,https://www.coles.com.au/product/coca-cola-vanilla-soft-drink-multipack-cans-10x375ml-10-pack-1849293,,,2024-06-16T15:29:27.869604-04:00
Ind56SColes_ADrinks_SASoft drinks_ISchweppes Lemonade Soft Drink Cans Multipack 375mL x 10 Pack | 10 pack,Schweppes Lemonade Soft Drink Cans Multipack 375mL x 10 Pack | 10 pack,Schweppes,Drinks,Soft drinks,Soft drink cans,,$9.00,,$18.00,$2.40 per 1L,2684155,"Refreshment has never been easier to come by with the Schweppes Lemonade 10 pack 375mL. Schweppes, the iconic brand that has been around for generations, presents this lemonade that will leave you coming back for more. This drink delivers a crisp and clean taste that is simply refreshing, making it the perfect thirst quencher for a hot day, an evening in with friends, or even for parties.

Crafted by Schweppes' Master Blenders, the Schweppes Lemonade 10 pack 375mL boasts a harmonious blend of lemon and lime oils. The zesty, crisp taste is a delightful experience for your senses, making it a must-have for an afternoon pick-me-up or as part of a recipe while entertaining guests.

Perfectly handcrafted, this iconic drink is a staple bonding item for families and friends, bringing people together over sweet and tangy flavours. You may choose to enjoy the Schweppes Lemonade 10 pack 375mL chilled by itself or mix it into your favourite cocktail to uncover new flavour combinations and possibilities. Its versatility is limited only by your imagination!

With the Schweppes Lemonade 10 pack 375mL, you'll enjoy a highly refreshing beverage that has stood the test of time. It comes in a pack of 10, convenient to stock up for future occasions. Whether you're hosting cookouts, picnics, or indoor parties, you'll have all that you need to keep the festivities going with this exquisite drink.

With crisp and clean taste, the Schweppes Lemonade 10 pack 375mL is your ultimate thirst-quencher, a rich source of refreshment, and the best way to indulge in the most iconic taste that generations of families have come to love. So why wait any longer? Get your hands on the Schweppes Lemonade 10 pack 375mL and share the joy of this iconic drink with your loved ones today!
Schweppes Lemonade 10 pack 375mL

the ultimate thirst-quencher!

A harmonious blend of lemon and lime oils for a zesty, crisp taste.

Perfect for bonding with family and friends over sweet and tangy flavours.

Comes in a pack of 10",,,"Per 100g/ml
Per Serving
%DI
Energy
143kJ
536kJ
Protein
0g
0g
Total Fat
0g
0g
Saturated Fat
0g
0g
Carbohydrate
8.2g
30.8g
Sugars
8.2g
30.8g
Sodium
10mg
38mg
* Percentage Daily Intakes are based on an average adult diet of 8700 kJ. Your daily intakes may be higher or lower depending on your energy needs.",,https://www.coles.com.au/product/schweppes-lemonade-soft-drink-cans-multipack-375ml-x-10-pack-10-pack-2684155,,,2024-06-16T15:29:39.462597-04:00
Ind56SColes_ADrinks_SASoft drinks_IKirks Pasito Passionfruit Soft Drink 10x375mL | 10 Pack,Kirks Pasito Passionfruit Soft Drink 10x375mL | 10 Pack,Kirks,Drinks,Soft drinks,Soft drink cans,,$8.70,,$14.50,$2.32 per 1L,9125209,"This aint just any passionfruit flavoured drink, this is Kirks 'Pasito'. It's as classic as Aunty Dawn's pavlova, served with passionfruit of course. So we hope you enjoy the 'Passionfruiti-ness'. Kirks Pasito is also available in 1.25L bottle.
- Passionfruit Flavour
- No artificial colours or flavours
- Fun refreshment for any occasion
- Uniquely Australian
- 10 x 375mL Soft Drink",,,"Per 100g/ml
Per Serving
%DI
Energy
183kJ
688kJ
8%
Protein
Less than 0.1g
Less than 0.1g
0.10%
Total Fat
Less than 0.1g
Less than 0.1g
0.10%
Saturated Fat
Less than 0.1g
Less than 0.1g
0.10%
Carbohydrate
10.6g
40g
13%
Sugars
10.6g
40g
44%
Sodium
5.5mg
21mg
0.90%
Energy (Cal)
44Cal
164Cal
8%
* Percentage Daily Intakes are based on an average adult diet of 8700 kJ. Your daily intakes may be higher or lower depending on your energy needs.",,https://www.coles.com.au/product/kirks-pasito-passionfruit-soft-drink-10x375ml-10-pack-9125209,,,2024-06-16T15:29:50.524156-04:00
Ind56SColes_ADrinks_SASoft drinks_INexba Mixed Berry Kombucha Drink | 1L,Nexba Mixed Berry Kombucha Drink | 1L,Nexba,Drinks,Soft drinks,Kombucha & other drinks,,$3.30,,$6.60,$3.30 per 1L,3719302,"Stuff in the bottle: Purified sparkling water, naturally fermented kombucha (purified water, oolong tea, sugarÂ°, kombucha cultures). Nexba Natural Sweetener Blend (erythritol*, stevia), food acids (citric acid), natural flavours, probiotic culture (bacillus coagulans).
Â°Sugar has been fully consumed during the extended fermentation process to produce the kombucha.
*Erythritol is naturally produced by fermentation of starches in fruits and vegetables.
*Bacillus coagulans per bottle
Good gut feels
We've spent years innovating to formulate a unique strain of smart & robust probiotic that survives the journey to your gut! These little beauties work hard to promote good gut health.
Our delicious and 100% natural kombucha is brewed over 40 days with real...
Oolong tea leaves & living scoby",,,"Per 100g/ml
Per Serving
%DI
Energy
8kJ
20kJ
Protein
0g
0g
Total Fat
0g
0g
Saturated Fat
0g
0g
Carbohydrate
0g
0.2g
Sugars
0g
0g
Sodium
<1mg
<1mg
* Percentage Daily Intakes are based on an average adult diet of 8700 kJ. Your daily intakes may be higher or lower depending on your energy needs.",,https://www.coles.com.au/product/nexba-mixed-berry-kombucha-drink-1l-3719302,,,2024-06-16T15:30:01.708701-04:00
Ind56SColes_ADrinks_SASoft drinks_IKirks Lemon Squash Soft Drink 10x375mL | 10 Pack,Kirks Lemon Squash Soft Drink 10x375mL | 10 Pack,Kirks,Drinks,Soft drinks,Soft drink cans,,$8.70,,$14.50,$2.32 per 1L,9125050,"This ain't just any Lemon Squash, this is Kirks, as classic as a 70s style squash racquet & a pair of tight shorts. So put your sweat bands on and anjoy a smashing Lemon Squash. Kirks Lemon Squash is also available in 1.25L bottle.
Lemon Squash Flavour

No artificial colours or flavours

Fun refreshment for any occasion

Uniquely Australian

10 x 375mL Soft Drink",,,,"Carbonated Water, Sucrose, Lemon Juice from Concentrate (5%), Natural Flavour, Preservative (211), Natural Colour (Carthamus Yellow), Food Acid (331)",https://www.coles.com.au/product/kirks-lemon-squash-soft-drink-10x375ml-10-pack-9125050,,,2024-06-16T15:30:10.755534-04:00
Ind56SColes_ADrinks_SASoft drinks_IFever-Tree Premium Mixers Indian Tonic Water 4x200mL | 4 pack,Fever-Tree Premium Mixers Indian Tonic Water 4x200mL | 4 pack,Fever-Tree,Drinks,Soft drinks,Mixers,,$9.00,,,$11.25 per 1L,3048772,"Made from only the best naturally sourced ingredients, and no artificial sweeteners, crafted to enhance the very best gins, vodkas and fortified wines, like vermouth, fino sherry and white port.
No. 1 Best Selling & Top Trending Mixer for 10 years running as voted by Drinks International

No artificial colours or flavours.",,,"Per 100g/ml
Per Serving
%DI
Energy
126
252
Protein
0
0
Total Fat
0
0
Saturated Fat
0
0
Carbohydrate
7.4g
14.8g
Sugars
7.4g
14.8g
Sodium
7mg
14mg
Monounsaturated
0
0
Energy (Cal)
30
60
Dietary Fibre (total)
0
0
Polyunsaturated
0
0
Trans
0
0
* Percentage Daily Intakes are based on an average adult diet of 8700 kJ. Your daily intakes may be higher or lower depending on your energy needs.",,https://www.coles.com.au/product/fever-tree-premium-mixers-indian-tonic-water-4x200ml-4-pack-3048772,,,2024-06-16T15:30:22.726561-04:00
Ind56SColes_ADrinks_SASoft drinks_ISchweppes Lemonade Soft Drink Cans Multipack 375mL x 30 Pack | 30 pack,Schweppes Lemonade Soft Drink Cans Multipack 375mL x 30 Pack | 30 pack,Schweppes,Drinks,Soft drinks,Soft drink cans,,$26.00,,,$2.31 per 1L,7837388,"Looking for a refreshing drink that delivers a crisp, clean taste? Look no further than Schweppes Lemonade! This beloved beverage has been a favorite among generations, thanks to its harmonious blend of lemon and lime oils that deliver a zesty, crisp taste that truly delights the senses.

Crafted by Schweppes' Master Blenders, this iconic drink is the perfect choice for sharing with friends and family. And with 30 x 375mL bottles per case, you'll have plenty to go around. Whether you enjoy it chilled on its own or mixed into your favorite cocktail, Schweppes Lemonade is the ultimate thirst-quencher.

What sets Schweppes Lemonade apart from other drinks is its commitment to quality. Each bottle is carefully crafted to deliver a consistent flavor that's sure to satisfy. And with its bold and refreshing taste, it's the perfect choice for those hot summer days or anytime you need a little pick-me-up.

So why not stock up on Schweppes Lemonade today? With its delicious taste and refreshing properties, it's the perfect addition to any gathering or occasion. Order now and experience the crisp, clean taste of Schweppes Lemonade for yourself!
The harmonious blend of lemon and lime oils deliver a zesty, crisp taste.

Crafted by Schweppes' Master Blenders with a commitment to quality.

Perfect for sharing with friends and family with 30 bottles.

Refreshing thirst-quencher perfect for hot summer days or pick-me-ups.

Stock up now and experience the delicious, crisp taste for yourself.",,,"Per 100g/ml
Per Serving
%DI
Energy
143kJ
536kJ
Protein
0g
0g
Total Fat
0g
0g
Saturated Fat
0g
0g
Carbohydrate
8.2g
30.8g
Sugars
8.2g
30.8g
Sodium
10mg
38mg
* Percentage Daily Intakes are based on an average adult diet of 8700 kJ. Your daily intakes may be higher or lower depending on your energy needs.",,https://www.coles.com.au/product/schweppes-lemonade-soft-drink-cans-multipack-375ml-x-30-pack-30-pack-7837388,,,2024-06-16T15:30:35.546900-04:00
Ind56SColes_ADrinks_SASoft drinks_ISchweppes Traditional Raspberry Soft Drink Bottle | 1.1L,Schweppes Traditional Raspberry Soft Drink Bottle | 1.1L,Schweppes,Drinks,Soft drinks,Soft drink bottles,,$3.00,Pick any 2 for $3,,$2.73 per 1L,3270216,"Indulge in the tantalizing taste of the Schweppes Traditionals Raspberry! This iconic drink boasts a bold and striking red hue that's sure to draw attention. And with its equally bold and flavourful raspberry taste, it's no wonder why it's one of our most popular drinks!

Effervescence meets sweetness in this delightful fizzy drink, making it an absolute treat for your taste buds. Its vibrant colours make it the perfect drink to add some excitement to your summer. You can enjoy it on its own or add it to your favourite cocktail as a mixer for an extra burst of raspberry flavour.

The Schweppes Traditionals Raspberry comes in a 1.1L bottle, perfect to serve at parties or to enjoy with friends or family. This drink is perfect for any occasion, whether you want to cool down on a hot day or make a refreshing cocktail.

What's not to love about the Schweppes Traditionals Raspberry? It's a classic drink that packs a punch - bold in both appearance and flavour. Plus, with over 800 characters of mouth-watering description, what more do you need to know? Treat yourself to a Schweppes Traditionals Raspberry today - you won't be disappointed!
Refreshing thirst quencher.

Sweet raspberry taste is a fan favourite.

Perfect for refreshing cocktails or standalone drinks.

Suitable for sharing with family and friends.

Classic and bold flavour.",,,"Per 100g/ml
Per Serving
%DI
Energy
149kJ
373kJ
Protein
0g
0g
Total Fat
0g
0g
Saturated Fat
0g
0g
Carbohydrate
8.6g
21.5g
Sugars
8.6g
21.5g
Sodium
10mg
25mg
* Percentage Daily Intakes are based on an average adult diet of 8700 kJ. Your daily intakes may be higher or lower depending on your energy needs.","Carbonated Water, Sugar, Food Acids (330, 260, 331), Flavour, Preservative (211), Colour (123).",https://www.coles.com.au/product/schweppes-traditional-raspberry-soft-drink-bottle-1.1l-3270216,,,2024-06-16T15:30:46.736209-04:00
Ind56SColes_ADrinks_SASoft drinks_ISprite Lemonade Soft Drink 10x375mL | 10 pack,Sprite Lemonade Soft Drink 10x375mL | 10 pack,Sprite,Drinks,Soft drinks,Soft drink cans,,$19.00,Pick any 2 for $25,,$5.07 per 1L,1849329,"With its clean, crisp, lemon-lime taste, Sprite is a lemonade soft drink with a hit of refreshment. Perfect with meals, as a mixer, on the go or relaxing at home. Sprite soft drink has natural flavours. Sprite is available in cans, mini cans, single serve and sharing size bottles as well as multipacks.
Hit of refreshment

Lemon-lime flavour

Natural flavour

Great with meals

10 x 375 multipack

Natural flavour.",,,"Per 100g/ml
Per Serving
%DI
Energy
120
451
5
Protein
0.01
0.02
0.1
Total Fat
0
0
0
Saturated Fat
0
0
0
Carbohydrate
6.9
26
8
Sugars
6.9
26
29
Sodium
6.8
25
1
Energy (Cal)
29
108
5
Dietary Fibre (total)
0
0
0
* Percentage Daily Intakes are based on an average adult diet of 8700 kJ. Your daily intakes may be higher or lower depending on your energy needs.",,https://www.coles.com.au/product/sprite-lemonade-soft-drink-10x375ml-10-pack-1849329,,,2024-06-16T15:30:57.770379-04:00
Ind56SColes_ADrinks_SASoft drinks_ISolo Thirst Crusher Original Lemon Soft Drink Cans Multipack 375mL x 10 Pack | 10 pack,Solo Thirst Crusher Original Lemon Soft Drink Cans Multipack 375mL x 10 Pack | 10 pack,Solo,Drinks,Soft drinks,Soft drink cans,,$9.00,,$18.00,$2.40 per 1L,2684144,"Introducing Solo Thirst Crusher Original Lemon, the perfect thirst-quenching drink that is sure to satisfy your taste buds. Made with 5% crushed lemons to ensure that every sip is packed with a deliciously tangy lemon flavour that is simply irresistible.

Ideal for those hot, summer days when you need to cool down, Solo Thirst Crusher Original Lemon is available in a convenient 10 x 375mL pack, making it perfect for sharing with family and friends. Whether you are enjoying a picnic in the park, heading to the beach, or simply relaxing at home, Solo Thirst Crusher Original Lemon is the perfect drink to keep you hydrated and refreshed.

And, if you're looking for a drink that is both delicious and refreshing, Solo Thirst Crusher Original Lemon is the way to go.

So why wait? Order your pack of Solo Thirst Crusher Original Lemon today and experience the deliciously refreshing taste of natural lemons in every sip. With its fantastic taste, Solo Thirst Crusher Original Lemon is the perfect drink for anyone who wants to stay fresh and hydrated throughout the day.
Made with 5% crushed lemons for tangy flavour

Free from artificial colours and flavours for a healthier choice

Convenient 10 x 375mL pack for sharing with family and friends

Ultimate thirst crusher for those hot summer days

Deliciously refreshing taste of natural lemons in every sip",,,"Per 100g/ml
Per Serving
%DI
Energy
200kJ
750kJ
9%
Protein
0.05g
0.2g
0.40%
Total Fat
0g
0g
0%
Saturated Fat
0g
0g
0%
Carbohydrate
11.5g
43.1g
14%
Sugars
11.5g
43.1g
48%
Sodium
18mg
68mg
3%
* Percentage Daily Intakes are based on an average adult diet of 8700 kJ. Your daily intakes may be higher or lower depending on your energy needs.",,https://www.coles.com.au/product/solo-thirst-crusher-original-lemon-soft-drink-cans-multipack-375ml-x-10-pack-10-pack-2684144,,,2024-06-16T15:31:09.392576-04:00
Ind56SColes_ADrinks_SASoft drinks_ISchweppes Dry Ginger Ale Soft Drink Bottle Mixers Multipack 300mL x 4 Pack | 4 pack,Schweppes Dry Ginger Ale Soft Drink Bottle Mixers Multipack 300mL x 4 Pack | 4 pack,Schweppes,Drinks,Soft drinks,Mixers,,$7.40,,,$6.17 per 1L,7364650,"Indulge in a truly unique taste experience with Schweppes Classic Mixers Dry Ginger Ale, specially crafted for you. Immerse yourself in the sweet and earthy flavours created with a blend of ginger, citrus oils and Indian chili - each sip truly packs a punch.

Our ginger is carefully steeped and cold-pressed to ensure maximum taste, guaranteeing a crisp, sharp and refreshing beverage every time. Perfectly paired with Scotch Whisky, you can also enjoy this classic mixer as a standalone drink.

Whether you're looking to enjoy a relaxing evening at home or unwind with friends, Schweppes Classic Mixers Dry Ginger Ale is an excellent addition to your drinks cabinet. This pack includes 4 x 300mL bottles, making it perfect for sharing. Elevate your cocktails with rum, bourbon or whisky - this classic mixer is sure to impress your guests. Order now and experience the ultimate blend of flavours with Schweppes Classic Mixers Dry Ginger Ale.
Unique flavour crafted with ginger, citrus oils, and Indian chilli

Carefully steeped and cold-pressed ginger for maximum taste.

Perfectly paired with Scotch Whisky or as a standalone drink.

Excellent addition to your drinks cabinet for relaxing evenings or entertaining.

Elevate your cocktails with rum, bourbon or whisky for impressive drinks.",,,"Per 100g/ml
Per Serving
%DI
Energy
134kJ
402kJ
Protein
0g
0g
Total Fat
0g
0g
Saturated Fat
0g
0g
Carbohydrate
7.6g
22.8g
Sugars
7.6g
22.8g
Sodium
10mg
30mg
* Percentage Daily Intakes are based on an average adult diet of 8700 kJ. Your daily intakes may be higher or lower depending on your energy needs.",,https://www.coles.com.au/product/schweppes-dry-ginger-ale-soft-drink-bottle-mixers-multipack-300ml-x-4-pack-4-pack-7364650,,,2024-06-16T15:31:20.476357-04:00
Ind56SColes_ADrinks_SA_IPepsi Cola Soft Drink Cans Multipack 375mL x 30 Pack | 30 pack,Pepsi Cola Soft Drink Cans Multipack 375mL x 30 Pack | 30 pack,Pepsi,Drinks,,,,$26.00,,,$2.31 per 1L,7837424,"The smooth taste of Pepsi cola offers a deliciously refreshing and thirst-quenching soft drink that can be enjoyed anytime. Our classic and bold cola soft drink is best enjoyed chilled or poured over ice.

If you are thinking about reducing your sugar intake then try Pepsi Max, a bold cola taste with no sugar and no taste compromise that offers mouth-watering refreshment.

Equally if you are looking for something a bit different then try one of our deliciously refreshing Pepsi Max No Sugar Flavours; Vanilla, Mango or Creaming Soda.

The 30 x Pepsi can pack is an ideal pack for enjoying at home and sharing with family or friends.

Pepsi soft drink is available in a range of other take-home pack sizes such as; mini cans for portion control and multi-serve bottles to suit all your cola drinking occasions.
Signature Pepsi cola taste

Bold & refreshing

Ideal for Sharing",,,"Per 100g/ml
Per Serving
%DI
Energy
185kJ
694kJ
8%
Protein
0g
0g
0%
Total Fat
0g
0g
0%
Saturated Fat
0g
0g
0%
Carbohydrate
10.9g
40.9g
13%
Sugars
10.9g
40.9g
45%
Sodium
12mg
45mg
2%
* Percentage Daily Intakes are based on an average adult diet of 8700 kJ. Your daily intakes may be higher or lower depending on your energy needs.",,https://www.coles.com.au/product/pepsi-cola-soft-drink-cans-multipack-375ml-x-30-pack-30-pack-7837424,,,2024-06-16T15:31:31.609869-04:00
Ind56SColes_ADrinks_SASoft drinks_ISolo Soft Drink Mango Zero 10x375mL | 10 pack,Solo Soft Drink Mango Zero 10x375mL | 10 pack,Solo,Drinks,Soft drinks,Soft drink cans,,$9.00,,$18.00,$2.40 per 1L,7714322,"Refresh with The Original Thirst Crusher Lemon taste that you know and love, with a twist of Mango Flavour! This 10 pack is perfect for those sharing occasions with friends and family.
Original Lemon Taste with Mango Flavour

Zero Sugar

No artifical colours and flavours

In a 10 pack to share with friends and family

SOLO the #1 Lemon Soft drink in Australia",,,"Per 100g/ml
Per Serving
%DI
Energy
11kJ
41kJ
Protein
0g
0g
Total Fat
0g
0g
Saturated Fat
0g
0g
Carbohydrate
0g
0g
Sugars
0g
0g
Sodium
24mg
90mg
Dietary Fibre (total)
0g
0g
* Percentage Daily Intakes are based on an average adult diet of 8700 kJ. Your daily intakes may be higher or lower depending on your energy needs.",,https://www.coles.com.au/product/solo-soft-drink-mango-zero-10x375ml-10-pack-7714322,,,2024-06-16T15:31:43.223508-04:00
Ind56SColes_ADrinks_SASoft drinks_IWaterfords Sparkling Lite & Fruity Lemon Lime Bitter | 1L,Waterfords Sparkling Lite & Fruity Lemon Lime Bitter | 1L,Waterfords,Drinks,Soft drinks,Soft drink bottles,,$1.95,Pick any 2 for $3.00,,$1.95 per 1L,3047769,Low joule flavoured drink with sparkling natural mineral waterLite & Fruity 90% reduction in sugar when compared to Waterfords Full Sugar Flavoured Mineral Water.,,,"Per 100g/ml
Per Serving
%DI
Energy
9kJ
23kJ
0.30%
Protein
<1g
<1g
0%
Total Fat
<1g
<1g
0%
Saturated Fat
0g
0g
0%
Carbohydrate
0.3g
0.9g
0.30%
Sugars
0.1g
0.3g
0.30%
Sodium
14mg
35mg
1.50%
Dietary Fibre (total)
<1g
<1g
0%
* Percentage Daily Intakes are based on an average adult diet of 8700 kJ. Your daily intakes may be higher or lower depending on your energy needs.",,https://www.coles.com.au/product/waterfords-sparkling-lite-and-fruity-lemon-lime-bitter-1l-3047769,,,2024-06-16T15:31:54.307506-04:00
Ind56SColes_ADrinks_SASoft drinks_IKirks Lemonade Soft Drink 10x375mL | 10 Pack,Kirks Lemonade Soft Drink 10x375mL | 10 Pack,Kirks,Drinks,Soft drinks,Soft drink cans,,$8.70,,$14.50,$2.32 per 1L,9124920,"This isn't just any lemonade, this is Kirks! As classic as your favourite pair of thongs. So slip 'em on and enjoy Kirks classic Lemonade. Kirks Lemonade is also available in 1.25L bottle.
- Lemonade

- No artificial colours or flavours

- Fun refreshment for any occasion

- Uniquely Australian

- 10 x 375mL Soft Drink",,,,"Carbonated Water, Sugar, Food Acid (330), Natural Flavour, Preservative (211)",https://www.coles.com.au/product/kirks-lemonade-soft-drink-10x375ml-10-pack-9124920,,,2024-06-16T15:32:03.149110-04:00
Ind56SColes_ADrinks_SASoft drinks_IKirks Ginger Beer Soft Drink  | 1.25L,Kirks Ginger Beer Soft Drink  | 1.25L,Kirks,Drinks,Soft drinks,Soft drink bottles,,$1.60,,$2.70,$1.28 per 1L,5399188,"This aint just any Ginger Beer, this is Kirks 'Olde Stoney'. Just so you know, this one's uniquely marked with Olde Stoney's upside down face on the label. Only then will you know ya have the right one. So raise a mug of Kirks Olde Stoney Ginger Beer. Kirks Olde Stoney Ginger Beer is also available in 10 x 375mL multipack cans.
- Ginger Beer

- No artificial colours or flavours

- Fun refreshment for any occasion

- Uniquely Australian

- 1.25L Bottle Soft drink",,,,"Carbonated Water, Sugar, Natural Flavour, Food Acid (330), Preservative (211), Natural Colour (Caramel 150a)",https://www.coles.com.au/product/kirks-ginger-beer-soft-drink-1.25l-5399188,,,2024-06-16T15:32:12.120919-04:00
Ind56SColes_ADrinks_SASoft drinks_ICoca-Cola Soft Drink Coke With Lime Zero | 1.25L,Coca-Cola Soft Drink Coke With Lime Zero | 1.25L,Coca-Cola,Drinks,Soft drinks,Soft drink bottles,,$3.85,Pick any 2 for $5.60,,$3.08 per 1L,7714640,"Coca-Cola Zero Sugar Lime soft drink delivers a delicious twist on the Classic Coke taste with a delicious splash of lime flavour. Coca-Cola Zero Sugar Lime soft drink is available in bottles.
Real Coke Taste with Zero Sugar

Hint of Lime Flavour

1.25L pack size

Serve drink cold for maximum refreshment",,,"Per 100g/ml
Per Serving
%DI
Energy
2.9
7.2
Protein
0.02
0.06
Total Fat
0
0
Saturated Fat
0
0
Carbohydrate
0.03
0.08
Sugars
0
0
Sodium
4.1
10.3
Energy (Cal)
0.7
1.7
Dietary Fibre (total)
0
0
* Percentage Daily Intakes are based on an average adult diet of 8700 kJ. Your daily intakes may be higher or lower depending on your energy needs.",,https://www.coles.com.au/product/coca-cola-soft-drink-coke-with-lime-zero-1.25l-7714640,,,2024-06-16T15:32:23.091939-04:00
Ind56SColes_ADrinks_SASoft drinks_ISchweppes Traditional Brown Creaming Soda Soft Drink Bottle | 1.1L,Schweppes Traditional Brown Creaming Soda Soft Drink Bottle | 1.1L,Schweppes,Drinks,Soft drinks,Soft drink bottles,,$3.00,Pick any 2 for $3,,$2.73 per 1L,3270180,"Indulge in a creamy and delightful taste with Schweppes Traditionals Brown Cream Soda 1.1L. This classic beverage has been savoured by Australians for generations, and it's not hard to see why. With its rich, luxurious flavour and hints of vanilla, this soda is perfect for any occasion, whether you're spending time with your loved ones or just looking to treat yourself.

One of the things that sets Schweppes Traditionals Brown Cream Soda apart from other beverages is its unique taste. The creamy flavour, combined with a subtle hint of vanilla, creates a truly indulgent experience that is sure to delight your taste buds. It's no wonder that this soda has been a favourite for generations.

When you crack open a bottle of Schweppes Traditionals Brown Cream Soda, you'll be met with a refreshing and satisfying drink that is perfect for any time of day. Whether you're enjoying it as a refreshing pick-me-up or as a delicious accompaniment to your favourite meal, this soda is sure to hit the spot.

To fully enjoy the rich, creamy taste of this soda, we recommend serving it over ice. This will help to bring out the full depth of flavour and give you a truly satisfying experience. So, why not treat yourself to a bottle of Schweppes Traditionals Brown Cream Soda today and discover why it's been an Australian favourite for generations.
Rich and indulgent, with a creamy taste and hints of vanilla.

A classic Australian favourite that has stood the test of time.

Refreshing and satisfying, perfect for any time of day.

Best served over ice for a truly satisfying experience.

Treat yourself and discover what makes this soda so special.",,,"Per 100g/ml
Per Serving
%DI
Energy
184kJ
460kJ
Protein
0g
0g
Total Fat
0g
0g
Saturated Fat
0g
0g
Carbohydrate
10.8g
27.0g
Sugars
10.7g
26.8g
Sodium
7mg
18mg
* Percentage Daily Intakes are based on an average adult diet of 8700 kJ. Your daily intakes may be higher or lower depending on your energy needs.",,https://www.coles.com.au/product/schweppes-traditional-brown-creaming-soda-soft-drink-bottle-1.1l-3270180,,,2024-06-16T15:32:34.391988-04:00
Ind56SColes_ADrinks_SASoft drinks_IBundaberg Brewed Drink Ginger Beer 4x375mL | 4 pack,Bundaberg Brewed Drink Ginger Beer 4x375mL | 4 pack,Bundaberg,Drinks,Soft drinks,Mixers,,$7.45,,,$4.97 per 1L,5595856,"Our Master Brewers then brew over 3 days to our traditional family recipe, the same we've used for 4 generations. Hold a bottle up to the light and you'll see real ginger pieces suspended throughout. Be sure to invert the bottle before opening to enjoy the full refreshing flavour.",,,"Per 100g/ml
Per Serving
%DI
Energy
182kJ
682kJ
8%
Protein
<1g
<1g
0%
Total Fat
<1g
<1g
0%
Saturated Fat
<1g
<1g
0%
Carbohydrate
10.7g
40.1g
13%
Sugars
10.6g
39.8g
44%
Sodium
11mg
41.3mg
2%
* Percentage Daily Intakes are based on an average adult diet of 8700 kJ. Your daily intakes may be higher or lower depending on your energy needs.",,https://www.coles.com.au/product/bundaberg-brewed-drink-ginger-beer-4x375ml-4-pack-5595856,,,2024-06-16T15:32:45.420832-04:00
Ind56SColes_ADrinks_SASoft drinks_IColes Soft Drink Lemonade Diet | 1.25L,Coles Soft Drink Lemonade Diet | 1.25L,Coles,Drinks,Soft drinks,Soft drink bottles,,$1.20,,,$0.96 per 1L,5179160,No Artificial Colours & Flavours,,,"Per 100g/ml
Per Serving
%DI
Energy
0
0
Protein
0.0g
0.0g
0
Total Fat
0.0g
0.0g
0
Carbohydrate
0
0
Sugars
0
0
Saturated
0
0
Energy (Cal)
0
0
Fat
0
0
Dietary Fibre (total)
0
0
* Percentage Daily Intakes are based on an average adult diet of 8700 kJ. Your daily intakes may be higher or lower depending on your energy needs.",,https://www.coles.com.au/product/coles-soft-drink-lemonade-diet-1.25l-5179160,,,2024-06-16T15:32:56.541166-04:00
Ind56SColes_ADrinks_SASoft drinks_IPepsi Max No Sugar Cola Vanilla Soft Drink Bottle | 1.25L,Pepsi Max No Sugar Cola Vanilla Soft Drink Bottle | 1.25L,Pepsi,Drinks,Soft drinks,Soft drink bottles,,$2.00,,$3.00,$1.60 per 1L,2765494,"Looking for a refreshing soft drink that's both low in calories and high in flavour? Look no further than Pepsi Max No Sugar Vanilla flavoured cola! This deliciously smooth and creamy drink features the same bold cola taste you know and love from Pepsi Max, with a hint of sweet, fragrant vanilla that's sure to delight your taste buds.

With no sugar and maximum taste, Pepsi Max No Sugar Vanilla flavoured cola is the perfect addition to your fridge door. Enjoy it chilled for a refreshing, sugar-free treat that's perfect for any time of day. And with a 1.25L bottle, you'll have plenty to share with family and friends.

But that's not all - Pepsi Max No Sugar Vanilla flavoured cola is also available in a convenient 600mL bottle, perfect for when you're on the go. And if you're planning a social occasion, why not grab a 10 Can pack to share with everyone? With its unique and delicious flavour, Pepsi Max No Sugar Vanilla flavoured cola is sure to be a hit with everyone.

So why wait? Try Pepsi Max No Sugar Vanilla flavoured cola today and experience the ultimate in bold, creamy, and refreshing soft drink taste. Pepsi Max Vanilla. Max Taste, No Sugar.
Bold cola taste with a sweet, fragrant vanilla twist.

Low in calories and high in flavour

sugar-free refreshment.

Available in 1.25L bottle, 600mL bottle, and 10 can pack.

Perfect for any occasion, from on-the-go to social gatherings.",,,"Per 100g/ml
Per Serving
%DI
Energy
3kJ
8kJ
0.10%
Protein
0.1g
0.3g
0.60%
Total Fat
0g
0g
0%
Saturated Fat
0g
0g
0%
Carbohydrate
0.1g
0.3g
0.10%
Sugars
0g
0g
0%
Sodium
10mg
25mg
1%
Dietary Fibre (total)
0g
0g
0%
* Percentage Daily Intakes are based on an average adult diet of 8700 kJ. Your daily intakes may be higher or lower depending on your energy needs.",,https://www.coles.com.au/product/pepsi-max-no-sugar-cola-vanilla-soft-drink-bottle-1.25l-2765494,,,2024-06-16T15:33:08.020693-04:00
Ind56SColes_ADrinks_SASoft drinks_ISchweppes Traditional Zero Sugar Raspberry Soft Drink Bottle | 1.1L,Schweppes Traditional Zero Sugar Raspberry Soft Drink Bottle | 1.1L,Schweppes,Drinks,Soft drinks,Soft drink bottles,,$3.00,Pick any 2 for $3,,$2.73 per 1L,3270249,"Indulge in the deliciously fruity taste of Schweppes Traditionals Raspberry Zero Sugar. This refreshing soft drink boasts a bright and tangy flavour that will tantalise your taste buds. With zero sugar, you can enjoy sugar-free sips of this delightful beverage.

The ripe raspberry flavour is perfectly balanced, creating a rich taste experience that will leave you wanting more. Whether you're enjoying a weekend brunch with family and friends or mixing up a cocktail, Schweppes Traditionals Raspberry Zero Sugar 1.1L is the perfect addition to any occasion.

Chill it down and pair it with your favourite meal or sip it on its own for a refreshing pick-me-up. This soft drink is versatile and delicious, making it a must-have for any pantry. Experience the bright and fruity taste of Schweppes Traditionals Raspberry Zero Sugar.
Refreshing and tangy flavour.

Zero sugar content.

Perfect tangy and rich raspberry taste.

Versatile and delicious, perfect addition to any occasion.

Great option for sharing.",,,"Per 100g/ml
Per Serving
%DI
Energy
5kJ
13kJ
Protein
0g
0g
Total Fat
0g
0g
Saturated Fat
0g
0g
Carbohydrate
0g
0g
Sugars
0g
0g
Sodium
7mg
18mg
Dietary Fibre (total)
0g
0g
* Percentage Daily Intakes are based on an average adult diet of 8700 kJ. Your daily intakes may be higher or lower depending on your energy needs.",,https://www.coles.com.au/product/schweppes-traditional-zero-sugar-raspberry-soft-drink-bottle-1.1l-3270249,,,2024-06-16T15:33:22.156798-04:00
Ind56SColes_ADrinks_SASoft drinks_IBundaberg Brewed Drink Blood Orange 4x375mL | 4 pack,Bundaberg Brewed Drink Blood Orange 4x375mL | 4 pack,Bundaberg,Drinks,Soft drinks,Mixers,,$7.45,,,$4.97 per 1L,2481227,"Just like a real blood orange, this brew has a delicious combination of sweetness and citrus tang. Brewed over 2 days this brew is made using sun ripened Blood Oranges.
Be sure to invert the bottle before opening to enjoy the full refreshing flavour.
- Real Blood Oranges
- Brewed over 2 days
- Australian family owned
- Best enjoyed chilled",,,"Per 100g/ml
Per Serving
%DI
Energy
196kJ
735kJ
8%
Protein
<1g
<1g
0%
Total Fat
<1g
<1g
0%
Saturated Fat
<1g
<1g
0%
Carbohydrate
11.5g
43.2g
14%
Sugars
11.5g
43.2g
48%
Sodium
9mg
34mg
1%
* Percentage Daily Intakes are based on an average adult diet of 8700 kJ. Your daily intakes may be higher or lower depending on your energy needs.",,https://www.coles.com.au/product/bundaberg-brewed-drink-blood-orange-4x375ml-4-pack-2481227,,,2024-06-16T15:33:33.134543-04:00
Ind56SColes_ADrinks_SASoft drinks_ICoca-Cola Raspberry Zero Sugar Soft Drink Bottle | 1.25L,Coca-Cola Raspberry Zero Sugar Soft Drink Bottle | 1.25L,Coca-Cola,Drinks,Soft drinks,Soft drink bottles,,$3.85,Pick any 2 for $5.60,,$3.08 per 1L,6421271,"Try NEW Coca-Cola Zero Sugar Raspberry. Coca-Cola Zero Sugar Raspberry mixes refreshing Coca-Cola taste with the sensational taste of raspberry. The zero sugar drink is a delicious twist.
Classic Coke Taste with a Twist

Raspberry flavour

Serve Drink Cold for Maximum Refreshmen

A Quality Product of The Coca-Cola Company

600mL PET",,,"Per 100g/ml
Per Serving
%DI
Energy
1.7
4.2
0.1
Protein
0.02
0.06
0.1
Total Fat
0
0
0
Saturated Fat
0
0
0
Carbohydrate
0.03
0.08
0.1
Sugars
0
0
0
Sodium
4.1
10.3
0.4
Energy (Cal)
0.4
1
0.1
Dietary Fibre (total)
0
0
0
* Percentage Daily Intakes are based on an average adult diet of 8700 kJ. Your daily intakes may be higher or lower depending on your energy needs.",,https://www.coles.com.au/product/coca-cola-raspberry-zero-sugar-soft-drink-bottle-1.25l-6421271,,,2024-06-16T15:33:44.140523-04:00
