idx,name,brand,aisle,subaisle,subsubaisle,size,price,multi_price,old_price,pricePerUnit,itemNum,description,serving,img_urls,item_label,item_ingredients,url,SKU,UPC,timeStamp
Ind54SColes_ADrinks_SAJuice_IBoost Mango Sunshine Juice Chilled | 1L,Boost Mango Sunshine Juice Chilled | 1L,Boost,Drinks,Juice,Chilled juice,,$6.20,,,$6.20 per 1L,3412376,"Boost Mango Sunshine Juice is a tasty blend of pear, apple, mango, banana, and passionfruit, perfect as a refreshing drink to go with your meals or for during an afternoon break. It has the tastiest infusions, deliciously thirst-quenching for everyone to enjoy.
Made in Australia",,,"Per 100g/ml
Per Serving
%DI
Energy
164kJ
328kJ
Protein
0.1g
0.2g
Total Fat
<0.1g
<0.1g
Saturated Fat
<0.1g
<0.1g
Carbohydrate
9.6g
19.2g
Sugars
7.5g
15g
Sodium
3mg
6mg
Vitamin C
20mg
40mg
100%
* Percentage Daily Intakes are based on an average adult diet of 8700 kJ. Your daily intakes may be higher or lower depending on your energy needs.",,https://www.coles.com.au/product/boost-mango-sunshine-juice-chilled-1l-3412376,,,2024-06-16T10:53:11.720830-04:00
Ind54SColes_ADrinks_SAJuice_IMildura Orange And Mango Fruit Drink | 500mL,Mildura Orange And Mango Fruit Drink | 500mL,Mildura,Drinks,Juice,Chilled juice,,$2.50,,$2.80,$5.00 per 1L,3187473,"Midura Refreshing Fruit Drink is aussie owned and loved. 

Available in a convenient 500ml bottle, a glass of delicious and vibrant fruit drink is a refreshing addition to your day!

Proudly packed in NSW and QLD by and for the Bega Group using local and imported ingredients. The local ingredients are sourced Australia wide.
With fruit juice

Perfect to drink on the go

Easy to pour, resealable pack

Delicious and full flavoured

Refreshing drink

Manufactured in Australia.",,,"Per 100g/ml
Per Serving
%DI
Energy
159kJ
795kJ
9.0%
Protein
0.1g
0.5g
1.0%
Total Fat
0g
0g
0.0%
Saturated Fat
0g
0g
0.0%
Carbohydrate
9.2g
46.0g
15.0%
Sugars
8.8g
44.0g
49.0%
Sodium
2.5mg
12.5mg
1.0%
* Percentage Daily Intakes are based on an average adult diet of 8700 kJ. Your daily intakes may be higher or lower depending on your energy needs.",,https://www.coles.com.au/product/mildura-orange-and-mango-fruit-drink-500ml-3187473,,,2024-06-16T10:53:22.604979-04:00
Ind54SColes_ADrinks_SAJuice_IColes Apple & Blackcurrant Fruit Drink Multipack 250mL | 6 Pack,Coles Apple & Blackcurrant Fruit Drink Multipack 250mL | 6 Pack,Coles,Drinks,Juice,Multi pack juice,,$3.50,,,$2.33 per 1L,2535563,No Artificial Sweeteners35% Fruit Juice,,,"Per 100g/ml
Per Serving
%DI
Energy
152.4
381
Protein
0.1
0.25
Carbohydrate
8.6
21.5
Sugars
8.1
20.25
Sodium
3
7.5
Saturated
0.1
0.25
Energy (Cal)
36.46
91.15
Fat
0.1
0.25
Dietary Fibre (total)
0.1
0.25
* Percentage Daily Intakes are based on an average adult diet of 8700 kJ. Your daily intakes may be higher or lower depending on your energy needs.",,https://www.coles.com.au/product/coles-apple-and-blackcurrant-fruit-drink-multipack-250ml-6-pack-2535563,,,2024-06-16T10:53:34.617767-04:00
Ind54SColes_ADrinks_SAJuice_INudie Probiotic Strawberry & Raspberry Smoothie | 400mL,Nudie Probiotic Strawberry & Raspberry Smoothie | 400mL,Nudie,Drinks,Juice,Chilled juice,,$4.50,,,$11.25 per 1L,4477763,"Gimme that yummy, tummy feelin'
With more than three serves of 100% real fruit and a massive 80 million probiotic cultures per helping, what's not to love? Think of this smoothie as two parts giant hug and one-part fluffy cloud. Sweet strawberry and raspberry tickle the tastebuds while orange, pear and banana bring the right balance of zest and smooth softness to the mix.
80 million cultures per serve* *Contains at least 80 million cultures until the use by date when product is stored at 0-4 C.

No concentrates

No added sugar

No artifical flavours or colours

No preservatives

Made with 100% real fruit.

Contains 3.2 serves of fruit.",,,"Per 100g/ml
Per Serving
%DI
Energy
199kJ
498kJ
Protein
Less than 1g
1.0g
Total Fat
Less than 1g
Less than 1g
Saturated Fat
Less than 1g
Less than 1g
Carbohydrate
11.3g
28.3g
Sugars
8.4g
21.0g
Sodium
Less than 5mg
Less than 5mg
Dietary Fibre (total)
Less than 1g
Less than 1g
* Percentage Daily Intakes are based on an average adult diet of 8700 kJ. Your daily intakes may be higher or lower depending on your energy needs.",,https://www.coles.com.au/product/nudie-probiotic-strawberry-and-raspberry-smoothie-400ml-4477763,,,2024-06-16T10:53:45.450481-04:00
Ind54SColes_ADrinks_SAJuice_IPrima Apple Raspberry Fruit Drink Multipack 200mL | 6 pack,Prima Apple Raspberry Fruit Drink Multipack 200mL | 6 pack,Prima,Drinks,Juice,Multi pack juice,,$4.10,,,"$3.42 per 1L
Was $4.60 on Apr 2024",6631831,"Enjoy Prima Apple Raspberry 200mL on the go or at home. As an accompaniment to lunch or an afternoon pick me up! With no preservatives or artificial colours or flavours. Available in a 6 pack of 200mL juice boxes.
20% fruit juice

No preservatives

No artificial colour

No artifical flavours

Convenient pack size

6 x 200mL Packs.",,,"Per 100g/ml
Per Serving
%DI
Energy
161kJ
322kJ
Protein
0.0g
0.0g
Total Fat
0.0g
0.0g
Saturated Fat
0.0g
0.0g
Carbohydrate
9.4g
18.8g
Sugars
8.9g
17.8g
Sodium
8mg
16mg
* Percentage Daily Intakes are based on an average adult diet of 8700 kJ. Your daily intakes may be higher or lower depending on your energy needs.",,https://www.coles.com.au/product/prima-apple-raspberry-fruit-drink-multipack-200ml-6-pack-6631831,,,2024-06-16T10:53:56.207906-04:00
Ind54SColes_ADrinks_SABeverages_IThe Juice Lab Wellness Shot Kids Mixed Berry Immune | 60mL,The Juice Lab Wellness Shot Kids Mixed Berry Immune | 60mL,The Juice Lab,Drinks,Beverages,Water & juices,,$2.25,,,"$37.51 per 1L
Was $3.50 on Jun 2024",7018376,,,,,,https://www.coles.com.au/product/the-juice-lab-wellness-shot-kids-mixed-berry-immune-60ml-7018376,,,2024-06-16T10:54:05.342003-04:00
Ind54SColes_ADrinks_SAJuice_IRibena Ready To Drink Drink Blackcurrant | 2.4L,Ribena Ready To Drink Drink Blackcurrant | 2.4L,Ribena,Drinks,Juice,Plastic juice bottles,,$6.00,,,$2.50 per 1L,9592850,"Ribena Fruit Drink Blackcurrant has a rich source of Vitamin C and contains no artificial colour, artificial flavour or artificial sweetener.",,,"Per 100g/ml
Per Serving
%DI
Energy
176kJ
352kJ
4%
Protein
<1g
<1g
0%
Total Fat
0g
<1g
0%
Saturated Fat
0g
0g
0%
Carbohydrate
10.1g
20.3g
7%
Sugars
10.1g
20.3g
23%
Sodium
0.4mg
0.8mg
0%
Vitamin C
10mg
20mg
50% RDI**
* Percentage Daily Intakes are based on an average adult diet of 8700 kJ. Your daily intakes may be higher or lower depending on your energy needs.",,https://www.coles.com.au/product/ribena-ready-to-drink-drink-blackcurrant-2.4l-9592850,,,2024-06-16T10:54:17.714776-04:00
Ind54SColes_ADrinks_SAJuice_IGrove Juice Orange Pulp Free | 1.5L,Grove Juice Orange Pulp Free | 1.5L,Grove Juice,Drinks,Juice,Chilled juice,,$6.95,,,$4.63 per 1L,7016100,100% Australian Owned and Grown.,,,"Per 100g/ml
Per Serving
%DI
Energy
174kJ
348kJ
Protein
0.5g
1g
Total Fat
0.1g
0.2g
Saturated Fat
<0.1g
<0.1g
Carbohydrate
9.4g
18.8g
Sugars
9.1g
18.2g
Sodium
<5mg
<5mg
* Percentage Daily Intakes are based on an average adult diet of 8700 kJ. Your daily intakes may be higher or lower depending on your energy needs.",,https://www.coles.com.au/product/grove-juice-orange-pulp-free-1.5l-7016100,,,2024-06-16T10:54:29.605148-04:00
Ind54SColes_ADrinks_SA_IColes Apple Juice 250mL | 6 pack,Coles Apple Juice 250mL | 6 pack,Coles,Drinks,,,,$4.00,,,$2.67 per 1L,2535654,Coles Apple Juice 250ml Apple 6 Pack No added sugar good source of vitamin C,,,"Per 100g/ml
Per Serving
%DI
Energy
181.09
452.73
Protein
0.09
0.23
Carbohydrate
10.30
25.75
Sugars
9.40
23.50
Sodium
8.00
20.00
Saturated
0.09
0.23
Vitamin C
10.00
25.00
Energy (Cal)
43.32
108.31
Fat
0.06
0.15
Dietary Fibre (total)
0.28
0.70
* Percentage Daily Intakes are based on an average adult diet of 8700 kJ. Your daily intakes may be higher or lower depending on your energy needs.",,https://www.coles.com.au/product/coles-apple-juice-250ml-6-pack-2535654,,,2024-06-16T10:54:42.131059-04:00
Ind54SColes_ADrinks_SAJuice_IThe Juice Brothers Morning Start Juice | 1L,The Juice Brothers Morning Start Juice | 1L,The Juice Brothers,Drinks,Juice,Chilled juice,,$5.00,,,$5.00 per 1L,7829222,"Extraordinary tasting juice that cares? You're holding it!

Our orange juice is squeezed rather than crushed to preserve the fruit peels. Our orange, apple and pear fruit peels (including the seeds and cores) are reused as local animal feed.

We're also owned, grown and squeezed right here in Australia because we love what we do and want to keep it local.

No added sugar, just natural sweetness of fruit.",,,"Per 100g/ml
Per Serving
%DI
Energy
175kJ
350kJ
4%
Protein
0.3g
0.6g
1%
Total Fat
<1.0g
<1.0g
<1%
Saturated Fat
0.0g
0.0g
0.0g
Carbohydrate
9.7g
19.4g
6%
Sugars
9.2g
18.4g
20%
Sodium
1mg
2mg
<1%
Monounsaturated
0
0
0
Vitamin C
20mg
40mg
Energy (Cal)
42Cal
84Cal
0
Dietary Fibre (total)
0.7g
1.4g
5%
Polyunsaturated
0
0
0
Potassium
110mg
220mg
0
Trans
0
0
0
* Percentage Daily Intakes are based on an average adult diet of 8700 kJ. Your daily intakes may be higher or lower depending on your energy needs.","Fruit Juices [Pear (43.6%), Orange (40%), Apple (11.5%), Pineapple (3.1%), Passionfruit (0.5%)], Mango Puree (1.3%).",https://www.coles.com.au/product/the-juice-brothers-morning-start-juice-1l-7829222,,,2024-06-16T10:54:53.148861-04:00
Ind54SColes_ADrinks_SAJuice_IOcean Spray Ruby Red Grapefruit Juice | 1.5L,Ocean Spray Ruby Red Grapefruit Juice | 1.5L,Ocean Spray,Drinks,Juice,Plastic juice bottles,,$6.40,,,$4.27 per 1L,4950759,"Made with ruby red grapefruits, which have a unique deep red colour and vibrant taste, plus 100% daily requirement of Antioxidant Vitamin C.",,,"Per 100g/ml
Per Serving
%DI
Energy
201kJ
503kJ
Protein
0g
0g
Total Fat
0g
0g
Saturated Fat
0g
0g
Carbohydrate
11g
27.6g
Sugars
10.8g
27g
Sodium
4mg
9mg
Vitamin C
16mg
40mg
100%
Potassium
39mg
96mg
* Percentage Daily Intakes are based on an average adult diet of 8700 kJ. Your daily intakes may be higher or lower depending on your energy needs.",,https://www.coles.com.au/product/ocean-spray-ruby-red-grapefruit-juice-1.5l-4950759,,,2024-06-16T10:55:04.044881-04:00
Ind54SColes_ADrinks_SAJuice_IGolden Circle Orange Fruit Drink LunchBox Multipack Poppers 6x250mL | 6 pack,Golden Circle Orange Fruit Drink LunchBox Multipack Poppers 6x250mL | 6 pack,Golden Circle,Drinks,Juice,Multi pack juice,,$5.10,Pick any 2 for $8,,$3.40 per 1L,384365,"Excellent for camping and beach days, Golden Circle Orange Burst Fruit Drink is made with no artificial colours, flavours or preservatives. This fruit drink is a tasty treat for when you're out and about. Easy to freeze into ice blocks or delicious straight from the carton, Golden Circle Orange Burst Fruit Drink is sure to be a family favourite. It's great to take on the go too - whether you're heading to work, spending the day at the beach or going to a picnic in the park. Golden Circle, Share the Sunshine.
No artificial colours

No artificial flavours

No preservatives

Good source of vitamin C

Convenient for bringing to picnics and beach trips",,,"Per 100g/ml
Per Serving
%DI
Energy
175 kJ
440 kJ
Protein
0.1 g
0.3 g
Total Fat
0 g
0 g
Saturated Fat
0 g
0 g
Carbohydrate
9.7 g
24.3 g
Sugars
9.2 g
23.0 g
Sodium
9 mg
23 mg
Vitamin C
15 mg
37 mg (92% RDI*)
15 mg
* Percentage Daily Intakes are based on an average adult diet of 8700 kJ. Your daily intakes may be higher or lower depending on your energy needs.",,https://www.coles.com.au/product/golden-circle-orange-fruit-drink-lunchbox-multipack-poppers-6x250ml-6-pack-384365,,,2024-06-16T11:11:58.912807-04:00
Ind54SColes_ADrinks_SAJuice_ICampbells V8 Power Blend Prebiotics Juice Berry | 1.25L,Campbells V8 Power Blend Prebiotics Juice Berry | 1.25L,Campbells,Drinks,Juice,Plastic juice bottles,,$4.80,,$6.00,$3.84 per 1L,7220242,"Refreshingly delicious, V8 Prebiotic Berry gives you the benefits of blended fruit and veggies, as well as added fibre to support gut health in one drink. Enjoy for breakfast or bring to work for a nutritious drink. This healthy juice is a source of  Vitamin C, contains no added sugar and provides 2 serves of vegetables per 250mL serve. 

V8 Prebiotic Berry is a delicious, refreshing blend of juicy apple, strawberry and raspberry with sweet potato, carrot  and beetroot. It also contains added fibre to support gut health. Increase your fruit and veg intake with every sip whilst also supporting a healthy gut


Source of fibre to support gut health
No added sugar
Source of Vitamin C
Plant Based
2  serves of veg per 250ml serve
No added preservatives, no artificial flavours, no artificial colours",,,"Per 100g/ml
Per Serving
%DI
Energy
203kJ
507kJ
0
Protein
0.5g
1.2g
0
Total Fat
0.1g
0.2g
0
Saturated Fat
<0.1g
0.1g
0
Carbohydrate
10.7g
26.8g
0
Sugars
8.9g
22.2g
0
Sodium
35mg
86mg
0
Monounsaturated
0
0
0
Vitamin C
7mg
17mg
Energy (Cal)
48Cal
121Cal
0
Dietary Fibre (total)
1.1g
2.8g
0
Polyunsaturated
0
0
0
Trans
0
0
0
* Percentage Daily Intakes are based on an average adult diet of 8700 kJ. Your daily intakes may be higher or lower depending on your energy needs.",,https://www.coles.com.au/product/campbells-v8-power-blend-prebiotics-juice-berry-1.25l-7220242,,,2024-06-16T11:12:09.764406-04:00
Ind54SColes_ADrinks_SAJuice_IGolden Circle  Tropical Punch Tetra Fruit Drink | 1L,Golden Circle  Tropical Punch Tetra Fruit Drink | 1L,Golden Circle,Drinks,Juice,Packs & Pouches,,$2.70,,,$2.70 per 1L,325730,"Pour yourself a glass of delicious Golden Circle Tropical Punch Fruit Drink. Packed with all your favourite tropical flavours, this fruit drink is sure to be a hit at birthday parties and events. As soon as the sun comes out, it's time to bring out Golden Circle Tropical Punch Fruit Drink. A fruit drink that is a good source of vitamin C, Golden Circle Tropical Punch Fruit Drink is made with no artificial colours, flavours or preservatives. Enjoy it served over ice, use it to sweeten up a smoothie or make homemade ice blocks. Golden Circle, Share the Sunshine.
No artificial colours, flavours or preservatives

A good source of vitamin C

Refreshing blend of apple or pear, pineapple, orange, peach & passionfruit

Can be mixed into your favourite cocktails or mocktails

Best served chilled",,,"Per 100g/ml
Per Serving
%DI
Energy
175 kJ
350 kJ
Protein
0 g
0 g
Total Fat
0 g
0 g
Saturated Fat
0 g
0 g
Carbohydrate
9.6 g
19.2 g
Sugars
9.4 g
18.8 g
Sodium
9 mg
18 mg
Vitamin C
15 mg
30 mg (75% RDI)*
15 mg
* Percentage Daily Intakes are based on an average adult diet of 8700 kJ. Your daily intakes may be higher or lower depending on your energy needs.",,https://www.coles.com.au/product/golden-circle-tropical-punch-tetra-fruit-drink-1l-325730,,,2024-06-16T11:12:21.137062-04:00
Ind54SColes_ADrinks_SAJuice_ICampbell's V8 Hot & Spicy Juice | 1.25L,Campbell's V8 Hot & Spicy Juice | 1.25L,Campbells,Drinks,Juice,Plastic juice bottles,,$5.50,,,$4.40 per 1L,1165436,"V8 Vegetable Hot & Spicy juice is a healthy antioxidant boost. This hot and spicy tomato, carrot, celery and chilli juice contains vitamins. Share this vegetable juice with a friend for a healthy morning pick-me-up. Or if you're short on time, it's the perfect ambient juice for an on-the-go afternoon top up. Grab yourself a V8 fuel up!",,,"Per 100g/ml
Per Serving
%DI
Energy
80kJ
200kJ
0
Protein
0.7g
1.7g
0
Total Fat
0.1g
0.1g
0
Saturated Fat
0.1g
0.1g
0
Carbohydrate
3.4g
8.4g
0
Sugars
2.8g
7.1g
0
Vitamin A
75ug
188ug
Sodium
286mg
716mg
0
Monounsaturated
0
0
0
Vitamin C
16mg
40mg
Energy (Cal)
19Cal
48Cal
0
Dietary Fibre (total)
1.1g
2.7g
0
Polyunsaturated
0
0
0
Trans
0
0
0
* Percentage Daily Intakes are based on an average adult diet of 8700 kJ. Your daily intakes may be higher or lower depending on your energy needs.",,https://www.coles.com.au/product/campbell's-v8-hot-and-spicy-juice-1.25l-1165436,,,2024-06-16T11:12:33.059550-04:00
Ind54SColes_ADrinks_SAJuice_IGolden Circle Refreshers Wild Waterfall | 1L,Golden Circle Refreshers Wild Waterfall | 1L,Golden Circle,Drinks,Juice,Packs & Pouches,,$3.50,Pick any 2 for $4.90,,$3.50 per 1L,6804645,"Freshen up with the delicious flavours of kiwi and watermelon in the Golden Circle Refreshers Wild Waterfall. It's perfect to have on hand for entertaining or to take on the go to enjoy at work or outdoors. Low sugar, Golden Circle Refreshers Wild Waterfall is a fun and refreshing drink option that's sure to be a hit with the whole family. It's a tasty mix of still water and fruit juice with refreshing kiwi and watermelon flavours. No artificial colours, flavours or preservatives.
Kiwi and watermelon flavours

Low sugar

No artificial colours or flavours

No preservatives

Serve chilled for a refreshing taste",,,"Per 100g/ml
Per Serving
%DI
Energy
50kJ
100kJ
Protein
0g
0g
Total Fat
0g
0g
Saturated Fat
0g
0g
Carbohydrate
2.4g
4.8g
Sugars
2.3g
4.6g
Sodium
10mg
20mg
Dietary Fibre (total)
0g
0g
* Percentage Daily Intakes are based on an average adult diet of 8700 kJ. Your daily intakes may be higher or lower depending on your energy needs.",,https://www.coles.com.au/product/golden-circle-refreshers-wild-waterfall-1l-6804645,,,2024-06-16T11:12:43.826882-04:00
Ind54SColes_ADrinks_SAJuice_IGolden Circle Refreshers Island Punch 6x250mL | 6 pack,Golden Circle Refreshers Island Punch 6x250mL | 6 pack,Golden Circle,Drinks,Juice,Multi pack juice,,$5.80,Pick any 2 for $8,,$5.80 per 1L,6823606,"Low sugar, Golden Circle Refreshers Island Punch is an excellent ready-to-drink option for cooling off on hot days. Enjoy chilled or in a glass over ice cubes. Golden Circle Refreshers Island Punch is a refreshing mix of still water, fruit juice and delicious mango, peach & lychee flavours. It contains no artificial colours or flavours and no preservatives. Keep it in your fridge for entertaining or take it on the go to enjoy at work or outdoors.
Convenient on-the-go size

Mango, Peach & Lychee Flavours

Low sugar

No artificial colours, flavours or preservatives

Serve chilled for a refreshing taste",,,"Per 100g/ml
Per Serving
%DI
Energy
45KJ
115kJ
Protein
0.1g
0.3g
Total Fat
0g
0g
Saturated Fat
0g
0g
Carbohydrate
2.4g
6.0g
Sugars
2.3g
5.8g
Sodium
9mg
23mg
Dietary Fibre (total)
0.1g
0.3g
* Percentage Daily Intakes are based on an average adult diet of 8700 kJ. Your daily intakes may be higher or lower depending on your energy needs.","Water (79%), Reconstituted Fruit Juice [Apple (15%), Mango (3.0%), Peach (2.0%)], Natural Flavours, Food Acids (Ascorbic Acid, Malic Acid), Stabiliser (440), Black Carrot Concentrate.",https://www.coles.com.au/product/golden-circle-refreshers-island-punch-6x250ml-6-pack-6823606,,,2024-06-16T11:12:54.803752-04:00
Ind54SColes_ADrinks_SABeverages_IThe Juice Lab Wellness Shot Kids Strawberry Immune | 60mL,The Juice Lab Wellness Shot Kids Strawberry Immune | 60mL,The Juice Lab,Drinks,Beverages,Water & juices,,$2.25,,,"$37.51 per 1L
Was $3.50 on Jun 2024",7027264,,,,,,https://www.coles.com.au/product/the-juice-lab-wellness-shot-kids-strawberry-immune-60ml-7027264,,,2024-06-16T11:13:04.505787-04:00
Ind54SColes_ADrinks_SAJuice_IColes Simply Orange Fruit Drink 20% | 2L,Coles Simply Orange Fruit Drink 20% | 2L,Coles,Drinks,Juice,Chilled juice,,$2.30,,,$1.15 per 1L,7430290,,,,"Per 100g/ml
Per Serving
%DI
Energy
161.98
404.95
Protein
0.09
0.23
Carbohydrate
9.20
23.00
Sugars
9.10
22.75
Sodium
5.00
12.50
Saturated
0.09
0.23
Energy (Cal)
38.75
96.88
Fat
0.09
0.23
Dietary Fibre (total)
0.09
0.23
* Percentage Daily Intakes are based on an average adult diet of 8700 kJ. Your daily intakes may be higher or lower depending on your energy needs.",,https://www.coles.com.au/product/coles-simply-orange-fruit-drink-20percent-2l-7430290,,,2024-06-16T11:13:15.289426-04:00
Ind54SColes_ADrinks_SAJuice_INudie Nothing But Kids Orange Juice | 200mL,Nudie Nothing But Kids Orange Juice | 200mL,Nudie,Drinks,Juice,Chilled juice,,$2.20,,,$11.00 per 1L,7016520,,,,,,https://www.coles.com.au/product/nudie-nothing-but-kids-orange-juice-200ml-7016520,,,2024-06-16T11:13:23.938158-04:00
Ind54SColes_ADrinks_SAJuice_IGolden Circle Apple & Mango Juice No Added Sugar Fruit Juices | 2L,Golden Circle Apple & Mango Juice No Added Sugar Fruit Juices | 2L,Golden Circle,Drinks,Juice,Plastic juice bottles,,$3.50,,$4.80,$1.75 per 1L,5487547,"A mix of two summer flavours in one, Golden Circle Apple Mango Juice is the perfect drink for backyard barbecues and birthday parties. Made with no added sugar, this juice is sure to be a summertime staple in any household. Golden Circle Apple Mango Juice contains no artificial colours, flavours or preservatives. A great mix of two fruit flavours, apple and mango, this juice is perfect to enjoy on hot days. Golden Circle, Share the Sunshine.
No added sugar

No artificial colours, flavours or preservatives

Delicious on its own, in smoothies, and in desserts

Served chilled

Good source of Vitamin C",,,"Per 100g/ml
Per Serving
%DI
Energy
215 kJ
430 kJ
Protein
0.2 g
0.4 g
Total Fat
0.1 g
0.2 g
Saturated Fat
0 g
0 g
Carbohydrate
11.9 g
23.8 g
Sugars
11.8 g
23.6 g
Sodium
8 mg
16 mg
Vitamin C
40 mg
80 mg (200% RDI*)
Dietary Fibre (total)
0.3 g
0.6 g
* Percentage Daily Intakes are based on an average adult diet of 8700 kJ. Your daily intakes may be higher or lower depending on your energy needs.",,https://www.coles.com.au/product/golden-circle-apple-and-mango-juice-no-added-sugar-fruit-juices-2l-5487547,,,2024-06-16T11:13:35.268763-04:00
Ind54SColes_ADrinks_SAJuice_IDaily Juice Green Blend Folate | 1L,Daily Juice Green Blend Folate | 1L,Daily Juice,Drinks,Juice,Chilled juice,,$3.80,,$4.80,$3.80 per 1L,4465345,"Daily Juice has been working since 1989 to create great tasting juice, great for the whole family to enjoy! With fruit ripened in the sun and no added sugar, Daily Juice is packed with good stuff to help kick start your day. 

A glass of delicious green juice blend is a great pick me up when you've got a long busy day ahead. With a blend of folate and vitamin C, Daily Juice Green Blend and Folate juice helps to reduce tiredness and fatigue when consumed as part of a balanced diet. 

Proudly Australian owned, made and loved. 

Contains fresh, reconstituted and from time to time, cold-stored juice. 
With folate and Vit C to keep you energised^",,,"Per 100g/ml
Per Serving
%DI
Energy
183
366
4
Protein
0.5
1
2
Total Fat
<1
<1
<1
Saturated Fat
0
0
0
Carbohydrate
9.9
19.8
6
Sugars
9.3
18.6
21
Sodium
2
4
<1
Dietary Fibre (total)
0.3
0.6
2
* Percentage Daily Intakes are based on an average adult diet of 8700 kJ. Your daily intakes may be higher or lower depending on your energy needs.",,https://www.coles.com.au/product/daily-juice-green-blend-folate-1l-4465345,,,2024-06-16T11:13:46.239134-04:00
Ind54SColes_ADrinks_SAJuice_IYoufoodz Youjuice Go-Go Greens | 1L,Youfoodz Youjuice Go-Go Greens | 1L,Youfoodz,Drinks,Juice,Chilled juice,,$5.20,,$5.80,$5.20 per 1L,7019200,"Get up 'n GO-GO with a hit of green goodness thanks to apple, pineapple, cucumber, kale, spinach, broccoli, spirulina and a minty fresh finish. Plus, added Vitamin C to boost your wellbeing*. Now available in 1 litre to be shared around, and enjoyed sip after sip!Squeezed full of real Aussie fruit & veg. No added sugar, artificial colours, flavours, concentrates, or preservatives.*Vitamin C contributes to normal immune system function in the context of a healthy diet involving the consumption of a variety of foods.",,,"Per 100g/ml
Per Serving
%DI
Energy
196 kJ
491 kJ
Protein
Less than 1 g
Less than 1 g
Total Fat
Less than 1 g
Less than 1 g
Saturated Fat
Less than 1 g
Less than 1 g
Carbohydrate
11.1 g
27.8 g
Sugars
10.6 g
26.2 g
Sodium
Less than 5 mg
5 mg
Vitamin C
15.0 mg
37.4 mg
Energy (Cal)
47 Cal
117 Cal
* Percentage Daily Intakes are based on an average adult diet of 8700 kJ. Your daily intakes may be higher or lower depending on your energy needs.",,https://www.coles.com.au/product/youfoodz-youjuice-go-go-greens-1l-7019200,,,2024-06-16T11:13:56.969917-04:00
Ind54SColes_ADrinks_SA_INuris Organic Wild Pomegranate Juice Bottle | 1L,Nuris Organic Wild Pomegranate Juice Bottle | 1L,Nuris,Drinks,,,,$7.85,,,$7.85 per 1L,5972291,"Nuris Organic wild pomegranate juice is NFC - Not From Concentrate. Squeezed from fresh, certified organic wild pomegranates. No additives of any kind whatsoever, no colouring, flavour enhancing agents or preservatives. Premium, pure 100% juice Offered in high quality glass bottles",,,"Per 100g/ml
Per Serving
%DI
Energy
246.9kJ
617.3kJ
Protein
<1g
<1g
Total Fat
<1g
<1g
Saturated Fat
<1g
<1g
Carbohydrate
14.5g
36.2g
Sugars
13.5g
33.7g
Sodium
6mg
15mg
* Percentage Daily Intakes are based on an average adult diet of 8700 kJ. Your daily intakes may be higher or lower depending on your energy needs.",,https://www.coles.com.au/product/nuris-organic-wild-pomegranate-juice-bottle-1l-5972291,,,2024-06-16T11:14:08.713932-04:00
Ind54SColes_ADrinks_SAJuice_IColes Carrot Apple Ginger OJ | 500mL,Coles Carrot Apple Ginger OJ | 500mL,Coles,Drinks,Juice,Chilled juice,,$2.40,,,$4.80 per 1L,5642210,,,,"Per 100g/ml
Per Serving
%DI
Energy
168.03
420.08
Protein
0.20
0.50
Total Fat
LESS THAN 1g
LESS THAN 1g
0
Saturated Fat
LESS THAN 1g
LESS THAN 1g
1
Carbohydrate
9.30
23.25
Sugars
8.40
21.00
Sodium
43.00
107.50
Saturated
0.09
0.23
Vitamin C
20.00
50.00
Energy (Cal)
40.20
100.50
Fat
0.09
0.23
Dietary Fibre (total)
0.40
1.00
* Percentage Daily Intakes are based on an average adult diet of 8700 kJ. Your daily intakes may be higher or lower depending on your energy needs.",,https://www.coles.com.au/product/coles-carrot-apple-ginger-oj-500ml-5642210,,,2024-06-16T11:14:19.636507-04:00
Ind54SColes_ADrinks_SAJuice_INudie Tropical Breakfast Juice | 1L,Nudie Tropical Breakfast Juice | 1L,Nudie,Drinks,Juice,Chilled juice,,$6.00,,,$6.00 per 1L,7016541,,,,,,https://www.coles.com.au/product/nudie-tropical-breakfast-juice-1l-7016541,,,2024-06-16T11:14:28.219336-04:00
Ind54SColes_ADrinks_SAStationery & media_ISharpie Permanent Markers Fine Tip | 2 pack,Sharpie Permanent Markers Fine Tip | 2 pack,Sharpie,Drinks,Stationery & media,Stationery,,$3.36,,$5.60,$1.68 per 1ea,3251142,"Bold to the max and permanent to the core, Sharpie Permanent Markers inspire you to transform ordinary surfaces into passionately creative statements. Made to write practically everywhere, vivid Sharpie markers eliminate dull and boring. The original permanent marker, Sharpie has iconic ink that dries quickly and resists both water and fading. While pale imitations wither away, Sharpie markers make creations that endure. Featuring a bold fine point built for jaw-dropping marks, Sharpie Permanent Markers ignite courageous self-expression.
Proudly permanent ink marks on paper, plastic, metal, and most other surfaces

Intensely brilliant colours create eye-popping, vibrant impressions

Remarkably resilient ink dries quickly and resists fading and water; AP certified

Endlessly versatile fine tip makes impressively bold, detailed marks

Colourful options: Includes 2 Black Sharpie permanent markers",,,,,https://www.coles.com.au/product/sharpie-permanent-markers-fine-tip-2-pack-3251142,,,2024-06-16T11:14:36.853085-04:00
Ind54SColes_ADrinks_SAJuice_IDaily Juice Limited Edition | 1L,Daily Juice Limited Edition | 1L,Daily Juice,Drinks,Juice,Chilled juice,,$3.80,,$4.80,$3.80 per 1L,4465378,"Daily Juice has been working since 1989 to create great tasting juice, great for the whole family to enjoy! With fruit ripened in the sun and no added sugar, Daily Juice is packed with good stuff to help kick start your day. 

Daily Juice Co Mango Blend with Vitamin A & C has been created to support your immunity (Vitamin A&C support healthy immune functions when consumed as part of a balanced diet), to help you continue to lead a healthy, happy and balanced lifestyle. 

Proudly Australian owned, made and loved. 

Contains fresh, reconstituted and from time to time, cold-stored juice.  
Your daily dose of happiness!

with vitamin A & C to support immunity

No added sugar

Packed with the good stuff to kick start your day!",,,"Per 100g/ml
Per Serving
%DI
Energy
181kJ
362kJ
4%
Protein
0.4g
0.8g
2%
Total Fat
<1.0g
<1.0g
<1%
Saturated Fat
0.0g
0.0g
0%
Carbohydrate
10g
20g
6%
Sugars
9.0g
18g
20%
Vitamin A
58ug
115ug
15% RDI*
Sodium
2.0mg
4.0mg
<1%
Vitamin C
40mg
80mg
200% RDI*
Energy (Cal)
43Cal
86Cal
Dietary Fibre (total)
0.5g
1.0g
3%
* Percentage Daily Intakes are based on an average adult diet of 8700 kJ. Your daily intakes may be higher or lower depending on your energy needs.",,https://www.coles.com.au/product/daily-juice-limited-edition-1l-4465378,,,2024-06-16T11:14:47.927433-04:00
Ind54SColes_ADrinks_SAJuice_IColes Apple Fruit Drink 250mL | 6 Pack,Coles Apple Fruit Drink 250mL | 6 Pack,Coles,Drinks,Juice,Multi pack juice,,$3.50,,,$2.33 per 1L,2535574,No Artificial Sweeteners35% Fruit Juice,,,"Per 100g/ml
Per Serving
%DI
Energy
152.4
381
Protein
0.1
0.25
Saturated Fat
LESS THAN 1g
LESS THAN 1g
1
Carbohydrate
8.6
21.5
Sugars
8.1
20.25
Sodium
3
7.5
Saturated
0.1
0.25
Energy (Cal)
36
91
Fat
0.1
0.25
Dietary Fibre (total)
0.1
0.25
* Percentage Daily Intakes are based on an average adult diet of 8700 kJ. Your daily intakes may be higher or lower depending on your energy needs.",,https://www.coles.com.au/product/coles-apple-fruit-drink-250ml-6-pack-2535574,,,2024-06-16T11:14:58.619266-04:00
Ind54SColes_ADrinks_SAJuice_ILo Bros Organic Lemon Lime and Bitters Soda Chilled | 330mL,Lo Bros Organic Lemon Lime and Bitters Soda Chilled | 330mL,Lo Bros,Drinks,Juice,Chilled juice,,$3.20,,$4.20,$9.70 per 1L,3214838,"Our live fermented Lemon, Lime & Bitters is made by blending kombucha, raw apple cider vinegar with aromatic bitters made from botanical herb, spice and citrus extracts.
We use traditional fermentation processes to create enzymes and convert natural sugars into beneficial acids. The resulting drink delivers a classic Lemon, Lime & Bitters taste with millions of probiotic bacteria and is naturally low in sugar.",,,"Per 100g/ml
Per Serving
%DI
Energy
<40kJ
<40kJ
Protein
<1g
<1g
Total Fat
<1g
<1g
Saturated Fat
<1g
<1g
Carbohydrate
0.3g
1g
Sugars
0.3g
1g
Sodium
<5mg
<5mg
Dietary Fibre (total)
<1g
<1g
* Percentage Daily Intakes are based on an average adult diet of 8700 kJ. Your daily intakes may be higher or lower depending on your energy needs.",,https://www.coles.com.au/product/lo-bros-organic-lemon-lime-and-bitters-soda-chilled-330ml-3214838,,,2024-06-16T11:15:10.750263-04:00
Ind54SColes_ADrinks_SAJuice_IColes Apple Juice | 2L,Coles Apple Juice | 2L,Coles,Drinks,Juice,Plastic juice bottles,,$2.80,,,$1.40 per 1L,2531530,Coles 2L Apple juice. Made with no added sugar and is a good source of vitamin C,,,"Per 100g/ml
Per Serving
%DI
Energy
181.09
452.73
Protein
0.09
0.23
Carbohydrate
10.30
25.75
Sugars
9.40
23.50
Sodium
8.00
20.00
Saturated
0.09
0.23
Vitamin C
10.00
25.00
Energy (Cal)
43.32
108.31
Fat
0.06
0.15
Dietary Fibre (total)
0.28
0.70
* Percentage Daily Intakes are based on an average adult diet of 8700 kJ. Your daily intakes may be higher or lower depending on your energy needs.",,https://www.coles.com.au/product/coles-apple-juice-2l-2531530,,,2024-06-16T11:15:21.696802-04:00
Ind54SColes_ADrinks_SAJuice_IImpressed Essentials Orange Juice Pulp Free | 1L,Impressed Essentials Orange Juice Pulp Free | 1L,Impressed,Drinks,Juice,Chilled juice,,$4.80,,,$4.80 per 1L,4845620,,,,"Per 100g/ml
Per Serving
%DI
Energy
197kJ
493kJ
Protein
0.6g
1.5g
Total Fat
0.1g
0.1g
Saturated Fat
0.1g
0.1g
Carbohydrate
10.9g
27.3g
Sugars
8.5g
21.3g
Sodium
1mg
1mg
* Percentage Daily Intakes are based on an average adult diet of 8700 kJ. Your daily intakes may be higher or lower depending on your energy needs.",,https://www.coles.com.au/product/impressed-essentials-orange-juice-pulp-free-1l-4845620,,,2024-06-16T11:15:33.843682-04:00
Ind54SColes_ADrinks_SAJuice_IColes Apple Orange Mango Nas | 3L,Coles Apple Orange Mango Nas | 3L,Coles,Drinks,Juice,Chilled juice,,$5.20,,,$1.73 per 1L,7430234,,,,"Per 100g/ml
Per Serving
%DI
Energy
189.80
474.50
Protein
0.10
0.25
Carbohydrate
10.80
27.00
Sugars
9.80
24.50
Sodium
5.00
12.50
Saturated
0.10
0.25
Energy (Cal)
45.41
113.52
Fat
0.10
0.25
Dietary Fibre (total)
0.10
0.25
* Percentage Daily Intakes are based on an average adult diet of 8700 kJ. Your daily intakes may be higher or lower depending on your energy needs.",,https://www.coles.com.au/product/coles-apple-orange-mango-nas-3l-7430234,,,2024-06-16T11:15:44.526545-04:00
Ind54SColes_ADrinks_SAJuice_IDaily Juice No Added Sugar Orange Juice | 2L,Daily Juice No Added Sugar Orange Juice | 2L,Daily Juice,Drinks,Juice,Chilled juice,,$6.20,,,$3.10 per 1L,5129900,"Daily Juice has been working since 1989 to create great tasting juice, great for the whole family to enjoy! With fruit ripened in the sun and no added sugar, Daily Juice is packed with good stuff to help kick start your day. 

For a delicious kick start to your day, pair a glass of delicious Daily Juice Orange Juice with a bowl of delicious and nutritious granola muesli with berries. 

Proudly Australian owned, made and loved. 

Contains fresh, reconstituted and from time to time, cold-stored juice.  
No Added Sugar

5 Star Health rating

With the goodness of Vitamin C

1 serve of fruit per 125mL of fruit Juice as part of a balanced diet

Perfect for breakfast or as a refreshment/snack

Manufactured in Australia.",,,"Per 100g/ml
Per Serving
%DI
Energy
167kJ
334kJ
4%
Protein
0.6g
1.2g
2%
Total Fat
<1.0g
<1.0g
<1%
Saturated Fat
0g
0g
0%
Carbohydrate
8.9g
17.8g
6%
Sugars
8.2g
16.4g
18%
Sodium
2mg
4mg
<1%
Vitamin C
37mg
74mg
185% RDI*
Energy (Cal)
40Cal
80Cal
Dietary Fibre (total)
0.2g
0.4g
1%
Potassium
180mg
360mg
* Percentage Daily Intakes are based on an average adult diet of 8700 kJ. Your daily intakes may be higher or lower depending on your energy needs.",,https://www.coles.com.au/product/daily-juice-no-added-sugar-orange-juice-2l-5129900,,,2024-06-16T11:15:55.860867-04:00
Ind54SColes_ADrinks_SAJuice_IThe Juice Brothers Morning Start Juice | 1L,The Juice Brothers Morning Start Juice | 1L,The Juice Brothers,Drinks,Juice,Chilled juice,,$5.00,,,$5.00 per 1L,7829222,"Extraordinary tasting juice that cares? You're holding it!

Our orange juice is squeezed rather than crushed to preserve the fruit peels. Our orange, apple and pear fruit peels (including the seeds and cores) are reused as local animal feed.

We're also owned, grown and squeezed right here in Australia because we love what we do and want to keep it local.

No added sugar, just natural sweetness of fruit.",,,"Per 100g/ml
Per Serving
%DI
Energy
175kJ
350kJ
4%
Protein
0.3g
0.6g
1%
Total Fat
<1.0g
<1.0g
<1%
Saturated Fat
0.0g
0.0g
0.0g
Carbohydrate
9.7g
19.4g
6%
Sugars
9.2g
18.4g
20%
Sodium
1mg
2mg
<1%
Monounsaturated
0
0
0
Vitamin C
20mg
40mg
Energy (Cal)
42Cal
84Cal
0
Dietary Fibre (total)
0.7g
1.4g
5%
Polyunsaturated
0
0
0
Potassium
110mg
220mg
0
Trans
0
0
0
* Percentage Daily Intakes are based on an average adult diet of 8700 kJ. Your daily intakes may be higher or lower depending on your energy needs.",,https://www.coles.com.au/product/the-juice-brothers-morning-start-juice-1l-7829222,,,2024-06-16T11:16:07.424652-04:00
Ind54SColes_ADrinks_SAJuice_IMildura Juice Apple Guava | 3L,Mildura Juice Apple Guava | 3L,Mildura,Drinks,Juice,Chilled juice,,$5.80,,,$1.93 per 1L,7680560,,,,,,https://www.coles.com.au/product/mildura-juice-apple-guava-3l-7680560,,,2024-06-16T11:16:16.236081-04:00
Ind54SColes_ADrinks_SAJuice_IDaily Juice Pulp Free No Added Sugar Orange Juice | 500mL,Daily Juice Pulp Free No Added Sugar Orange Juice | 500mL,Daily Juice,Drinks,Juice,Chilled juice,,$3.00,,,$6.00 per 1L,8757069,"With great flavour, no added sugar and packed in a convenient 500ml bottle, Daily Juice Orange Pulp Free Juice is the ideal 'on-the-go' pick me up to support your busy lifestyle!

Recharge with Vitamin C, which supports energy and reduces feelings of tiredness and fatigue when consumed as part of a balanced diet. 

Proudly Australian owned, made and loved. 

Contains fresh, reconstituted and from time to time, cold-stored juice. 
No Added Sugar

5 Star Health rating

With the goodness of Vitamin C

1 serve of fruit per 125mL of fruit Juice as part of a balanced diet

Perfect for breakfast or as a refreshment/snack

Manufactured in Australia.",,,"Per 100g/ml
Per Serving
%DI
Energy
167kJ
835kJ
10%
Protein
0.6g
3.0g
6%
Total Fat
<1.0g
<1.0g
<1%
Saturated Fat
0.0g
0.0g
0.0%
Carbohydrate
8.9g
44.5g
14%
Sugars
8.2g
41.0g
46%
Sodium
2.0mg
10.0mg
<1%
Vitamin C
30mg
150mg
375% RDI*
Energy (Cal)
40Cal
200Cal
Dietary Fibre (total)
0.2g
1.0g
3%
Potassium
180mg
900mg
* Percentage Daily Intakes are based on an average adult diet of 8700 kJ. Your daily intakes may be higher or lower depending on your energy needs.",,https://www.coles.com.au/product/daily-juice-pulp-free-no-added-sugar-orange-juice-500ml-8757069,,,2024-06-16T11:16:27.519224-04:00
Ind54SColes_ADrinks_SAJuice_IThe Juice Lab Wellness Shot Focus | 60mL,The Juice Lab Wellness Shot Focus | 60mL,The Juice Lab,Drinks,Juice,Chilled juice,,$2.50,,$3.50,$41.67 per 1L,3960713,"When the brain fog kicks in and you need a mental pick-me-up, pick me up! Formulated with all-natural ingredients to help improve focus and cognitive performance.",,,"Per 100g/ml
Per Serving
%DI
Energy
178kJ
106kJ
Protein
<1g
<1g
Total Fat
<1g
<1g
Saturated Fat
<1g
<1g
Carbohydrate
8.5g
5.1g
Sugars
7.6g
4.5g
Sodium
<5mg
<5mg
* Percentage Daily Intakes are based on an average adult diet of 8700 kJ. Your daily intakes may be higher or lower depending on your energy needs.",,https://www.coles.com.au/product/the-juice-lab-wellness-shot-focus-60ml-3960713,,,2024-06-16T11:16:38.471645-04:00
Ind54SColes_ADrinks_SAJuice_IGolden Circle Breakfast Juice No Added Sugar Pineapple Fruit Juice | 2L,Golden Circle Breakfast Juice No Added Sugar Pineapple Fruit Juice | 2L,Golden Circle,Drinks,Juice,Plastic juice bottles,,$3.50,,$4.80,$1.75 per 1L,9051973,"Golden Circle Breakfast Juice contains a mix of fruit juices and is made with no added sugar. It's always good to start your day with a tasty breakfast, which is why Golden Circle Breakfast Juice is the perfect pairing for your next breakfast. With fruity flavours including apple or pear, pineapple, orange, banana and passionfruit, this juice will be a favourite for the whole family. It's made with no artificial colours, flavours or preservatives. Golden Circle, Share the Sunshine.
No added sugar

No artificial colours, flavours or preservatives

The perfect juice to enjoy with breakfast

Served chilled

Delicious on its own, with savoury dishes, smoothies and desserts",,,"Per 100g/ml
Per Serving
%DI
Energy
190 kJ
380 kJ
Protein
0.2 g
0.4 g
Total Fat
0 g
0 g
Saturated Fat
0 g
0 g
Carbohydrate
10.0 g
20.0 g
Sugars
9.0 g
18.0 g
Sodium
10 mg
20 mg
Vitamin C
40 mg
80 mg (200% RDI*)
Dietary Fibre (total)
0.3 g
0.6 g
* Percentage Daily Intakes are based on an average adult diet of 8700 kJ. Your daily intakes may be higher or lower depending on your energy needs.",,https://www.coles.com.au/product/golden-circle-breakfast-juice-no-added-sugar-pineapple-fruit-juice-2l-9051973,,,2024-06-16T11:16:49.279232-04:00
Ind54SColes_ADrinks_SAJuice_ISunraysia Prune Juice Bottle | 250mL,Sunraysia Prune Juice Bottle | 250mL,Sunraysia,Drinks,Juice,Glass juice bottles,,$2.70,,$3.20,$10.80 per 1L,5051042,"All Natural.

Nothing artificial. 

Put the Spring Back in Your Step!

Prunes are a well-known remedy for keeping your digestive system running at its best; potassium, which contributes to normal nervous system function and iron which contributes to normal cognitive function. Like good wine, our prune juices vary from season to season - as it's all natural!
100% Juice

All Natural

Source of Iron

Source of Fibre, Gut Health Boost

Naturally contains potassium

No added sugar.

No Artificial Colours.

No artificial Flavours.",,,"Per 100g/ml
Per Serving
%DI
Energy
272kJ
680kJ
Protein
0.0g
0.0g
Total Fat
0.0g
0.0g
Saturated Fat
0.0g
0.0g
Carbohydrate
15.3g
38.3g
Sugars
8.0g
20.0g
Sodium
13mg
33mg
Energy (Cal)
65Cal
162Cal
Dietary Fibre (total)
1.0g
2.5g
Iron
1.2mg
3.0mg
Potassium
270mg
675mg
Trans
0.0g
0.0g
* Percentage Daily Intakes are based on an average adult diet of 8700 kJ. Your daily intakes may be higher or lower depending on your energy needs.",,https://www.coles.com.au/product/sunraysia-prune-juice-bottle-250ml-5051042,,,2024-06-16T11:17:00.254292-04:00
Ind54SColes_ADrinks_SAJuice_IFruit Co Juice Plus + Apple | 2L,Fruit Co Juice Plus + Apple | 2L,Fruit Co,Drinks,Juice,Plastic juice bottles,,$3.50,,,$1.75 per 1L,3752294,"Made from 99% Juice and enriched with the goodness of Vitamin C and Fibre, FruitCo Juice is the perfect juice for any occasion. FruitCo Juice comes in a convenient and ergonomic 2L PET grip bottle.",,,"Per 100g/ml
Per Serving
%DI
Energy
180kJ
451kJ
5%
Protein
<1g
<1g
1%
Total Fat
<1g
<1g
1%
Saturated Fat
<1g
<1g
1%
Carbohydrate
10.6g
26.5g
9%
Sugars
9.4g
23.5g
29%
Sodium
5mg
13mg
1%
Vitamin C
10mg
25mg
0%
Dietary Fibre (total)
<1g
<1g
8%
* Percentage Daily Intakes are based on an average adult diet of 8700 kJ. Your daily intakes may be higher or lower depending on your energy needs.",,https://www.coles.com.au/product/fruit-co-juice-plus-+-apple-2l-3752294,,,2024-06-16T11:17:12.296548-04:00
Ind54SColes_ADrinks_SA_IPrima Tropical Fruit Drink Multipack 200mL | 6 pack,Prima Tropical Fruit Drink Multipack 200mL | 6 pack,Prima,Drinks,,,,$4.10,,,"$3.42 per 1L
Was $4.60 on Apr 2024",3530292,"Enjoy Prima Tropical 200mL on the go or at home. As an accompaniment to lunch or an afternoon pick me up! With no preservatives or artificial colours or flavours. Available in a 6 pack of 200mL juice boxes.
20% fruit juice

No added sugar

No preservatives

No artificial colour

No artificial flavours

Convenient pack size.

6 x 200mL Packs.",,,"Per 100g/ml
Per Serving
%DI
Energy
83kJ
166kJ
Protein
0.1g
0.2g
Total Fat
0.0g
0.0g
Saturated Fat
0.0g
0.0g
Carbohydrate
4.7g
9.4g
Sugars
1.7g
3.4g
Sodium
2mg
4mg
Dietary Fibre (total)
0.0g
0.0g
* Percentage Daily Intakes are based on an average adult diet of 8700 kJ. Your daily intakes may be higher or lower depending on your energy needs.",,https://www.coles.com.au/product/prima-tropical-fruit-drink-multipack-200ml-6-pack-3530292,,,2024-06-16T11:17:24.260366-04:00
Ind54SColes_ADrinks_SA_IGolden Circle Tetra Drink Golden Pash 6x250mL | 6 pack,Golden Circle Tetra Drink Golden Pash 6x250mL | 6 pack,Golden Circle,Drinks,,,,$5.10,Pick any 2 for $8,,$3.40 per 1L,5127246,"No birthday party, backyard barbecue or picnic in the park is complete without Golden Circle Golden Pash Fruit Drink. Well-loved in many Australian households, this fruit drink is sure to be a hit. Delicious Golden Circle Golden Pash Fruit Drink is made with no artificial colours, flavours or preservatives, and is best served chilled, straight from the carton. Packed as single serves these are great for on the go. Golden Circle, Share the Sunshine.
No artificial colours

No artificial flavours

No preservatives

A good source of vitamin C

Fruit drink with a delicious combination of different fruit flavours",,,"Per 100g/ml
Per Serving
%DI
Energy
175 kJ
440 kJ
Protein
0 g
0 g
Total Fat
0 g
0 g
Saturated Fat
0 g
0 g
Carbohydrate
9.5 g
23.8 g
Sugars
9.3 g
23.3 g
Sodium
9 mg
23 mg
Vitamin C
15 mg
37 mg (92% RDI*)
15 mg
* Percentage Daily Intakes are based on an average adult diet of 8700 kJ. Your daily intakes may be higher or lower depending on your energy needs.",,https://www.coles.com.au/product/golden-circle-tetra-drink-golden-pash-6x250ml-6-pack-5127246,,,2024-06-16T11:17:35.860446-04:00
Ind54SColes_ADrinks_SAJuice_IGrove Juice Orange Pulp Free | 1.5L,Grove Juice Orange Pulp Free | 1.5L,Grove Juice,Drinks,Juice,Chilled juice,,$6.95,,,$4.63 per 1L,7016100,100% Australian Owned and Grown.,,,"Per 100g/ml
Per Serving
%DI
Energy
174kJ
348kJ
Protein
0.5g
1g
Total Fat
0.1g
0.2g
Saturated Fat
<0.1g
<0.1g
Carbohydrate
9.4g
18.8g
Sugars
9.1g
18.2g
Sodium
<5mg
<5mg
* Percentage Daily Intakes are based on an average adult diet of 8700 kJ. Your daily intakes may be higher or lower depending on your energy needs.",,https://www.coles.com.au/product/grove-juice-orange-pulp-free-1.5l-7016100,,,2024-06-16T11:17:46.536290-04:00
Ind54SColes_ADrinks_SAJuice_IColes F&V Juice Gut Goodness | 1L,Coles F&V Juice Gut Goodness | 1L,Coles,Drinks,Juice,Plastic juice bottles,,$2.90,,,$2.90 per 1L,6604431,"With prebiotic fibre for gut health 4 Serves of fruit & veg in every bottle Sweet Potato, Apple, Carrot & Spinach Juice No Added Sugar",,,"Per 100g/ml
Per Serving
%DI
Energy
193.60
484.00
Protein
0.50
1.25
Carbohydrate
10.20
25.50
Sugars
8.50
21.25
Soluble Fibre
1.00
2.50
Sodium
48.00
120.00
Saturated
0.00
0.00
Vitamin C
20.00
50.00
Energy (Cal)
46.32
115.79
Fat
0.10
0.25
Dietary Fibre (total)
1.00
2.50
* Percentage Daily Intakes are based on an average adult diet of 8700 kJ. Your daily intakes may be higher or lower depending on your energy needs.",,https://www.coles.com.au/product/coles-fandv-juice-gut-goodness-1l-6604431,,,2024-06-16T11:17:57.432637-04:00
Ind54SColes_ADrinks_SAJuice_ILo Bros Organic Kombucha Pineapple And Lime | 750mL,Lo Bros Organic Kombucha Pineapple And Lime | 750mL,Lo Bros,Drinks,Juice,Chilled juice,,$7.70,Pick any 2 for $9,,$10.27 per 1L,3210000,"We've taken the joy of summerÂ¦and bottled it. The fresh taste of pineapple with a splash of lime, lightly sparkling, naturally sweet and full of living cultures - it's so tasty you'd run a mile on hot sand to get one! It's time to rethink your drink! Lo Bros brews better-for-you drinks using a little process we like to call the Cycle of Doin' Good. It kicks off with old-school fermentation and know-how using the best organic ingredients, then transforms those bad old sugars into tasty drinks and positive change. Naturally low in sugar, bubbling with millions of living cultures, bursting with refreshing feel good flavour & giving the planet a helping hand too.",,,"Per 100g/ml
Per Serving
%DI
Energy
<40kJ
<40kJ
Protein
<1g
<1g
Total Fat
<1g
<1g
Saturated Fat
<1g
<1g
Carbohydrate
0.3g
0.8g
Sugars
0.3g
0.8g
Sodium
<5mg
<5mg
Dietary Fibre (total)
<1g
<1g
* Percentage Daily Intakes are based on an average adult diet of 8700 kJ. Your daily intakes may be higher or lower depending on your energy needs.",,https://www.coles.com.au/product/lo-bros-organic-kombucha-pineapple-and-lime-750ml-3210000,,,2024-06-16T11:18:08.150040-04:00
Ind54SColes_ADrinks_SAJuice_IRemedy Shot Immune Plus | 60mL,Remedy Shot Immune Plus | 60mL,Remedy,Drinks,Juice,Chilled juice,,$2.50,,$3.50,$41.67 per 1L,4471440,"Your daily multivitamin just got a glow up! With Vitamin A, C and B6, Remedy Immune+ is the perfect friend to have on standby in the pantry, the fridge or your handbag when you've had one too many nights on the wines (we ain't judgin'), work is kickin' your butt, or you just need that extra immune boost. Remedy Shots are:
No sugar, for real
All Natural
Certified Organic
Full of flavour
Vegan
Gluten Free
A-Ok in or out of the fridge",,,"Per 100g/ml
Per Serving
%DI
Energy
18kJ
11kJ
Protein
<1g
<1g
Total Fat
<1g
<1g
Saturated Fat
<1g
<1g
Carbohydrate
<1g
<1g
Sugars
0g
0g
Vitamin A
125mg
75mg
10%
Sodium
<5mg
<5mg
Vitamin C
17mg
10mg
25%
Dietary Fibre (total)
<1g
<1g
Vitamin B6
0.3mg
0.2mg
11%
* Percentage Daily Intakes are based on an average adult diet of 8700 kJ. Your daily intakes may be higher or lower depending on your energy needs.",,https://www.coles.com.au/product/remedy-shot-immune-plus-60ml-4471440,,,2024-06-16T11:18:18.980036-04:00
Ind54SColes_ADrinks_SABeverages_IDaily Juice Green Juice | 2L,Daily Juice Green Juice | 2L,Daily Juice,Drinks,Beverages,Water & juices,,$5.90,,,"$2.95 per 1L
Was $6.20 on Jun 2024",5627930,"Daily Juice has been working since 1989 to create great tasting juice, great for the whole family to enjoy! With fruit ripened in the sun and no added sugar, Daily Juice is packed with good stuff to help kick start your day. 

A glass of delicious green juice blend is a great pick me up when you've got a long busy day ahead. With a blend of folate and vitamin C, Daily Juice Green Blend and Folate juice helps to reduce tiredness and fatigue when consumed as part of a balanced diet. 

Proudly Australian owned, made and loved. 

Contains fresh, reconstituted and from time to time, cold-stored juice.  
No added sugar

Proudly Aussie owned and Aussie made",,,"Per 100g/ml
Per Serving
%DI
Energy
184kJ
368kJ
4%
Protein
0.4g
0.8g
2%
Total Fat
<1.0g
<1.0g
<1%
Saturated Fat
0.0g
0.0g
0%
Carbohydrate
10.0g
20.0g
6%
Sugars
9.4g
18.8g
21%
Sodium
2mg
4mg
<1%
Monounsaturated
0
0
0
Vitamin C
30mg
60mg
Energy (Cal)
44Cal
88Cal
0
Dietary Fibre (total)
0.3g
0.6g
2%
Polyunsaturated
0
0
0
Trans
0
0
0
* Percentage Daily Intakes are based on an average adult diet of 8700 kJ. Your daily intakes may be higher or lower depending on your energy needs.",,https://www.coles.com.au/product/daily-juice-green-juice-2l-5627930,,,2024-06-16T11:18:29.895133-04:00
Ind54SColes_ADrinks_SAJuice_IOcean Spray Classic Cranberry Juice Drink | 1.5L,Ocean Spray Classic Cranberry Juice Drink | 1.5L,Ocean Spray,Drinks,Juice,Plastic juice bottles,,$6.40,,,$4.27 per 1L,9793057,"Enjoy the crisp, clean taste of cranberries loaded with antioxidants from 55 cranberries and 100% daily requirement of Vitamin C.",,,"Per 100g/ml
Per Serving
%DI
Energy
206kJ
516kJ
Protein
0g
0g
Total Fat
0g
0g
Saturated Fat
0g
0g
Carbohydrate
11.5g
28.7g
Sugars
11.3g
28.2g
Sodium
4mg
9mg
Vitamin C
16mg
40mg
100%
Potassium
20mg
50mg
* Percentage Daily Intakes are based on an average adult diet of 8700 kJ. Your daily intakes may be higher or lower depending on your energy needs.",,https://www.coles.com.au/product/ocean-spray-classic-cranberry-juice-drink-1.5l-9793057,,,2024-06-16T11:18:40.679859-04:00
Ind54SColes_ADrinks_SAJuice_IGolden Circle  Guava Nectar Tetra Fruit Drink | 1L,Golden Circle  Guava Nectar Tetra Fruit Drink | 1L,Golden Circle,Drinks,Juice,Plastic juice bottles,,$3.10,,$3.60,$3.10 per 1L,4801850,"A sweet addition to mocktails, smoothies and even savoury recipes, Golden Circle Guava Nectar is a pantry staple. Blend with some frozen fruit for a cooling summer drink or make a rib marinade with this nectar for your next family barbecue. Golden Circle Guava Nectar is a great way to add flavour to sweet and savoury dishes. This nectar is a good source of vitamin C and contains no artificial colours, flavours or preservatives. Get creative in summer by mixing Golden Circle Guava Nectar with lime, butter, sugar & egg yolks to create a citrus butter for pastries or bread. Golden Circle, Share the Sunshine.
Sweet ingredient for smoothies, mocktails and recipes

Good source of vitamin C

No artificial flavours or colours

No preservatives",,,"Per 100g/ml
Per Serving
%DI
Energy
255kJ
510kJ
Protein
0g
0g
Total Fat
0g
0g
Saturated Fat
0g
0g
Carbohydrate
14.4g
28.8g
Sugars
14.0g
28.0g
Sodium
6mg
12mg
Vitamin C
40mg
80mg (200% RDI*)
* Percentage Daily Intakes are based on an average adult diet of 8700 kJ. Your daily intakes may be higher or lower depending on your energy needs.",,https://www.coles.com.au/product/golden-circle-guava-nectar-tetra-fruit-drink-1l-4801850,,,2024-06-16T11:19:37.412552-04:00
Ind54SColes_ADrinks_SAJuice_IColes Green Juice | 2L,Coles Green Juice | 2L,Coles,Drinks,Juice,Chilled juice,,$5.50,,,$2.75 per 1L,5641294,,,,"Per 100g/ml
Per Serving
%DI
Energy
221
551
6
Protein
LESS THAN 1g
2.0
4
Total Fat
LESS THAN 1g
LESS THAN 1g
1
Saturated Fat
LESS THAN 1g
LESS THAN 1g
1
Carbohydrate
11.5
28.8
9
Sodium
5
13
1
Energy (Cal)
53
132
* Percentage Daily Intakes are based on an average adult diet of 8700 kJ. Your daily intakes may be higher or lower depending on your energy needs.",,https://www.coles.com.au/product/coles-green-juice-2l-5641294,,,2024-06-16T11:19:48.253898-04:00
Ind54SColes_ADrinks_SAJuice_ICampbell's V8 Tropical Juice Multipack 250mL | 3 pack,Campbell's V8 Tropical Juice Multipack 250mL | 3 pack,Campbells,Drinks,Juice,Multi pack juice,,$4.00,,$4.50,$5.33 per 1L,7945223,"V8 Tropical juice is a healthy antioxidant boost. This apple, pineapple, passionfruit and carrot juice contains vitamins. Take one of these perfectly sized lunchbox drinks with your packed lunch to enjoy anywhere. Share this multipack of fruit and vegetable juices with a friend for a healthy morning pick-me-up. Or if you're short on time, it's the perfect ambient juice for an on-the-go afternoon top up. Grab yourself a V8 fuel up!
No artificial flavours or colours
No added preservatives or added sugar
Source of vitamin A and antioxidant vitamin C",,,"Per 100g/ml
Per Serving
%DI
Energy
184kJ
459kJ
0
Protein
0.4g
1.0g
0
Total Fat
0.1g
0.2g
0
Saturated Fat
<0.1
0.1g
0
Carbohydrate
10.0g
25.1g
0
Sugars
8.6g
21.4g
0
Vitamin A
75ug
188ug
Sodium
22mg
54mg
0
Monounsaturated
0
0
0
Vitamin C
2mg
4mg
Energy (Cal)
44Cal
110Cal
0
Dietary Fibre (total)
0.4g
0.9g
0
Polyunsaturated
0
0
0
Trans
0
0
0
* Percentage Daily Intakes are based on an average adult diet of 8700 kJ. Your daily intakes may be higher or lower depending on your energy needs.","Each pack contains the juice of: Apple (37.5%)(Reconstituted Juice), Carrot (30%)(Reconstituted Juice), Orange (14%)(Reconstituted Juice), Pear (9.2%)(Reconstituted Juice), Pineapple (7.5%)(Reconstituted Juice), Passionfruit (1%)(Reconstituted Juice), Banana (<1%), Food Acids (Malic Acid, Citric Acid), Vitamin C, Natural Flavours.",https://www.coles.com.au/product/campbell's-v8-tropical-juice-multipack-250ml-3-pack-7945223,,,2024-06-16T11:19:59.278296-04:00
Ind54SColes_ADrinks_SAJuice_IYoufoodz Youjuice Getcha Greens | 350mL,Youfoodz Youjuice Getcha Greens | 350mL,Youfoodz,Drinks,Juice,Chilled juice,,$4.00,,,$11.43 per 1L,5638449,"Sip your way to good health with Youfoodz meanest, greenest blend yet. Youjuice Getcha Greens (350ml) is the easiest way to get your daily greens on the go with apple, pineapple, cucumber, kale, spinach, zucchini, broccoli, and a minty fresh finish.",,,"Per 100g/ml
Per Serving
%DI
Energy
141kJ
497kJ
Protein
Less than 1g
1.9g
Total Fat
Less than 1g
1.2g
Saturated Fat
Less than 1g
Less than 1g
Carbohydrate
6.8g
23.7g
Sugars
6.8g
23.7g
Sodium
8mg
28mg
Energy (Cal)
34Cal
119Cal
* Percentage Daily Intakes are based on an average adult diet of 8700 kJ. Your daily intakes may be higher or lower depending on your energy needs.",,https://www.coles.com.au/product/youfoodz-youjuice-getcha-greens-350ml-5638449,,,2024-06-16T11:20:10.153727-04:00
Ind54SColes_ADrinks_SAJuice_IGolden Circle  Pineapple Juice Fruit Juice | 2L,Golden Circle  Pineapple Juice Fruit Juice | 2L,Golden Circle,Drinks,Juice,Plastic juice bottles,,$4.80,,,$2.40 per 1L,5487536,"Brighten up your week with a glass of Golden Circle Pineapple Juice. Made with no added sugar, this juice is a great way to cool down on a warm day. Containing no artificial colours, flavours or preservatives, and made with no added sugar, Golden Circle Pineapple Juice is a great juice for the whole family to enjoy. Enjoy Golden Circle Pineapple Juice in a fruity smoothie, frozen into ice blocks or mixed into a mocktail. Golden Circle, Share the Sunshine.
No added sugar

No artificial colours, flavours or preservatives

A great way to cool down on a warm day

Refreshing drink

Delicious on its own, with savoury dishes, or with desserts",,,"Per 100g/ml
Per Serving
%DI
Energy
205 kJ
410 kJ
Protein
0.1 g
0.2 g
Total Fat
0 g
0 g
Saturated Fat
0 g
0 g
Carbohydrate
11.0 g
22.0 g
Sugars
11.0 g
22.0 g
Sodium
9 mg
18 mg
Vitamin C
40 mg
80 mg (200% RDI*)
Dietary Fibre (total)
0.2 g
0.4 g
* Percentage Daily Intakes are based on an average adult diet of 8700 kJ. Your daily intakes may be higher or lower depending on your energy needs.",,https://www.coles.com.au/product/golden-circle-pineapple-juice-fruit-juice-2l-5487536,,,2024-06-16T11:20:21.038575-04:00
Ind54SColes_ADrinks_SAJuice_ISunraysia Pouch 99.9% Tropical Juice | 200mL,Sunraysia Pouch 99.9% Tropical Juice | 200mL,Sunraysia,Drinks,Juice,Plastic juice bottles,,$1.50,Pick any 5 for $5.30,,$7.50 per 1L,4159112,"Sunraysia pouches are a wholesome great tasting range of juices with added sugar, no artificial colours, flavours or preservatives. Available in a convenient, durable 200ml single serve pouch that won't split or break. Also great frozen or as a slushie - the perfect addition to any lunchbox.
- 100% Natural.
- Non genetically modified.
- Nothing Artificial.
- No added sugars or preservatives.
- Good Source of Vitamin C.
- 99.9 % Juice.
- BPA Free.
100% Natural

1 Serve of Fruit*

Good Source of Vitamin C

99.9 % Juice, no added sugar

Non genetically modified

Vegetarian & Vegan Friendly.

No artificial colours, flavours or preservatives.

Great Frozen.",,,"Per 100g/ml
Per Serving
%DI
Energy
201kJ
402kJ
Protein
0.1g
0.2g
Total Fat
0.0g
0.0g
Saturated Fat
0.0g
0.0g
Carbohydrate
11.7g
23.4g
Sugars
11.3g
22.6g
Sodium
9mg
18mg
Vitamin C
15mg
30mg
75% RDI#
Energy (Cal)
47Cal
94Cal
Trans
0.0g
0.0g
* Percentage Daily Intakes are based on an average adult diet of 8700 kJ. Your daily intakes may be higher or lower depending on your energy needs.",,https://www.coles.com.au/product/sunraysia-pouch-99.9percent-tropical-juice-200ml-4159112,,,2024-06-16T11:20:31.975129-04:00
Ind54SColes_ADrinks_SAColes Finest_IColes Finest Apple Juice | 2L,Coles Finest Apple Juice | 2L,Coles,Drinks,Coles Finest,Fruit & Fruit Juice,,$5.20,,,$2.60 per 1L,3927117,Refreshing Coles 2L cloudy apple juice made with 100% Australian apples and no added sugar. A refreshing beverage for anytime of day.,,,"Per 100g/ml
Per Serving
%DI
Energy
211.82
529.55
Protein
0.20
0.50
Carbohydrate
12.00
30.00
Sugars
11.10
27.75
Sodium
3.30
8.25
Saturated
0.09
0.23
Energy (Cal)
50.67
126.69
Fat
0.10
0.25
Dietary Fibre (total)
0.09
0.23
* Percentage Daily Intakes are based on an average adult diet of 8700 kJ. Your daily intakes may be higher or lower depending on your energy needs.",,https://www.coles.com.au/product/coles-finest-apple-juice-2l-3927117,,,2024-06-16T11:20:42.744616-04:00
Ind54SColes_ADrinks_SAJuice_IBickford's Cranberry Juice Drink | 1L,Bickford's Cranberry Juice Drink | 1L,Bickfords,Drinks,Juice,Glass juice bottles,,$5.50,,,$5.50 per 1L,9097249,"There's nothing like a chilled glass of Cranberry to make you smile. Not only does it taste amazing, there's an antioxidant hit and some Vitamin C too! And best of all, there's nothing artificial and no preservatives because we know that's important to you.",,,"Per 100g/ml
Per Serving
%DI
Energy
221kJ
553kJ
Protein
<0g
<0g
Total Fat
0g
0g
Saturated Fat
0g
0g
Carbohydrate
13g
32.3g
Sugars
12g
30g
Sodium
1mg
2.5mg
Monounsaturated
0g
0g
Dietary Fibre (total)
0g
0g
Polyunsaturated
0g
0g
Trans
0g
0g
* Percentage Daily Intakes are based on an average adult diet of 8700 kJ. Your daily intakes may be higher or lower depending on your energy needs.",,https://www.coles.com.au/product/bickford's-cranberry-juice-drink-1l-9097249,,,2024-06-16T11:20:54.828068-04:00
Ind54SColes_ADrinks_SAJuice_IOcean Spray Ruby Red Grapefruit Juice | 1.5L,Ocean Spray Ruby Red Grapefruit Juice | 1.5L,Ocean Spray,Drinks,Juice,Plastic juice bottles,,$6.40,,,$4.27 per 1L,4950759,"Made with ruby red grapefruits, which have a unique deep red colour and vibrant taste, plus 100% daily requirement of Antioxidant Vitamin C.",,,"Per 100g/ml
Per Serving
%DI
Energy
201kJ
503kJ
Protein
0g
0g
Total Fat
0g
0g
Saturated Fat
0g
0g
Carbohydrate
11g
27.6g
Sugars
10.8g
27g
Sodium
4mg
9mg
Vitamin C
16mg
40mg
100%
Potassium
39mg
96mg
* Percentage Daily Intakes are based on an average adult diet of 8700 kJ. Your daily intakes may be higher or lower depending on your energy needs.",,https://www.coles.com.au/product/ocean-spray-ruby-red-grapefruit-juice-1.5l-4950759,,,2024-06-16T11:21:05.963269-04:00
Ind54SColes_ADrinks_SAJuice_IDevondale Sparkling Juice Apple | 750mL,Devondale Sparkling Juice Apple | 750mL,Devondale,Drinks,Juice,Glass juice bottles,,$3.20,,$3.65,$4.27 per 1L,4412622,"Australian owned and made
100% natural
No added sugar, colours or preservatives.
100% Sparkling Juice

100% Natural

No added sugar.

No added colours or preservatives.

Kosher",,,"Per 100g/ml
Per Serving
%DI
Energy
206kJ
515kJ
Protein
0g
0g
Total Fat
0g
0g
Saturated Fat
0g
0g
Carbohydrate
12.1g
30.3g
Sugars
9.7g
24.3g
Sodium
5mg
13mg
Energy (Cal)
49Cal
123Cal
* Percentage Daily Intakes are based on an average adult diet of 8700 kJ. Your daily intakes may be higher or lower depending on your energy needs.",,https://www.coles.com.au/product/devondale-sparkling-juice-apple-750ml-4412622,,,2024-06-16T11:21:17.106461-04:00
Ind54SColes_ADrinks_SAJuice_IArepa Nootropic Brain Drink Performance | 300mL,Arepa Nootropic Brain Drink Performance | 300mL,Arepa,Drinks,Juice,Chilled juice,,$7.00,,,$23.33 per 1L,3986466,"Arepa Nootropic Brain Drink Performance 300mL. Designed to keep you calm and thinking clear, from procrastination, brain fog, stress and mental blocks. Formulated by our world-renowned Neuroscientist. ?repay is based on decades of clinical research along with our own independent studies on our finished formula. 100% Natural, Caffeine-free, Effects you can feel.",,,"Per 100g/ml
Per Serving
%DI
Energy
52kJ
155kJ
Protein
12g
37g
Total Fat
0.1g
0.4g
Saturated Fat
0g
0g
Carbohydrate
7.7g
23g
Sugars
4.9g
14.8g
Sodium
3mg
8mg
* Percentage Daily Intakes are based on an average adult diet of 8700 kJ. Your daily intakes may be higher or lower depending on your energy needs.",,https://www.coles.com.au/product/arepa-nootropic-brain-drink-performance-300ml-3986466,,,2024-06-16T11:21:27.958657-04:00
Ind54SColes_ADrinks_SAJuice_IFruit Co Juice Plus + Grape | 2L,Fruit Co Juice Plus + Grape | 2L,Fruit Co,Drinks,Juice,Plastic juice bottles,,$3.50,,,$1.75 per 1L,3752319,"Made from 99% Juice and enriched with the goodness of Vitamin C and Fibre, FruitCo Juice is the perfect juice for any occasion. FruitCo Juice comes in a convenient and ergonomic 2L PET grip bottle.",,,"Per 100g/ml
Per Serving
%DI
Energy
238kJ
595kJ
7%
Protein
<1g
<1g
1%
Total Fat
<1g
<1g
1%
Saturated Fat
<1g
<1g
1%
Carbohydrate
14g
35g
12%
Sugars
13.7g
34.3g
39%
Sodium
5mg
13mg
1%
Vitamin C
10mg
25mg
0%
Dietary Fibre (total)
<1g
<1g
8%
* Percentage Daily Intakes are based on an average adult diet of 8700 kJ. Your daily intakes may be higher or lower depending on your energy needs.",,https://www.coles.com.au/product/fruit-co-juice-plus-+-grape-2l-3752319,,,2024-06-16T11:21:39.122194-04:00
Ind54SColes_ADrinks_SAJuice_IGolden Circle Aussie Blends Queensland Quencher | 1.5L,Golden Circle Aussie Blends Queensland Quencher | 1.5L,Golden Circle,Drinks,Juice,Plastic juice bottles,,$5.50,Pick any 2 for $7,,$3.67 per 1L,6824121,"Golden Circle Aussie Blends Queensland Quencher Apple & Pineapple Fruit Drink flavour brings a refreshing combo of sweetness and citrus zing. Best served chilled, it's perfect for pairing with your favourite meals or just sipping on its own. Golden Circle Aussie Blends Queensland Quencher Apple & Pineapple Fruit Drink is a sweet and tangy tropical fruit drink with a zesty kick. Proudly made with Australian-grown fruit, it contains no added sugar and no artificial colours, flavours or preservatives. Enjoy it chilled or served over ice.
Refreshing tropical fruit drink

No artificial colours, flavours or preservatives

No added sugar

Contains 99% Australian ingredients

Proudly made with Australian-grown fruit",,,"Per 100g/ml
Per Serving
%DI
Energy
110 kJ
220 kJ
Protein
0.1 g
0.2 g
Total Fat
0 g
0 g
Saturated Fat
0 g
0 g
Carbohydrate
6.0 g
12.0 g
Sugars
5.7 g
11.4 g
Sodium
13 mg
26 mg
Vitamin C
33 mg
66 mg (165% RDI*)
Dietary Fibre (total)
0.1 g
0.2 g
* Percentage Daily Intakes are based on an average adult diet of 8700 kJ. Your daily intakes may be higher or lower depending on your energy needs.","Reconstituted Fruit Juice [Apple (30%), Pineapple (25%)], Water, Food Acid (Malic Acid), Natural Flavours, Vitamin C, Stabiliser (466).",https://www.coles.com.au/product/golden-circle-aussie-blends-queensland-quencher-1.5l-6824121,,,2024-06-16T11:21:50.501157-04:00
Ind54SColes_ADrinks_SAJuice_INudie Nothing But Pine Lime | 1L,Nudie Nothing But Pine Lime | 1L,Nudie,Drinks,Juice,Chilled juice,,$6.00,,,$6.00 per 1L,7670114,,,,,,https://www.coles.com.au/product/nudie-nothing-but-pine-lime-1l-7670114,,,2024-06-16T11:21:59.099199-04:00
Ind54SColes_ADrinks_SAJuice_IArepa Nootropic Brain Drink Lite & Sparkling | 300mL,Arepa Nootropic Brain Drink Lite & Sparkling | 300mL,Arepa,Drinks,Juice,Chilled juice,,$7.00,,,$23.33 per 1L,3986499,"Arepa Nootropic Brain Drink Lite & Sparkling 300mL. Designed to keep you calm and thinking clear, from procrastination, brain fog, stress and mental blocks. Formulated by our world-renowned Neuroscientist. ?repay is based on decades of clinical research along with our own independent studies on our finished formula. 100% Natural, Caffeine-free, Effects you can feel.",,,"Per 100g/ml
Per Serving
%DI
Energy
33kJ
99kJ
Protein
7.9g
23.7g
Total Fat
0.1g
0.3g
Saturated Fat
0g
0g
Carbohydrate
2.3g
6.9g
Sugars
0.6g
1.8g
Sodium
0.5mg
1.5mg
* Percentage Daily Intakes are based on an average adult diet of 8700 kJ. Your daily intakes may be higher or lower depending on your energy needs.",,https://www.coles.com.au/product/arepa-nootropic-brain-drink-lite-and-sparkling-300ml-3986499,,,2024-06-16T11:22:10.070481-04:00
Ind54SColes_ADrinks_SAJuice_INudie Carrot Apple Orange & Ginger Juice Chilled | 2L,Nudie Carrot Apple Orange & Ginger Juice Chilled | 2L,Nudie,Drinks,Juice,Chilled juice,,$7.00,,$8.50,$3.50 per 1L,3118313,"Waltz into a fancy pants blend of five-star deliciousness. with double the goodness to boast about, you'll feel like serving these juice from a golden platter (we won't mind if you do!).
Made with 100% real fruit and veg

No added sugar

No preservatives

No artificial flavours

100% Australian Fruit and Veg",,,"Per 100g/ml
Per Serving
%DI
Energy
172kJ
430kJ
Protein
Less than 1g
1.0g
Total Fat
Less than 1g
Less than 1g
Saturated Fat
Less than 1g
Less than 1g
Carbohydrate
9.3g
23.3g
Sugars
8.1g
20.2g
Sodium
33mg
83mg
Dietary Fibre (total)
Less than 1g
1g
Potassium
100mg
250mg
* Percentage Daily Intakes are based on an average adult diet of 8700 kJ. Your daily intakes may be higher or lower depending on your energy needs.",,https://www.coles.com.au/product/nudie-carrot-apple-orange-and-ginger-juice-chilled-2l-3118313,,,2024-06-16T11:22:22.315805-04:00
Ind54SColes_ADrinks_SAStationery & media_ISharpie S-Gel Pens Black | 2 pack,Sharpie S-Gel Pens Black | 2 pack,Sharpie,Drinks,Stationery & media,Stationery,,$4.80,,$8.00,$2.40 per 1ea,3785555,"The power of Sharpie is now in a gel pen with the Sharpie S-Gel. With no smear, no bleed technology and bold, best-in-class ink, this Sharpie pen delivers always-vivid writing. It's a high-performance gel pen with a sleek, professional look that makes it a writing instrument you won't want to loan out. And the contoured rubber grip makes for comfortable writing during any task. Available in multiple point sizes, barrel finishes and gel ink colours, Sharpie S-Gel offers a smooth writing experience perfect for homes, schools, or offices.
Gel pen with no smear, no bleed technology

Intensely bold gel ink colours offer always vivid writing

Contoured rubber grip for a comfortable writing experience

Medium Point (0.7mm)

Includes 2 black gel ink pens",,,,,https://www.coles.com.au/product/sharpie-s-gel-pens-black-2-pack-3785555,,,2024-06-16T11:22:31.481817-04:00
Ind54SColes_ADrinks_SAJuice_ICampbell's V8 Purple Power Juice | 1.25L,Campbell's V8 Purple Power Juice | 1.25L,Campbells,Drinks,Juice,Plastic juice bottles,,$4.80,,$6.00,$3.84 per 1L,2528342,"V8 Power Blend Purple Power juice is a healthy antioxidant boost. This purple carrot, beetroot and apple juice contains vitamins. Share this fruit and veg juice with a friend for a healthy morning pick-me-up. Or if you're short on time, it's the perfect ambient juice for an on-the-go afternoon top up. Grab yourself a V8 Power Blend fuel up!
No artificial flavours or colours
No added preservatives or added sugar
Source of antioxidant vitamin C",,,"Per 100g/ml
Per Serving
%DI
Energy
161kJ
402kJ
0
Protein
0.6g
1.5g
0
Total Fat
0.1g
0.2g
0
Saturated Fat
0.1g
0.1g
0
Carbohydrate
8.5g
21.3g
0
Sugars
8.0g
20.0g
0
Sodium
24mg
59mg
0
Monounsaturated
0
0
0
Vitamin C
4mg
10mg
Energy (Cal)
38Cal
96Cal
0
Dietary Fibre (total)
0.2g
0.5g
0
Polyunsaturated
0
0
0
Trans
0
0
0
* Percentage Daily Intakes are based on an average adult diet of 8700 kJ. Your daily intakes may be higher or lower depending on your energy needs.",,https://www.coles.com.au/product/campbell's-v8-purple-power-juice-1.25l-2528342,,,2024-06-16T11:22:42.383662-04:00
Ind54SColes_ADrinks_SAJuice_IGolden Circle 100% Juice Grape | 2L,Golden Circle 100% Juice Grape | 2L,Golden Circle,Drinks,Juice,Plastic juice bottles,,$4.80,,,$2.40 per 1L,4754375,"Golden Circle Grape Juice is vibrant in both taste and colour. Enjoy it chilled or mix into a smoothie for breakfast. Made with no artificial colours, flavours or preservatives, Golden Circle Grape Juice brings the delicious flavour of grapes into a delicious bright juice. Serve chilled over ice on a warm day or blend into your favourite fruit smoothie for added flavour. Golden Circle Grape Juice contains no added sugar. Golden Circle, Share the Sunshine.
No added sugar

No artificial colour or flavours

Best enjoyed chilled

No preservatives

Delicious in a smoothie",,,"Per 100g/ml
Per Serving
%DI
Energy
270 kJ
540 kJ
Protein
0.1 g
0.2 g
Total Fat
0 g
0 g
Saturated Fat
0 g
0 g
Carbohydrate
15.3 g
30.6 g
Sugars
14.6 g
29.2 g
Sodium
7 mg
14 mg
Vitamin C
40 mg
80 mg (200% RDI*)
Dietary Fibre (total)
0 g
0 g
* Percentage Daily Intakes are based on an average adult diet of 8700 kJ. Your daily intakes may be higher or lower depending on your energy needs.",,https://www.coles.com.au/product/golden-circle-100percent-juice-grape-2l-4754375,,,2024-06-16T11:22:53.349697-04:00
Ind54SColes_ADrinks_SAJuice_IColes Juice Orange | 2L,Coles Juice Orange | 2L,Coles,Drinks,Juice,Plastic juice bottles,,$3.35,,,$1.68 per 1L,2531551,Coles Orange Juice 2L. Made with no added sugar and a good source of vitamin C. The perfect refreshing breakfast beverage.,,,"Per 100g/ml
Per Serving
%DI
Energy
155.83
389.58
Protein
0.50
1.25
Total Fat
0.09
0.23
Carbohydrate
8.00
20.00
Sugars
7.30
18.25
Sodium
5.00
12.50
Saturated
0.09
0.23
Vitamin C
10.00
25.00
Energy (Cal)
37.28
93.20
Dietary Fibre (total)
1.00
2.50
* Percentage Daily Intakes are based on an average adult diet of 8700 kJ. Your daily intakes may be higher or lower depending on your energy needs.",,https://www.coles.com.au/product/coles-juice-orange-2l-2531551,,,2024-06-16T11:23:04.306619-04:00
Ind54SColes_ADrinks_SABeverages_IRemedy Kombucha Raspberry Lemonade | 750mL,Remedy Kombucha Raspberry Lemonade | 750mL,Remedy,Drinks,Beverages,Water & juices,,$5.90,,,"$7.87 per 1L
Was $7.50 on May 2024",3896931,"No sugar. No Nasties. Just REAL kombucha made the old-school way, brewed over 30 days. Our Raspberry Lemonade is a nostalgic childhood flavour upgraded to an all-natural kombucha filled with live cultures, organic acids and antioxidants. This guilt-free, no-sugar fizzy drink is safe for kids and allergen-free. Remedy Kombucha contains:
No Sugar, for real
All Natural
Certified Organic
Low on Caloriesl
Vegan
Gluten Free",,,"Per 100g/ml
Per Serving
%DI
Energy
12kJ
40kJ
Protein
<1g
<1g
Total Fat
<1g
<1g
Saturated Fat
<1g
<1g
Carbohydrate
<1g
<1g
Sugars
0g
0g
Sodium
<5mg
<5mg
Dietary Fibre (total)
<1g
<1g
* Percentage Daily Intakes are based on an average adult diet of 8700 kJ. Your daily intakes may be higher or lower depending on your energy needs.",,https://www.coles.com.au/product/remedy-kombucha-raspberry-lemonade-750ml-3896931,,,2024-06-16T11:23:15.975070-04:00
Ind54SColes_ADrinks_SAJuice_IColes Tropical Juice 250mL | 6 pack,Coles Tropical Juice 250mL | 6 pack,Coles,Drinks,Juice,Multi pack juice,,$4.00,,,$2.67 per 1L,2535643,Coles Tropical juice 250 ml No Added Sugar Good Source of Vitamin C. great for the lucnh box or as a refreshing drink at the park,,,"Per 100g/ml
Per Serving
%DI
Energy
188
471
5
Protein
LESS THAN 1g
LESS THAN 1g
0
Total Fat
LESS THAN 1g
LESS THAN 1g
0
Saturated Fat
LESS THAN 1g
LESS THAN 1g
1
Saturated
0.09
0.23
Vitamin C
10
25
Fat
0.09
0.23
Dietary Fibre (total)
0.40
1.00
* Percentage Daily Intakes are based on an average adult diet of 8700 kJ. Your daily intakes may be higher or lower depending on your energy needs.","INGREDIENTS: Reconstituted Fruit Juices (99.8%) [Apple (64.8%), Orange (28%), Pineapple (4%), Apricot (2%), Passionfruit (0.5%), Mango (0.5%)], Natural Flavours, Vitamin C, Food Acid (Citric Acid).",https://www.coles.com.au/product/coles-tropical-juice-250ml-6-pack-2535643,,,2024-06-16T11:23:26.950565-04:00
Ind54SColes_ADrinks_SAJuice_ICampbell's V8 Apple Berry Fusion Juice Multipack 250mL | 3 pack,Campbell's V8 Apple Berry Fusion Juice Multipack 250mL | 3 pack,Campbells,Drinks,Juice,Multi pack juice,,$4.00,,$4.50,$5.33 per 1L,1165298,"V8 Apple Berry juice is a healthy antioxidant boost. This apple, strawberry and purple juice is packed with vitamins to help you feel your best. We love mixing vegetables and fruits into delicious blends, so you never have to choose between taste or nutrition: you can enjoy both! With no artificial flavours, colours, preservatives or added sugar, it's the perfect juice. Go ahead - shake up the natural goodness in every bottle. Share this multipack of ambient juices for a healthy morning pick-me-up with friends. Or if you're short on time, it's the perfect lunchbox drink for an on-the-go afternoon top up. Grab yourself a V8 fuel up!
No artificial flavours or colours
No added preservatives or added sugar
Source of antioxidant vitamin C",,,"Per 100g/ml
Per Serving
%DI
Energy
210kJ
525kJ
0
Protein
0.2g
0.6g
0
Total Fat
<0.1g
0.1g
0
Saturated Fat
<0.1g
<0.1g
0
Carbohydrate
11.8g
29.6g
0
Sugars
9.9g
24.8g
0
Sodium
14mg
36mg
0
Monounsaturated
0
0
0
Vitamin C
16mg
40mg
Energy (Cal)
50Cal
125Cal
0
Dietary Fibre (total)
0.4g
0.9g
0
Polyunsaturated
0
0
0
Trans
0
0
0
* Percentage Daily Intakes are based on an average adult diet of 8700 kJ. Your daily intakes may be higher or lower depending on your energy needs.",,https://www.coles.com.au/product/campbell's-v8-apple-berry-fusion-juice-multipack-250ml-3-pack-1165298,,,2024-06-16T11:23:37.944723-04:00
Ind54SColes_ADrinks_SABeverages_IRemedy Kombucha Wild Berry | 750mL,Remedy Kombucha Wild Berry | 750mL,Remedy,Drinks,Beverages,Water & juices,,$5.90,,,"$7.87 per 1L
Was $7.50 on May 2024",3951359,"Meet the wild child of the Remedy Kombucha flavoursan all natural blend of strawberry, blackberry and blueberry bliss. Jammy and beautifully aromatic, one sip and you'll be swept away to a warm summer's day. No sugar, naturally and chock full of goodness. Remedy Kombucha contains:
No Sugar, for real
All Natural
Certified Organic
Low on Caloriesl
Vegan
Gluten Free",,,"Per 100g/ml
Per Serving
%DI
Energy
12kJ
40kJ
Protein
<1g
<1g
Total Fat
<1g
<1g
Saturated Fat
<1g
<1g
Carbohydrate
<4g
<1g
Sugars
0g
0g
Sodium
<5mg
<5mg
Dietary Fibre (total)
<1g
<1g
* Percentage Daily Intakes are based on an average adult diet of 8700 kJ. Your daily intakes may be higher or lower depending on your energy needs.",,https://www.coles.com.au/product/remedy-kombucha-wild-berry-750ml-3951359,,,2024-06-16T11:23:48.893284-04:00
Ind54SColes_ADrinks_SAJuice_IEmma And Toms Cloudy Apple Prebiotic Juice | 1L,Emma And Toms Cloudy Apple Prebiotic Juice | 1L,Emma And Toms,Drinks,Juice,Chilled juice,,$4.00,,$6.20,$4.00 per 1L,6381439,"Nothing but Australian apples are pressed into this bottle of goodness. We know when someone wants an apple juice, they want that crisp, wholesome apple flavour, so we haven't filtered out any of the nutrients that help give it that robust taste.",,,"Per 100g/ml
Per Serving
%DI
Energy
224kJ
560kJ
Protein
0.4g
1g
Total Fat
<0.1g
<0.1g
Saturated Fat
<0.1g
<0.1g
Carbohydrate
12.8g
32g
Sugars
11.2g
28g
Sodium
<5mg
<5mg
Dietary Fibre (total)
1.6g
4g
* Percentage Daily Intakes are based on an average adult diet of 8700 kJ. Your daily intakes may be higher or lower depending on your energy needs.",,https://www.coles.com.au/product/emma-and-toms-cloudy-apple-prebiotic-juice-1l-6381439,,,2024-06-16T11:23:59.705413-04:00
Ind54SColes_ADrinks_SAJuice_IBoost Energy Lift Juice Chilled | 1L,Boost Energy Lift Juice Chilled | 1L,Boost,Drinks,Juice,Chilled juice,,$6.20,,,$6.20 per 1L,4866812,"Boost Energy Lift Juice is a blend of pear, orange, mango, pineapple, and apple, perfect as a refreshing drink to go with your meals or for during an afternoon break.
It has the tastiest infusions, deliciously thirst-quenching for everyone to enjoy.",,,"Per 100g/ml
Per Serving
%DI
Energy
197kJ
394kJ
Protein
0.4g
0.8g
Total Fat
<0.1g
<0.1g
Saturated Fat
<0.1g
<0.1g
Carbohydrate
10.8g
21.6g
Sugars
10g
20g
Vitamin A
100ug
200ug
25%
Sodium
<1mg
<1mg
Vitamin C
50mg
100mg
250%
Dietary Fibre (total)
0.7g
1.4g
* Percentage Daily Intakes are based on an average adult diet of 8700 kJ. Your daily intakes may be higher or lower depending on your energy needs.",,https://www.coles.com.au/product/boost-energy-lift-juice-chilled-1l-4866812,,,2024-06-16T11:24:10.771443-04:00
Ind54SColes_ADrinks_SAJuice_ISunraysia Juice Plus Cranberry | 1L,Sunraysia Juice Plus Cranberry | 1L,Sunraysia,Drinks,Juice,Glass juice bottles,,$5.25,,$6.45,$5.25 per 1L,5622529,"100% Natural. No added colours or preservatives. Vitamins & Minerals, Prebiotic Fibre for immunity support. 

Cranberry is known as the longevity berry and combined with Apple and Veggies takes this juice to a new level.  Enhanced with essential Vitamins C, B12, D, Potassium and Prebiotic Fibre to provide great immunity support which is also 50% less calories (per 100mL than the average of Standard Cranberry Juice drink from top selling brands).
100% Natural

Fruit & Vegetables Juice Blend

Vitamin C

Vitamin D

Vitamin B12

Potassium.

Source of Prebiotic Fibre.

No Added Cane Sugar.",,,,,https://www.coles.com.au/product/sunraysia-juice-plus-cranberry-1l-5622529,,,2024-06-16T11:24:21.019296-04:00
Ind54SColes_ADrinks_SAJuice_IColes Apple Juice 250mL | 6 pack,Coles Apple Juice 250mL | 6 pack,Coles,Drinks,Juice,Multi pack juice,,$4.00,,,$2.67 per 1L,2535654,Coles Apple Juice 250ml Apple 6 Pack No added sugar good source of vitamin C,,,"Per 100g/ml
Per Serving
%DI
Energy
181.09
452.73
Protein
0.09
0.23
Carbohydrate
10.30
25.75
Sugars
9.40
23.50
Sodium
8.00
20.00
Saturated
0.09
0.23
Vitamin C
10.00
25.00
Energy (Cal)
43.32
108.31
Fat
0.06
0.15
Dietary Fibre (total)
0.28
0.70
* Percentage Daily Intakes are based on an average adult diet of 8700 kJ. Your daily intakes may be higher or lower depending on your energy needs.",,https://www.coles.com.au/product/coles-apple-juice-250ml-6-pack-2535654,,,2024-06-16T11:24:31.829462-04:00
Ind54SColes_ADrinks_SAJuice_IOriginal Juice Co. Black Label Pulp Free Chilled Orange Juice | 1.5L,Original Juice Co. Black Label Pulp Free Chilled Orange Juice | 1.5L,Original Juice Co,Drinks,Juice,Chilled juice,,$6.50,,,$4.33 per 1L,5972917,For those that love the characteristics and flavour of sweetness and zest with a smooth feel and lighter finish.,,,"Per 100g/ml
Per Serving
%DI
Energy
220kJ
435kJ
Protein
0.7g
1.5g
Total Fat
0.1g
0.2g
Saturated Fat
0g
0g
Carbohydrate
10.8g
21.6g
Sugars
8.6g
17.2g
Sodium
1mg
2mg
* Percentage Daily Intakes are based on an average adult diet of 8700 kJ. Your daily intakes may be higher or lower depending on your energy needs.",,https://www.coles.com.au/product/original-juice-co.-black-label-pulp-free-chilled-orange-juice-1.5l-5972917,,,2024-06-16T11:24:42.636716-04:00
Ind54SColes_ADrinks_SAJuice_IGolden Circle Pear Apple & Raspberry Juice No Added Sugar Fruit Juices | 2L,Golden Circle Pear Apple & Raspberry Juice No Added Sugar Fruit Juices | 2L,Golden Circle,Drinks,Juice,Plastic juice bottles,,$3.50,,$4.80,$1.75 per 1L,2531711,"Cool yourself down with a glass of Golden Circle Pear, Apple & Raspberry Juice. Bringing together three popular fruit flavours with other ingredients, Golden Circle Pear, Apple & Raspberry Juice is made with no added sugar. This fruity summer juice is sure to be a real hit at barbecues and family dinners. It's perfect for any time of the day too, so enjoy a glass with breakfast, or mix with sparkling water for a refreshing afternoon drink. Golden Circle Pear, Apple & Raspberry Juice contains no artificial colours, flavours or preservatives, and is made with no added sugar. Golden Circle, Share the Sunshine.
No added sugar

No artificial colours, flavours or preservatives

Mix with sparkling water for a refreshing afternoon drink

Serve chilled

Enjoy at any time of the day",,,"Per 100g/ml
Per Serving
%DI
Energy
190 kJ
380 kJ
Protein
0.1 g
0.2 g
Total Fat
0 g
0 g
Saturated Fat
0 g
0 g
Carbohydrate
10.6 g
21.2 g
Sugars
9.7 g
19.4 g
Sodium
10 mg
20 mg
Vitamin C
40 mg
80 mg (200% RDI*)
Dietary Fibre (total)
0.3 g
0.6 g
* Percentage Daily Intakes are based on an average adult diet of 8700 kJ. Your daily intakes may be higher or lower depending on your energy needs.",,https://www.coles.com.au/product/golden-circle-pear-apple-and-raspberry-juice-no-added-sugar-fruit-juices-2l-2531711,,,2024-06-16T11:24:53.617629-04:00
Ind54SColes_ADrinks_SAJuice_IGolden Circle Golden Pash Fruit Drink 24x250mL | 6L,Golden Circle Golden Pash Fruit Drink 24x250mL | 6L,Golden Circle,Drinks,Juice,Plastic juice bottles,,$14.90,,,$2.48 per 1L,3961308,"No birthday party, backyard barbecue or picnic in the park is complete without Golden Circle Golden Pash Fruit Drink. Well-loved in many Australian households, this fruit drink is sure to be a hit with your friends and family. Nothing quite beats the delicious taste of Golden Circle Golden Pash Fruit Drink. Made with no artificial colours, flavours or preservatives, this fruit drink is best served straight from the fridge. Golden Circle, Share the Sunshine.
No artificial colours

No artificial flavours

No preservatives

Refreshing and tasty treat on a hot day

250mL size is convenient for on the go",,,"Per 100g/ml
Per Serving
%DI
Energy
175 kJ
440 kJ
Protein
0 g
0 g
Total Fat
0 g
0 g
Saturated Fat
0 g
0 g
Carbohydrate
9.5 g
23.8 g
Sugars
9.3 g
23.3 g
Sodium
9 mg
23 mg
Vitamin C
15 mg
37 mg (92% RDI*)
15 mg
* Percentage Daily Intakes are based on an average adult diet of 8700 kJ. Your daily intakes may be higher or lower depending on your energy needs.",,https://www.coles.com.au/product/golden-circle-golden-pash-fruit-drink-24x250ml-6l-3961308,,,2024-06-16T11:25:04.533666-04:00
Ind54SColes_ADrinks_SAJuice_IOcean Spray Low Sugar Apple Raspberry Pomegrte | 1.5L,Ocean Spray Low Sugar Apple Raspberry Pomegrte | 1.5L,Ocean Spray,Drinks,Juice,Plastic juice bottles,,$6.40,,,$4.27 per 1L,7061535,"Expertly blended Low Sugar Raspberry, Pomegranate & Apple fruit drink, with less than 10 calories per serve, for deliciously fruit refreshment!",,,"Per 100g/ml
Per Serving
%DI
Energy
15kJ
38kJ
Protein
0g
0g
Total Fat
0g
0g
Saturated Fat
0g
0g
Carbohydrate
0.5g
1.2g
Sugars
0.5g
1.2g
Sodium
8mg
20mg
* Percentage Daily Intakes are based on an average adult diet of 8700 kJ. Your daily intakes may be higher or lower depending on your energy needs.",,https://www.coles.com.au/product/ocean-spray-low-sugar-apple-raspberry-pomegrte-1.5l-7061535,,,2024-06-16T11:25:15.854482-04:00
Ind54SColes_ADrinks_SAJuice_IJust Juice Orange Mango Juice Multipack 200mL | 6 pack,Just Juice Orange Mango Juice Multipack 200mL | 6 pack,Just Juice,Drinks,Juice,Multi pack juice,,$5.50,,$6.30,$4.58 per 1L,5001270,"No added sugar
- High in Vitamin C
- No Preservatives
- No Artificial Colours or Flavours
- 1 Serve of Fruit per 125mL (as part of a balanced intake, fruit juice can be a serve of fruit (Australian Dietary Guidelines)).
No Added Sugar

High in Vitamin C

No Preservatives

No Artificial Colours

No Artificial Flavours

1 serve of fruit per 125mL of fruit juice as part of a balanced diet..",,,"Per 100g/ml
Per Serving
%DI
Energy
169kJ
338kJ
4%
Protein
0.6g
1.2g
2%
Total Fat
<1.0g
<1.0g
<1%
Saturated Fat
0.0g
0.0g
0%
Carbohydrate
9.0g
18.0g
6%
Sugars
8.3g
16.5g
18%
Sodium
2.5mg
5.0mg
<1%
Vitamin C
20mg
40mg
100% RDI#
Dietary Fibre (total)
0.2g
0.4g
1%
* Percentage Daily Intakes are based on an average adult diet of 8700 kJ. Your daily intakes may be higher or lower depending on your energy needs.",,https://www.coles.com.au/product/just-juice-orange-mango-juice-multipack-200ml-6-pack-5001270,,,2024-06-16T11:25:26.733873-04:00
Ind54SColes_ADrinks_SAJuice_IFruit Co Juice Plus + 10 Fruits | 2L,Fruit Co Juice Plus + 10 Fruits | 2L,Fruit Co,Drinks,Juice,Plastic juice bottles,,$3.50,,,$1.75 per 1L,3752283,"Made from 99% Juice and enriched with the goodness of Vitamin C and Fibre, FruitCo Juice is the perfect juice for any occasion. FruitCo Juice comes in a convenient and ergonomic 2L PET grip bottle.",,,"Per 100g/ml
Per Serving
%DI
Energy
187kJ
468kJ
6%
Protein
<1g
<1g
1%
Total Fat
<1g
<1g
1%
Saturated Fat
<1g
<1g
1%
Carbohydrate
11g
27.5g
9%
Sugars
10.7g
26.8g
30%
Sodium
5mg
13mg
1%
Vitamin C
10mg
25mg
0%
Dietary Fibre (total)
<1g
<1g
8%
* Percentage Daily Intakes are based on an average adult diet of 8700 kJ. Your daily intakes may be higher or lower depending on your energy needs.",,https://www.coles.com.au/product/fruit-co-juice-plus-+-10-fruits-2l-3752283,,,2024-06-16T11:25:37.617185-04:00
Ind54SColes_ADrinks_SAJuice_IGolden Circle 100% Juice Orange | 2L,Golden Circle 100% Juice Orange | 2L,Golden Circle,Drinks,Juice,Plastic juice bottles,,$4.80,,,$2.40 per 1L,5487445,"Enjoy the delicious taste of oranges with Golden Circle Orange Juice. Made with no added sugar, Golden Circle Orange Juice is a great way to start off your day. Satisfy your craving for the taste of oranges with Golden Circle Orange Juice. This delightful juice is made with no added sugar, making it a great way to start your day. With no preservatives and no artificial colors or flavors, Golden Circle Orange Juice is a good source of Vitamin C. Enjoy it chilled in a glass with ice on a hot summer's day to keep your whole family refreshed. You can also add this juice to a fruity punch, blend it into your favorite fruit smoothies, or even mix it into a salad dressing to add a burst of citrus flavor. As part of the Golden Circle brand, this juice represents the essence of sharing and spreading sunshine. So, indulge in the delicious taste of Golden Circle Orange Juice and let it brighten up your day.
No added sugar

No artificial colours, flavours or preservatives

Delicious on its own or blended into a smoothie

Served chilled

Good source of vitamin C",,,"Per 100g/ml
Per Serving
%DI
Energy
175 kJ
350 kJ
Protein
0.5 g
1.0 g
Total Fat
0.1 g
0.2 g
Saturated Fat
0 g
0 g
Carbohydrate
9.3 g
18.6 g
Sugars
7.6 g
15.2 g
Sodium
8 mg
16 mg
Vitamin C
40 mg
80 mg (200% RDI*)
Dietary Fibre (total)
0.2 g
0.4 g
* Percentage Daily Intakes are based on an average adult diet of 8700 kJ. Your daily intakes may be higher or lower depending on your energy needs.",,https://www.coles.com.au/product/golden-circle-100percent-juice-orange-2l-5487445,,,2024-06-16T11:25:48.538260-04:00
Ind54SColes_ADrinks_SAColes Finest_IColes Finest Juice Orange | 500mL,Coles Finest Juice Orange | 500mL,Coles,Drinks,Coles Finest,Fruit & Fruit Juice,,$2.40,,,$4.80 per 1L,1013915,"Coles Australian pure orange juice, 500mL. Made with 100% Australian oranges and no added sugar, packed into a travel friendly bottle for a refreshment on the go.",,,"Per 100g/ml
Per Serving
%DI
Energy
172.35
430.88
Protein
0.83
2.08
Carbohydrate
9.00
22.50
Sugars
8.20
20.50
Sodium
1.10
2.75
Saturated
0.09
0.23
Vitamin C
20.00
50.00
Energy (Cal)
41.23
103.08
Fat
0.12
0.30
Dietary Fibre (total)
0.10
0.25
* Percentage Daily Intakes are based on an average adult diet of 8700 kJ. Your daily intakes may be higher or lower depending on your energy needs.",,https://www.coles.com.au/product/coles-finest-juice-orange-500ml-1013915,,,2024-06-16T11:25:59.384911-04:00
Ind54SColes_ADrinks_SAJuice_ISunraysia Pouch 99.9% Apple & Strawberry Juice | 200mL,Sunraysia Pouch 99.9% Apple & Strawberry Juice | 200mL,Sunraysia,Drinks,Juice,Plastic juice bottles,,$1.50,Pick any 5 for $5.30,,$7.50 per 1L,4158970,"Sunraysia pouches are a wholesome great tasting range of juices with added sugar, no artificial colours, flavours or preservatives. Available in a convenient, durable 200ml single serve pouch that won't split or break. Also great frozen or as a slushie - the perfect addition to any lunchbox.
- 100% Natural.
- Non genetically modified.
- Nothing Artificial.
- No added sugars or preservatives.
- Good Source of Vitamin C.
- 99.9 % Juice.
- BPA Free.
100% Natural

1 Serve of Fruit*

Good Source of Vitamin C

99.9 % Juice, no added sugar

Non genetically modified

Vegetarian & Vegan Friendly.

No artificial colours, flavours or preservatives.

Great Frozen.",,,"Per 100g/ml
Per Serving
%DI
Energy
188kJ
376kJ
Protein
0.0g
0.0g
Total Fat
0.0g
0.0g
Saturated Fat
0.0g
0.0g
Carbohydrate
10.9g
21.8g
Sugars
10.5g
21.g
Sodium
7mg
14mg
Vitamin C
10mg
20mg
50% RDI#
Energy (Cal)
45Cal
90Cal
Trans
0.0g
0.0g
* Percentage Daily Intakes are based on an average adult diet of 8700 kJ. Your daily intakes may be higher or lower depending on your energy needs.",,https://www.coles.com.au/product/sunraysia-pouch-99.9percent-apple-and-strawberry-juice-200ml-4158970,,,2024-06-16T11:26:11.544233-04:00
Ind54SColes_ADrinks_SAJuice_IOriginal Juice Co Goodness Green Juice | 600mL,Original Juice Co Goodness Green Juice | 600mL,Original,Drinks,Juice,Chilled juice,,$3.80,,,$6.33 per 1L,7863854,,,,,,https://www.coles.com.au/product/original-juice-co-goodness-green-juice-600ml-7863854,,,2024-06-16T11:26:20.801390-04:00
Ind54SColes_ADrinks_SAJuice_INudie Nothing But Kids Tropical Juice | 200mL,Nudie Nothing But Kids Tropical Juice | 200mL,Nudie,Drinks,Juice,Chilled juice,,$2.20,,,$11.00 per 1L,7016494,,,,,,https://www.coles.com.au/product/nudie-nothing-but-kids-tropical-juice-200ml-7016494,,,2024-06-16T11:26:29.651579-04:00
Ind54SColes_ADrinks_SAJuice_IMildura Apple And Guava Fruit Drink | 500mL,Mildura Apple And Guava Fruit Drink | 500mL,Mildura,Drinks,Juice,Chilled juice,,$2.50,,$2.80,$5.00 per 1L,3486204,"Midura Refreshing Fruit Drink is aussie owned and loved. 

Available in a convenient 500ml bottle, a glass of delicious and vibrant fruit drink is a refreshing addition to your day!

Proudly packed in NSW and QLD by and for the Bega Group using local and imported ingredients. The local ingredients are sourced Australia wide.
With fruit juice

Perfect to drink on the go

Easy to pour, resealable pack

Delicious and full flavoured

Refreshing drink

Manufactured in Australia.",,,"Per 100g/ml
Per Serving
%DI
Energy
161kJ
805kJ
9.0%
Protein
0g
0g
0.0%
Total Fat
0g
0g
0.0%
Saturated Fat
0g
0g
0.0%
Carbohydrate
9.2g
46g
15.0%
Sugars
8.9g
44.5g
49.0%
Sodium
2.5mg
12.5mg
1.0%
* Percentage Daily Intakes are based on an average adult diet of 8700 kJ. Your daily intakes may be higher or lower depending on your energy needs.",,https://www.coles.com.au/product/mildura-apple-and-guava-fruit-drink-500ml-3486204,,,2024-06-16T11:26:40.475333-04:00
Ind54SColes_ADrinks_SAJuice_IThe Juice Brothers Orange Juice | 1L,The Juice Brothers Orange Juice | 1L,The Juice Brothers,Drinks,Juice,Chilled juice,,$5.50,,,$5.50 per 1L,7829200,"Extraordinary tasting juice that cares? You're holding it!

Our orange juice is squeezed rather than crushed to preserve the fruit peels. Our orange, apple and pear fruit peels (including the seeds and cores) are reused as local animal feed.

We're also owned, grown and squeezed right here in Australia because we love what we do and want to keep it local.

No added sugar, just natural sweetness of fruit.",,,"Per 100g/ml
Per Serving
%DI
Energy
164kJ
328kJ
4%
Protein
0.6g
1.2g
2%
Total Fat
<1.0g
<1.0g
<1%
Saturated Fat
0.0g
0.0g
0.00%
Carbohydrate
8.7g
17.4g
6%
Sugars
8.1g
16.2g
18%
Sodium
1mg
2mg
<1%
Monounsaturated
0
0
0
Vitamin C
20mg
40mg
Energy (Cal)
39Cal
78Cal
0
Dietary Fibre (total)
0.6g
1.2g
4%
Polyunsaturated
0
0
0
Potassium
150mg
300mg
0
Trans
0
0
0
* Percentage Daily Intakes are based on an average adult diet of 8700 kJ. Your daily intakes may be higher or lower depending on your energy needs.",Orange Juice (100%).,https://www.coles.com.au/product/the-juice-brothers-orange-juice-1l-7829200,,,2024-06-16T11:26:51.557884-04:00
Ind54SColes_ADrinks_SAJuice_IPrima Apple Fruit Drink Multipack 200mL | 6 pack,Prima Apple Fruit Drink Multipack 200mL | 6 pack,Prima,Drinks,Juice,Multi pack juice,,$4.10,,,"$3.42 per 1L
Was $4.60 on Apr 2024",3529792,"Enjoy Prima Apple 200mL on the go or at home. As an accompaniment to lunch or an afternoon pick me up! With no preservatives or artificial colours or flavours. Available in a 6 pack of 200mL juice boxes.
20% fruit juice

No added sugar

No preservatives

No artificial colour

No artificial flavours

Convenient pack size.

6 x 200mL Packs.",,,"Per 100g/ml
Per Serving
%DI
Energy
84kJ
168kJ
Protein
0.0g
0.0g
Total Fat
0.0g
0.0g
Saturated Fat
0.0g
0.0g
Carbohydrate
4.9g
9.8g
Sugars
2.0g
4.0g
Sodium
2mg
4mg
Dietary Fibre (total)
0.0g
0.0g
* Percentage Daily Intakes are based on an average adult diet of 8700 kJ. Your daily intakes may be higher or lower depending on your energy needs.",,https://www.coles.com.au/product/prima-apple-fruit-drink-multipack-200ml-6-pack-3529792,,,2024-06-16T11:27:03.680973-04:00
Ind54SColes_ADrinks_SAJuice_IColes Green Smoothie | 1L,Coles Green Smoothie | 1L,Coles,Drinks,Juice,Chilled juice,,$5.10,,,$5.10 per 1L,2806616,"Coles Green smoothie, 1L. A blend of Pear, mango, banana, apple, lemon, spinach, kale and spirulina all make up this 2018 product of the year smoothie. Not made from concentrate, no added sugar and 1 portion of fruit in each serving makes this a great beverage for any time of day.",,,"Per 100g/ml
Per Serving
%DI
Energy
237.70
594.25
Protein
0.40
1.00
Carbohydrate
12.10
30.25
Sugars
11.00
27.50
Sodium
5.40
13.50
Saturated
0.00
0.00
Vitamin C
89.08
222.70
Energy (Cal)
56.87
142.17
Fat
0.40
1.00
Dietary Fibre (total)
1.30
3.25
* Percentage Daily Intakes are based on an average adult diet of 8700 kJ. Your daily intakes may be higher or lower depending on your energy needs.",,https://www.coles.com.au/product/coles-green-smoothie-1l-2806616,,,2024-06-16T11:27:14.807021-04:00
Ind54SColes_ADrinks_SAJuice_IColes Apple & Blackcurrant Fruit Drink Multipack 250mL | 6 Pack,Coles Apple & Blackcurrant Fruit Drink Multipack 250mL | 6 Pack,Coles,Drinks,Juice,Multi pack juice,,$3.50,,,$2.33 per 1L,2535563,No Artificial Sweeteners35% Fruit Juice,,,"Per 100g/ml
Per Serving
%DI
Energy
152.4
381
Protein
0.1
0.25
Carbohydrate
8.6
21.5
Sugars
8.1
20.25
Sodium
3
7.5
Saturated
0.1
0.25
Energy (Cal)
36.46
91.15
Fat
0.1
0.25
Dietary Fibre (total)
0.1
0.25
* Percentage Daily Intakes are based on an average adult diet of 8700 kJ. Your daily intakes may be higher or lower depending on your energy needs.",,https://www.coles.com.au/product/coles-apple-and-blackcurrant-fruit-drink-multipack-250ml-6-pack-2535563,,,2024-06-16T11:27:25.780522-04:00
Ind54SColes_ADrinks_SAJuice_IGolden Circle Breakfast Juice No Added Sugar | 3L,Golden Circle Breakfast Juice No Added Sugar | 3L,Golden Circle,Drinks,Juice,Plastic juice bottles,,$4.50,,$5.50,$1.50 per 1L,9348305,"Golden Circle Breakfast Juice contains a mix of fruit juices and is made with no added sugar. It's always good to start your day with a tasty breakfast, which is why Golden Circle Breakfast Juice is an excellent pairing with your next breakfast. With fruity flavours including apple or pear, pineapple, orange, passionfruit and banana, this juice will be a favourite for the whole family. It's made with no artificial colours, flavours or preservatives. Golden Circle, Share the Sunshine.
No added sugar

No artificial colours, flavours or preservatives

Serve chilled

Delicious on its own, with savoury dishes, or as an ingredient in smoothies and desserts

100% Recyclable Bottle",,,"Per 100g/ml
Per Serving
%DI
Energy
190 kJ
380 kJ
Protein
0.2 g
0.4 g
Total Fat
0 g
0 g
Saturated Fat
0 g
0 g
Carbohydrate
10.0 g
20.0 g
Sugars
9.0 g
18.0 g
Sodium
10 mg
20 mg
Vitamin C
40 mg
80 mg (200% RDI*)
Dietary Fibre (total)
0.3 g
0.6 g
* Percentage Daily Intakes are based on an average adult diet of 8700 kJ. Your daily intakes may be higher or lower depending on your energy needs.",,https://www.coles.com.au/product/golden-circle-breakfast-juice-no-added-sugar-3l-9348305,,,2024-06-16T11:27:36.957893-04:00
Ind54SColes_ADrinks_SAJuice_IGrove Juice Cloudy Apple | 1.5L,Grove Juice Cloudy Apple | 1.5L,Grove Juice,Drinks,Juice,Chilled juice,,$6.95,,,$4.63 per 1L,7014546,Goodness from Australia's Grove,,,"Per 100g/ml
Per Serving
%DI
Energy
180kJ
360kJ
Protein
<0.1g
<0.1g
Total Fat
0g
0g
Saturated Fat
0g
0g
Carbohydrate
10.6g
21.2g
Sugars
10.3g
20.6g
Sodium
9mg
18mg
* Percentage Daily Intakes are based on an average adult diet of 8700 kJ. Your daily intakes may be higher or lower depending on your energy needs.",,https://www.coles.com.au/product/grove-juice-cloudy-apple-1.5l-7014546,,,2024-06-16T11:27:47.797420-04:00
Ind54SColes_ADrinks_SAJuice_ICampbell's V8 Low Sodium Juice | 1.25L,Campbell's V8 Low Sodium Juice | 1.25L,Campbells,Drinks,Juice,Plastic juice bottles,,$5.50,,,$4.40 per 1L,1165389,"V8 Vegetable Low Sodium juice is a healthy antioxidant boost. This hot and spicy tomato, carrot and celery juice contains vitamins. Share this low sodium tomato juice with a friend for a healthy morning pick-me-up. Or if you're short on time, it's the perfect ambient juice for an on-the-go afternoon top up. Grab yourself a V8 fuel up!",,,"Per 100g/ml
Per Serving
%DI
Energy
80kJ
201kJ
0
Protein
0.8g
2.2g
0
Total Fat
0.1g
0.2g
0
Saturated Fat
0.1g
0.1g
0
Carbohydrate
3.2g
9.1g
0
Sugars
2.7g
6.7g
0
Vitamin A
75ug
188ug
Sodium
207mg
518mg
0
Monounsaturated
0
0
0
Vitamin C
16mg
40mg
Energy (Cal)
19Cal
48Cal
0
Dietary Fibre (total)
1.0g
3.4g
0
Polyunsaturated
0
0
0
Trans
0
0
0
* Percentage Daily Intakes are based on an average adult diet of 8700 kJ. Your daily intakes may be higher or lower depending on your energy needs.",,https://www.coles.com.au/product/campbell's-v8-low-sodium-juice-1.25l-1165389,,,2024-06-16T11:27:59.238201-04:00
Ind54SColes_ADrinks_SAJuice_IOriginal Juice Co Veggie Goodness Juice Beetroot | 1L,Original Juice Co Veggie Goodness Juice Beetroot | 1L,Original Juice Co,Drinks,Juice,Chilled juice,,$6.00,,,$6.00 per 1L,6278520,"Loaded with highly nutritious purple carrot and beetroot, the sweetness of cloudy pear and the full bodied flavour of pumpkin juice, this smooth, deep blend delivers 2.3 delicious serves of veg per 250ml.",,,"Per 100g/ml
Per Serving
%DI
Energy
191kJ
478kJ
Protein
1g
2.5g
Total Fat
0.3g
0.8g
Saturated Fat
0.1g
0.2g
Carbohydrate
9.2g
23.1g
Sugars
7.2g
17.9g
Sodium
26mg
64mg
* Percentage Daily Intakes are based on an average adult diet of 8700 kJ. Your daily intakes may be higher or lower depending on your energy needs.",,https://www.coles.com.au/product/original-juice-co-veggie-goodness-juice-beetroot-1l-6278520,,,2024-06-16T11:28:10.148351-04:00
Ind54SColes_ADrinks_SABeverages_IThe Juice Lab Wellness Shot Kids Mixed Berry Immune | 60mL,The Juice Lab Wellness Shot Kids Mixed Berry Immune | 60mL,The Juice Lab,Drinks,Beverages,Water & juices,,$2.25,,,"$37.51 per 1L
Was $3.50 on Jun 2024",7018376,,,,,,https://www.coles.com.au/product/the-juice-lab-wellness-shot-kids-mixed-berry-immune-60ml-7018376,,,2024-06-16T11:28:19.157177-04:00
Ind54SColes_ADrinks_SAJuice_IGolden Circle Refreshers Wild Waterfall Flavoured Water Drink 250mL | 6 pack,Golden Circle Refreshers Wild Waterfall Flavoured Water Drink 250mL | 6 pack,Golden Circle,Drinks,Juice,Multi pack juice,,$5.80,Pick any 2 for $8,,$3.87 per 1L,5633682,"Freshen up with the delicious flavours of kiwi and watermelon in the new Golden Circle Refreshers Wild Waterfall. It's perfect to have on hand for entertaining or to take on the go to enjoy at work or outdoors. Low sugar, Golden Circle Refreshers Wild Waterfall is a fun and refreshing drink option that's sure to be a hit with the whole family. It's a tasty mix of still water and fruit juice with refreshing kiwi and watermelon flavours. No artificial colours, flavours or preservatives.
Convenient on-the-go size

Kiwi and watermelon flavours

Low sugar

No artificial colours, flavours or preservatives

Serve chilled for a refreshing taste",,,"Per 100g/ml
Per Serving
%DI
Energy
50kJ
125kJ
Protein
0g
0g
Total Fat
0g
0g
Saturated Fat
0g
0g
Carbohydrate
2.4g
6.0g
Sugars
2.3g
5.8g
Sodium
10mg
25mg
Dietary Fibre (total)
0g
0g
* Percentage Daily Intakes are based on an average adult diet of 8700 kJ. Your daily intakes may be higher or lower depending on your energy needs.",,https://www.coles.com.au/product/golden-circle-refreshers-wild-waterfall-flavoured-water-drink-250ml-6-pack-5633682,,,2024-06-16T11:28:30.218580-04:00
Ind54SColes_ADrinks_SAJuice_IThe Juice Lab Wellness Shot Digestion | 60mL,The Juice Lab Wellness Shot Digestion | 60mL,The Juice Lab,Drinks,Juice,Chilled juice,,$2.50,,$3.50,$41.67 per 1L,3960757,"I'm a lean, green detox machine packed into one little bottle (recyclable glass, that's green too)! I'm specially formulated to aid digestion and help your body absorb nutrients.",,,"Per 100g/ml
Per Serving
%DI
Energy
200kJ
119kJ
Protein
<1g
<1g
Total Fat
<1g
<1g
Saturated Fat
<1g
<1g
Carbohydrate
8.8g
5.3g
Sugars
7.8g
4.7g
Sodium
19mg
11mg
Dietary Fibre (total)
2.4g
1.4g
* Percentage Daily Intakes are based on an average adult diet of 8700 kJ. Your daily intakes may be higher or lower depending on your energy needs.",,https://www.coles.com.au/product/the-juice-lab-wellness-shot-digestion-60ml-3960757,,,2024-06-16T11:28:41.055206-04:00
Ind54SColes_ADrinks_SAJuice_IImpressed Essentials Orange Juice With Pulp | 1L,Impressed Essentials Orange Juice With Pulp | 1L,Impressed,Drinks,Juice,Chilled juice,,$4.80,,,$4.80 per 1L,4845619,"Simple and delicious pressed juice crafted with nothing but 100% local Aussie fruit.
Each juice contains Aussie-grown fresh fruits which we carefully pressed and bottle locally resulting in full flavoured and irresistibly aromatic fresh juice.
Pressed juice
Fresh Australian produce
Naturally nutritious
Vibrant and fresh
For our full range of products & more, visit our website www.impressedlife.com.au and follow us @impressedlife",,,"Per 100g/ml
Per Serving
%DI
Energy
197kJ
493kJ
Protein
0.6g
1.5g
Total Fat
<0.1g
<0.1g
Saturated Fat
<0.1g
<0.1g
Carbohydrate
10.9g
27.3g
Sugars
8.5g
21.3g
Sodium
<1mg
<1mg
* Percentage Daily Intakes are based on an average adult diet of 8700 kJ. Your daily intakes may be higher or lower depending on your energy needs.",,https://www.coles.com.au/product/impressed-essentials-orange-juice-with-pulp-1l-4845619,,,2024-06-16T11:28:52.227475-04:00
Ind54SColes_ADrinks_SAJuice_IBoost All Berry Bang Juice Chilled | 1L,Boost All Berry Bang Juice Chilled | 1L,Boost,Drinks,Juice,Chilled juice,,$6.20,,,$6.20 per 1L,3183097,"Let loose with the juice! Try Boost All Berry Bang Juice that gives you the refreshing blend of real apple, banana, blueberry, raspberry, and mango. It's a fruit juice drink that delivers that sweet and tangy taste, ideal for the summer heat. Restore your body with a glass of All Berry Bang juice now.
No artificial colours or flavours
No added sugar
No preservatives
Made in Australia from at least 60% Australian ingredients",,,"Per 100g/ml
Per Serving
%DI
Energy
194kJ
388kJ
Protein
0.8g
1.6g
Total Fat
<0.1g
<0.1g
Saturated Fat
<0.1g
<0.1g
Carbohydrate
10.6g
21.2g
Sugars
9.2g
18.4g
Sodium
<1mg
<1mg
Vitamin C
33mg
66mg
* Percentage Daily Intakes are based on an average adult diet of 8700 kJ. Your daily intakes may be higher or lower depending on your energy needs.",,https://www.coles.com.au/product/boost-all-berry-bang-juice-chilled-1l-3183097,,,2024-06-16T11:29:03.014272-04:00
Ind54SColes_ADrinks_SABeverages_IRemedy Kombucha Organic Orange Squeeze | 750mL,Remedy Kombucha Organic Orange Squeeze | 750mL,Remedy,Drinks,Beverages,Water & juices,,$5.90,,,"$7.87 per 1L
Was $7.50 on May 2024",5788496,"Gather round orange soda lovers 'coz we have a treat for you. our new twist on the classic orange fizzy! Zesty, bright and bursting with juicy orange flavour, this one might just become your new main squeeze! This all-natural thirst-quenching flavour is packed full of live cultures and antioxidants. Remedy Kombucha is:
Sugar free, for real
All natural
Certified Organic
Low on Calories
Vegan
Gluten Free
A-Ok in or out of the fridge",,,"Per 100g/ml
Per Serving
%DI
Energy
12kJ
30kJ
Protein
<1g
<1g
Total Fat
<1g
<1g
Saturated Fat
<1g
<1g
Carbohydrate
<1g
<1g
Sugars
0g
0g
Sodium
<5mg
<5mg
* Percentage Daily Intakes are based on an average adult diet of 8700 kJ. Your daily intakes may be higher or lower depending on your energy needs.",,https://www.coles.com.au/product/remedy-kombucha-organic-orange-squeeze-750ml-5788496,,,2024-06-16T11:29:14.047955-04:00
Ind54SColes_ADrinks_SAJuice_INudie Probiotic Strawberry & Raspberry Smoothie | 400mL,Nudie Probiotic Strawberry & Raspberry Smoothie | 400mL,Nudie,Drinks,Juice,Chilled juice,,$4.50,,,$11.25 per 1L,4477763,"Gimme that yummy, tummy feelin'
With more than three serves of 100% real fruit and a massive 80 million probiotic cultures per helping, what's not to love? Think of this smoothie as two parts giant hug and one-part fluffy cloud. Sweet strawberry and raspberry tickle the tastebuds while orange, pear and banana bring the right balance of zest and smooth softness to the mix.
80 million cultures per serve* *Contains at least 80 million cultures until the use by date when product is stored at 0-4 C.

No concentrates

No added sugar

No artifical flavours or colours

No preservatives

Made with 100% real fruit.

Contains 3.2 serves of fruit.",,,"Per 100g/ml
Per Serving
%DI
Energy
199kJ
498kJ
Protein
Less than 1g
1.0g
Total Fat
Less than 1g
Less than 1g
Saturated Fat
Less than 1g
Less than 1g
Carbohydrate
11.3g
28.3g
Sugars
8.4g
21.0g
Sodium
Less than 5mg
Less than 5mg
Dietary Fibre (total)
Less than 1g
Less than 1g
* Percentage Daily Intakes are based on an average adult diet of 8700 kJ. Your daily intakes may be higher or lower depending on your energy needs.",,https://www.coles.com.au/product/nudie-probiotic-strawberry-and-raspberry-smoothie-400ml-4477763,,,2024-06-16T11:29:24.995536-04:00
Ind54SColes_ADrinks_SAJuice_IBoost Mango Sunshine Juice Chilled | 1L,Boost Mango Sunshine Juice Chilled | 1L,Boost,Drinks,Juice,Chilled juice,,$6.20,,,$6.20 per 1L,3412376,"Boost Mango Sunshine Juice is a tasty blend of pear, apple, mango, banana, and passionfruit, perfect as a refreshing drink to go with your meals or for during an afternoon break. It has the tastiest infusions, deliciously thirst-quenching for everyone to enjoy.
Made in Australia",,,"Per 100g/ml
Per Serving
%DI
Energy
164kJ
328kJ
Protein
0.1g
0.2g
Total Fat
<0.1g
<0.1g
Saturated Fat
<0.1g
<0.1g
Carbohydrate
9.6g
19.2g
Sugars
7.5g
15g
Sodium
3mg
6mg
Vitamin C
20mg
40mg
100%
* Percentage Daily Intakes are based on an average adult diet of 8700 kJ. Your daily intakes may be higher or lower depending on your energy needs.",,https://www.coles.com.au/product/boost-mango-sunshine-juice-chilled-1l-3412376,,,2024-06-16T11:29:36.038950-04:00
Ind54SColes_ADrinks_SAJuice_IColes Orange Fruit Drink 250mL | 6 pack,Coles Orange Fruit Drink 250mL | 6 pack,Coles,Drinks,Juice,Multi pack juice,,$3.50,,,$2.33 per 1L,2535585,No Artificial Sweeteners35% Fruit Juice,,,"Per 100g/ml
Per Serving
%DI
Energy
145.6
364
Protein
0.1
0.25
Carbohydrate
8.2
20.5
Sugars
8.2
20.5
Sodium
3
7.5
Saturated
0.1
0.25
Energy (Cal)
34.83
87.08
Fat
0.1
0.25
Dietary Fibre (total)
0.1
0.25
* Percentage Daily Intakes are based on an average adult diet of 8700 kJ. Your daily intakes may be higher or lower depending on your energy needs.",,https://www.coles.com.au/product/coles-orange-fruit-drink-250ml-6-pack-2535585,,,2024-06-16T11:29:48.293385-04:00
Ind54SColes_ADrinks_SAJuice_IImpressed Jack Rose Juice | 325mL,Impressed Jack Rose Juice | 325mL,Impressed,Drinks,Juice,Chilled juice,,$3.60,,,$11.08 per 1L,3062354,"Impressed Juices are cold pressed from the freshest produce. Each juice contains Aussie-grown fresh vegetables, fruits and herbs which we carefully cold press and bottle locally resulting in full flavoured and irresistibly aromatic fresh juice.
A beautiful blend of juicy strawberries, apple, lemon with a hint of mint for a refreshing hit!
For our full range of products & more, visit our website www.impressedlife.com.au and follow us @impressedlife",,,"Per 100g/ml
Per Serving
%DI
Energy
184kJ
597kJ
Protein
0.2g
0.7g
Total Fat
0.2g
0.7g
Saturated Fat
0.1g
0.3g
Carbohydrate
10.3g
33.3g
Sugars
8.9g
28.8g
Sodium
0.8mg
2.9mg
* Percentage Daily Intakes are based on an average adult diet of 8700 kJ. Your daily intakes may be higher or lower depending on your energy needs.",,https://www.coles.com.au/product/impressed-jack-rose-juice-325ml-3062354,,,2024-06-16T11:30:00.045919-04:00
Ind54SColes_ADrinks_SAJuice_IPop Tops Apple Poppers Fruit Drink 30% Juice Poppers Multipack Lunch Box Bottles 250mL X 6 Pack | 6 pack,Pop Tops Apple Poppers Fruit Drink 30% Juice Poppers Multipack Lunch Box Bottles 250mL X 6 Pack | 6 pack,Pop Tops,Drinks,Juice,Multi pack juice,,$5.90,,,$3.93 per 1L,6914188,"Pop Tops Fruit Drink Apple contains 30% fruit juice with no preservatives, no artificial colours, flavours and sweeteners.
30% Fruit Juice

No Preservatives

No Artificial Colours, Sweeteners or Flavours",,,"Per 100g/ml
Per Serving
%DI
Energy
112kJ
280kJ
3%
Protein
<1.0g
<1.0g
<1%
Total Fat
<1.0g
<1.0g
<1%
Saturated Fat
0.0g
0.0g
0%
Carbohydrate
6.2g
15.5g
5%
Sugars
6.2g
15.5g
17%
Sodium
3mg
8mg
<1%
Dietary Fibre (total)
<1.0g
<1.0g
<1%
* Percentage Daily Intakes are based on an average adult diet of 8700 kJ. Your daily intakes may be higher or lower depending on your energy needs.",,https://www.coles.com.au/product/pop-tops-apple-poppers-fruit-drink-30percent-juice-poppers-multipack-lunch-box-bottles-250ml-x-6-pack-6-pack-6914188,,,2024-06-16T11:30:11.160797-04:00
Ind54SColes_ADrinks_SAJuice_INudie Pink Lemonade Juice | 2L,Nudie Pink Lemonade Juice | 2L,Nudie,Drinks,Juice,Chilled juice,,$7.00,,$8.50,$3.50 per 1L,3962956,"Us nudies have been courting some fresh flavours and having a ball in the process...

Our latest creation is a blend of blood orange with a sneaky backhand of zesty lemon and groovy grape to really unlock your swing. Taking inspiration from pink lemonade perfection, we've served up a citrusy grand slam which really doubles up the flavour. Perfect for grass court sipping or a good old sandy beach volley before an ocean plunge. We know your reaction will be love/one!

Got an inspired fruit combo to get the juices flowing? Be a good sport and serve it up to us!
Made with 100% real fruit

No added sugar

No preservatives

No artificial flavours

100% Australian Fruit",,,"Per 100g/ml
Per Serving
%DI
Energy
228kJ
570kJ
Protein
Less than 1g
Less than 1g
Total Fat
Less than 1g
Less than 1g
Saturated Fat
Less than 1g
Less than 1g
Carbohydrate
13.2g
33.0g
Sugars
12.4g
31.0g
Sodium
9mg
23mg
Potassium
100mg
250mg
* Percentage Daily Intakes are based on an average adult diet of 8700 kJ. Your daily intakes may be higher or lower depending on your energy needs.",,https://www.coles.com.au/product/nudie-pink-lemonade-juice-2l-3962956,,,2024-06-16T11:30:22.017029-04:00
Ind54SColes_ADrinks_SAJuice_IPreshafruit Lite Juice Apple | 2L,Preshafruit Lite Juice Apple | 2L,Preshafruit,Drinks,Juice,Chilled juice,,$7.70,,,$3.85 per 1L,1418804,"Preshafruit Cold Pressed Pink Lady Apple Juice 2L. Sweet. Balanced. Bold taste.Break the seal and smell the aroma.Its light, its fragrant, its Pink Ladies.The taste is pure. Serve from a chilled bottle or over ice.",,,"Per 100g/ml
Per Serving
%DI
Saturated
<0.1g
<0.1g
* Percentage Daily Intakes are based on an average adult diet of 8700 kJ. Your daily intakes may be higher or lower depending on your energy needs.",,https://www.coles.com.au/product/preshafruit-lite-juice-apple-2l-1418804,,,2024-06-16T11:30:32.911361-04:00
Ind54SColes_ADrinks_SAJuice_IHarcourt Apple Juice Fresh Chilled | 2L,Harcourt Apple Juice Fresh Chilled | 2L,Harcourt,Drinks,Juice,Chilled juice,,$6.75,,$7.50,$3.38 per 1L,7323100,"Harcourt Fresh Apple Juice 2L. Harcourt Apple Juice is Australia's best pure fresh apple juice, bar none.Harcourt Apple Juice is 100% Australian grown and made. It is pure, fresh apple juice, cold pressed by traditional methods from locally grown Harcourt apples.",,,,,https://www.coles.com.au/product/harcourt-apple-juice-fresh-chilled-2l-7323100,,,2024-06-16T11:30:41.739774-04:00
Ind54SColes_ADrinks_SAJuice_IPureharvest Organic Apple Juice Bottle | 1L,Pureharvest Organic Apple Juice Bottle | 1L,Pureharvest,Drinks,Juice,Glass juice bottles,,$4.50,,,$4.50 per 1L,5346057,"PureHarvest Organic Apple Juice is made from 100% apple juice with no added sugars, colours or preservatives.

One of Our Commitments is to sustainable packaging which is why you will find our Juice, Sweetener, Spread & Sauce ranges in recyclable, glass jars instead of plastic.",,,"Per 100g/ml
Per Serving
%DI
Energy
187
374
Protein
0.1
0.2
Total Fat
NIL
NIL
Saturated Fat
NIL
NIL
Carbohydrate
10.7
21.4
Sugars
10.1
20.2
Sodium
2.7
5.4
* Percentage Daily Intakes are based on an average adult diet of 8700 kJ. Your daily intakes may be higher or lower depending on your energy needs.",,https://www.coles.com.au/product/pureharvest-organic-apple-juice-bottle-1l-5346057,,,2024-06-16T11:30:53.295448-04:00
Ind54SColes_ADrinks_SAJuice_IRemedy Shot Energy | 60mL,Remedy Shot Energy | 60mL,Remedy,Drinks,Juice,Chilled juice,,$2.50,,$3.50,$41.67 per 1L,4471450,"A full-on kombucha brew with a 60mg all-natural caffeine hit, equivalent to a cuppa coffee. There's a mouth party going on right here with this berry delicious shot packing a flavour punch with all-natural strawberry, raspberry and blackberry. Expect juicy, jammy, berry flavours with subtle notes of vanilla and caramel. Remedy Shots are:
No sugar, for real
All Natural
Certified Organic
Full of flavour
Vegan
Gluten Free
A-Ok in or out of the fridge",,,"Per 100g/ml
Per Serving
%DI
Energy
19kJ
11kJ
Protein
<1g
<1g
Total Fat
<1g
<1g
Saturated Fat
<1g
<1g
Carbohydrate
0.2g
0.1g
Sugars
0g
0g
Sodium
<5mg
<5mg
Dietary Fibre (total)
<1g
<1g
Caffeine
100mg
60mg
* Percentage Daily Intakes are based on an average adult diet of 8700 kJ. Your daily intakes may be higher or lower depending on your energy needs.",,https://www.coles.com.au/product/remedy-shot-energy-60ml-4471450,,,2024-06-16T11:31:05.205889-04:00
Ind54SColes_ADrinks_SAJuice_IGolden Circle Tropical Fruit Drink 24x250mL | 6L,Golden Circle Tropical Fruit Drink 24x250mL | 6L,Golden Circle,Drinks,Juice,Plastic juice bottles,,$14.90,,,$2.48 per 1L,3961250,"Nothing quite beats the delicious taste of Golden Circle Tropical Punch Fruit Drink. With all your favourite tropical flavours, this fruit drink is sure to be a hit at birthday parties and events. As soon as the sun comes out, it's time to bring out Golden Circle Tropical Punch Fruit Drink. A fruit drink with a good source of vitamin C, Golden Circle Tropical Punch Fruit Drink is made with no artificial colours, flavours or preservatives. Golden Circle, Share the Sunshine.
No artificial colours

No artificial flavours

No preservatives

A good source of vitamin C

250mL size is convenient for on the go",,,"Per 100g/ml
Per Serving
%DI
Energy
175 kJ
440 kJ
Protein
0 g
0 g
Total Fat
0 g
0 g
Saturated Fat
0 g
0 g
Carbohydrate
9.6 g
24.0 g
Sugars
9.4 g
23.5 g
Sodium
9 mg
23 mg
Vitamin C
15 mg
37 mg (92% RDI*)
15 mg
* Percentage Daily Intakes are based on an average adult diet of 8700 kJ. Your daily intakes may be higher or lower depending on your energy needs.",,https://www.coles.com.au/product/golden-circle-tropical-fruit-drink-24x250ml-6l-3961250,,,2024-06-16T11:31:16.197529-04:00
Ind54SColes_ADrinks_SAJuice_INudie Antioxidant Carrot Tumeric Orange Apple Lime | 1L,Nudie Antioxidant Carrot Tumeric Orange Apple Lime | 1L,Nudie,Drinks,Juice,Chilled juice,,$6.00,,,$6.00 per 1L,5626676,"Treat your tastebuds to a veggie blend boost
Thanks to this scrumptiously, goodnessy, sweet burst of ingredients and antioxidants, downing four serves of fruit and six serves of veggies per bottle just got super exciting (and easy)! This powerhouse juice isn't just made using real ingredients like carrot, turmeric, orange, apple and lime - each bottle is created with the belief that the best things in life can be good for you and lip-smackingly delicious all at the same time!
30% less sugar**nudie veggie blend antioxidant has at least 30% lesssugar (6.3g/100mL) than nudie apple juice (10.8g/100mL).

3 serves of veggies per bottle

No concentrates

Contains 4 serves of fruit and 3 serves of vegetables per bottle

No added sugar

No artificial flavours or colours.

No preservatives.

Made with 100% real fruit and vegetables.",,,"Per 100g/ml
Per Serving
%DI
Energy
136kJ
340kJ
Protein
Less than 1g
Less than 1g
Total Fat
Less than 1g
Less than 1g
Saturated Fat
Less than 1g
Less than 1g
Carbohydrate
8.4g
21.0g
Sugars
6.3g
15.8g
Sodium
31mg
78mg
Dietary Fibre (total)
Less than 1g
Less than 1g
* Percentage Daily Intakes are based on an average adult diet of 8700 kJ. Your daily intakes may be higher or lower depending on your energy needs.",,https://www.coles.com.au/product/nudie-antioxidant-carrot-tumeric-orange-apple-lime-1l-5626676,,,2024-06-16T11:31:27.920976-04:00
Ind54SColes_ADrinks_SAJuice_IEmma And Toms Kick Starter Juice | 1L,Emma And Toms Kick Starter Juice | 1L,Emma And Toms,Drinks,Juice,Chilled juice,,$4.00,,$6.20,$4.00 per 1L,6381600,"Prebiotics are certain plant fibre that are indigestible to human but are important source of food and environment to the trillions of good bacteria that live within us, known as 'microbiome'.
It is becoming very clear that what we eat has an enormous impact on the health of our microbiome and that in turn has a big impact on our own health.
We have added the Prebiotics Acacia Fibre, Chicory Fibre to this juice to support good digestion and a thriving gut microbiome.",,,"Per 100g/ml
Per Serving
%DI
Energy
179kJ
358kJ
Protein
0.6g
1.2g
Total Fat
0.1g
0.2g
Saturated Fat
0g
0g
Carbohydrate
11.2g
22.4g
Sugars
8.5g
17g
Sodium
9mg
18mg
Vitamin C
11mg
22mg
Dietary Fibre (total)
2g
4g
Potassium
130mg
260mg
* Percentage Daily Intakes are based on an average adult diet of 8700 kJ. Your daily intakes may be higher or lower depending on your energy needs.",,https://www.coles.com.au/product/emma-and-toms-kick-starter-juice-1l-6381600,,,2024-06-16T11:31:38.863666-04:00
Ind54SColes_ADrinks_SAJuice_IYoufoodz Youjuice Thanks A Melon | 350mL,Youfoodz Youjuice Thanks A Melon | 350mL,Youfoodz,Drinks,Juice,Chilled juice,,$4.00,,,$11.43 per 1L,4849493,"Youfoodz have pressed watermelon, green apple, strawberry, fresh mint, and a touch of earthy beetroot to create this seriously unbeetable blend. Take a sip of Youjuice Thanks a Melon (350ml) for a natural vitamin boost & make it part of your morning routine. You'll hit top notes of hydrating melon and a hint of mint, with a barely-there beetroot taste for added nutritional goodness.",,,"Per 100g/ml
Per Serving
%DI
Energy
153kJ
536kJ
Protein
Less than 1g
1.1g
Total Fat
Less than 1g
1.2g
Saturated Fat
Less than 1g
Less than 1g
Carbohydrate
7.8g
27.5g
Sugars
7.8g
27.4g
Sodium
2mg
7mg
Vitamin C
38mg
133mg
Energy (Cal)
37Cal
128Cal
* Percentage Daily Intakes are based on an average adult diet of 8700 kJ. Your daily intakes may be higher or lower depending on your energy needs.",,https://www.coles.com.au/product/youfoodz-youjuice-thanks-a-melon-350ml-4849493,,,2024-06-16T11:31:50.851591-04:00
Ind54SColes_ADrinks_SAJuice_IGolden Circle Refreshers Berry Burst Flavoured Water Drink | 1L,Golden Circle Refreshers Berry Burst Flavoured Water Drink | 1L,Golden Circle,Drinks,Juice,Packs & Pouches,,$3.50,Pick any 2 for $4.90,,$3.50 per 1L,5632250,"Golden Circle Refreshers Berry Burst brings a new and exciting blend of fruity flavours. Perfect for cooling off on those hot summer days. Low sugar, Golden Circle Refreshers Berry Burst is the perfect drink option to serve to any crowd. It's a delicious blend of still water, fruit juice and berry flavours. No artificial colours, flavours or preservatives.
Refreshing berry flavours

Low sugar

No artificial flavours

No artificial colours

No preservatives",,,"Per 100g/ml
Per Serving
%DI
Energy
50kJ
100kJ
Protein
0g
0g
Total Fat
0g
0g
Saturated Fat
0g
0g
Carbohydrate
2.4g
4.8g
Sugars
2.4g
4.8g
Sodium
10mg
20mg
Dietary Fibre (total)
0.1g
0.2g
* Percentage Daily Intakes are based on an average adult diet of 8700 kJ. Your daily intakes may be higher or lower depending on your energy needs.",,https://www.coles.com.au/product/golden-circle-refreshers-berry-burst-flavoured-water-drink-1l-5632250,,,2024-06-16T11:32:01.694222-04:00
Ind54SColes_ADrinks_SAJuice_IImpressed Cold Pressed Juice Limited Edition | 1L,Impressed Cold Pressed Juice Limited Edition | 1L,Impressed,Drinks,Juice,Chilled juice,,$5.00,,$5.50,$5.00 per 1L,7018354,"Savour the refreshing blend of pineapple, apple, lemon and cucumber, combined with the zing of ginger and the zest of lime. This is a limited batch so get in quick!",,,"Per 100g/ml
Per Serving
%DI
Energy
177kJ
442kJ
Protein
0.2g
0.5g
Total Fat
<0.1g
<0.1g
Saturated Fat
<0.1g
<0.1g
Carbohydrate
10.2g
25.5g
Sugars
9.1g
22.7g
Sodium
1mg
3mg
* Percentage Daily Intakes are based on an average adult diet of 8700 kJ. Your daily intakes may be higher or lower depending on your energy needs.",,https://www.coles.com.au/product/impressed-cold-pressed-juice-limited-edition-1l-7018354,,,2024-06-16T11:32:12.813748-04:00
Ind54SColes_ADrinks_SAJuice_IMildura Orange And Mango Fruit Drink | 500mL,Mildura Orange And Mango Fruit Drink | 500mL,Mildura,Drinks,Juice,Chilled juice,,$2.50,,$2.80,$5.00 per 1L,3187473,"Midura Refreshing Fruit Drink is aussie owned and loved. 

Available in a convenient 500ml bottle, a glass of delicious and vibrant fruit drink is a refreshing addition to your day!

Proudly packed in NSW and QLD by and for the Bega Group using local and imported ingredients. The local ingredients are sourced Australia wide.
With fruit juice

Perfect to drink on the go

Easy to pour, resealable pack

Delicious and full flavoured

Refreshing drink

Manufactured in Australia.",,,"Per 100g/ml
Per Serving
%DI
Energy
159kJ
795kJ
9.0%
Protein
0.1g
0.5g
1.0%
Total Fat
0g
0g
0.0%
Saturated Fat
0g
0g
0.0%
Carbohydrate
9.2g
46.0g
15.0%
Sugars
8.8g
44.0g
49.0%
Sodium
2.5mg
12.5mg
1.0%
* Percentage Daily Intakes are based on an average adult diet of 8700 kJ. Your daily intakes may be higher or lower depending on your energy needs.",,https://www.coles.com.au/product/mildura-orange-and-mango-fruit-drink-500ml-3187473,,,2024-06-16T11:32:24.963982-04:00
Ind54SColes_ADrinks_SAJuice_IFrucor Ribena Ready To Drink Blackcurrant | 6 pack,Frucor Ribena Ready To Drink Blackcurrant | 6 pack,Frucor,Drinks,Juice,Multi pack juice,,$4.30,,$6.00,$2.87 per 1L,9515087,"Ribena Fruit Drink Blackcurrant has a rich source of Vitamin C and contains no artificial colour, artificial flavour or artificial sweetener.",,,"Per 100g/ml
Per Serving
%DI
Energy
179kJ
445kJ
5%
Protein
<1g
<1g
0%
Total Fat
<1g
<1g
0%
Saturated Fat
<1g
<1g
0%
Carbohydrate
10.3g
25.8g
8%
Sugars
10.3g
25.8g
29%
Sodium
<5mg
<5mg
0%
Vitamin C
8mg
20mg
50% RDI**
Energy (Cal)
42Cal
105Cal
* Percentage Daily Intakes are based on an average adult diet of 8700 kJ. Your daily intakes may be higher or lower depending on your energy needs.",,https://www.coles.com.au/product/frucor-ribena-ready-to-drink-blackcurrant-6-pack-9515087,,,2024-06-16T11:32:40.796157-04:00
Ind54SColes_ADrinks_SAJuice_IGolden Circle Apple Blackcurrant Fruit Drink LunchBox Multipack Poppers 6x250mL | 6 pack,Golden Circle Apple Blackcurrant Fruit Drink LunchBox Multipack Poppers 6x250mL | 6 pack,Golden Circle,Drinks,Juice,Multi pack juice,,$5.10,Pick any 2 for $8,,$3.40 per 1L,2044550,"Golden Circle Apple Blackcurrant Fruit Drink is full of delicious flavour. With a mixture of two fruit flavours in one drink, Golden Circle Apple Blackcurrant Fruit Drink is also made with no artificial colours, flavours or preservatives. Golden Circle Apple Blackcurrant Fruit Drink is a must have in any fridge. Combining two fruity flavours and other ingredients, this fruit drink is made with no artificial colours, flavours or preservatives. Golden Circle, Share the Sunshine.
No artificial colours

No artificial flavours

No preservatives

Good source of vitamin C

Enjoy with meals or snacks or pack it on outdoor trips",,,"Per 100g/ml
Per Serving
%DI
Energy
175 kJ
440 kJ
Protein
0 g
0 g
Total Fat
0 g
0 g
Saturated Fat
0 g
0 g
Carbohydrate
9.8 g
24.5 g
Sugars
9.8 g
24.5 g
Sodium
8 mg
20 mg
Vitamin C
16 mg
40 mg (100% RDI*)
15 mg
* Percentage Daily Intakes are based on an average adult diet of 8700 kJ. Your daily intakes may be higher or lower depending on your energy needs.",,https://www.coles.com.au/product/golden-circle-apple-blackcurrant-fruit-drink-lunchbox-multipack-poppers-6x250ml-6-pack-2044550,,,2024-06-16T11:32:52.918161-04:00
Ind54SColes_ADrinks_SA_IColes Simply Orange Mango Fruit Drink 20% | 2L,Coles Simply Orange Mango Fruit Drink 20% | 2L,Coles,Drinks,,,,$2.30,,,$1.15 per 1L,7430369,,,,"Per 100g/ml
Per Serving
%DI
Energy
175.58
438.95
Protein
0.09
0.23
Carbohydrate
10.00
25.00
Sugars
9.50
23.75
Sodium
0.10
0.25
Saturated
0.09
0.23
Energy (Cal)
42.00
105.01
Fat
0.09
0.23
Dietary Fibre (total)
0.09
0.23
* Percentage Daily Intakes are based on an average adult diet of 8700 kJ. Your daily intakes may be higher or lower depending on your energy needs.",,https://www.coles.com.au/product/coles-simply-orange-mango-fruit-drink-20percent-2l-7430369,,,2024-06-16T12:33:53.136659-04:00
Ind54SColes_ADrinks_SAJuice_ICampbells V8 Power Blend Prebiotics Juice Pine Orange | 1.25L,Campbells V8 Power Blend Prebiotics Juice Pine Orange | 1.25L,Campbells,Drinks,Juice,Plastic juice bottles,,$4.80,,$6.00,$3.84 per 1L,7219516,"Refreshingly delicious, V8 Prebiotic Pine Orange  gives you the benefits of blended fruit and veggies, as well as added fibre to support gut health in one drink. Enjoy for breakfast or bring to work for a nutritious drink. This healthy juice is a source of  Vitamin C, contains no added sugar and provides 2 serves of vegetables per 250mL serve. 

V8 Prebiotic Pine Orange is a delicious and refreshing blend of juicy orange, pineapple and pear with carrot and sweet potato. It also contains added fibre to support gut health. Increase your fruit and veg intake with every sip whilst also supporting a healthy gut.
Source of fibre to support gut health
No added sugar
Source of Vitamin C
Plant Based
2  serves of veg per 250ml serve
No Added Preservatives, no artificial flavours, no artificial colours",,,"Per 100g/ml
Per Serving
%DI
Energy
222kJ
554kJ
0
Protein
0.5g
1.1g
0
Total Fat
0.1g
0.1g
0
Saturated Fat
<0.1g
0.1g
0
Carbohydrate
11.8g
29.5g
0
Sugars
9.9g
24.8g
0
Sodium
47mg
119mg
0
Monounsaturated
0
0
0
Vitamin C
6mg
15mg
Energy (Cal)
53Cal
132Cal
0
Dietary Fibre (total)
1.4g
3.5g
0
Polyunsaturated
0
0
0
Trans
0
0
0
* Percentage Daily Intakes are based on an average adult diet of 8700 kJ. Your daily intakes may be higher or lower depending on your energy needs.",,https://www.coles.com.au/product/campbells-v8-power-blend-prebiotics-juice-pine-orange-1.25l-7219516,,,2024-06-16T12:34:04.621050-04:00
Ind54SColes_ADrinks_SAJuice_IFruit Co Juice Plus + Apple | 2L,Fruit Co Juice Plus + Apple | 2L,Fruit Co,Drinks,Juice,Plastic juice bottles,,$3.50,,,$1.75 per 1L,3752294,"Made from 99% Juice and enriched with the goodness of Vitamin C and Fibre, FruitCo Juice is the perfect juice for any occasion. FruitCo Juice comes in a convenient and ergonomic 2L PET grip bottle.",,,"Per 100g/ml
Per Serving
%DI
Energy
180kJ
451kJ
5%
Protein
<1g
<1g
1%
Total Fat
<1g
<1g
1%
Saturated Fat
<1g
<1g
1%
Carbohydrate
10.6g
26.5g
9%
Sugars
9.4g
23.5g
29%
Sodium
5mg
13mg
1%
Vitamin C
10mg
25mg
0%
Dietary Fibre (total)
<1g
<1g
8%
* Percentage Daily Intakes are based on an average adult diet of 8700 kJ. Your daily intakes may be higher or lower depending on your energy needs.",,https://www.coles.com.au/product/fruit-co-juice-plus-+-apple-2l-3752294,,,2024-06-16T12:34:15.566411-04:00
Ind54SColes_ADrinks_SABeverages_IDaily Juice No Added Sugar Apple Juice | 2L,Daily Juice No Added Sugar Apple Juice | 2L,Daily Juice,Drinks,Beverages,Water & juices,,$5.90,,,"$2.95 per 1L
Was $6.20 on Jun 2024",5129875,"Daily Juice has been working since 1989 to create great tasting juice, great for the whole family to enjoy! With fruit ripened in the sun and no added sugar, Daily Juice is packed with good stuff to help kick start your day. 

For a delicious kick start to your day, pair a glass of delicious Daily Juice Apple Juice with a bowl of delicious and nutritious granola muesli with berries. 

Proudly Australian owned, made and loved. 

Contains fresh, reconstituted and from time to time, cold-stored juice.  
No Added Sugar

5 Star Health rating

With the goodness of Vitamin C

1 serve of fruit per 125mL of fruit Juice as part of a balanced diet

Perfect for breakfast or as a refreshment/snack

Manufactured in Australia.",,,"Per 100g/ml
Per Serving
%DI
Energy
184kJ
368kJ
4%
Protein
0.1g
0.2g
<1%
Total Fat
<1.0g
<1.0g
<1%
Saturated Fat
0.0g
0.0g
0%
Carbohydrate
10.5g
21.0g
7%
Sugars
10.1g
20.2g
22%
Sodium
2mg
4mg
<1%
Vitamin C
20mg
40mg
100% RDI*
Energy (Cal)
44Cal
88Cal
Dietary Fibre (total)
0.1g
0.2g
1%
Potassium
110mg
220mg
* Percentage Daily Intakes are based on an average adult diet of 8700 kJ. Your daily intakes may be higher or lower depending on your energy needs.",,https://www.coles.com.au/product/daily-juice-no-added-sugar-apple-juice-2l-5129875,,,2024-06-16T12:34:26.660003-04:00
Ind54SColes_ADrinks_SAJuice_IRemedy Shot Energy | 60mL,Remedy Shot Energy | 60mL,Remedy,Drinks,Juice,Chilled juice,,$2.50,,$3.50,$41.67 per 1L,4471450,"A full-on kombucha brew with a 60mg all-natural caffeine hit, equivalent to a cuppa coffee. There's a mouth party going on right here with this berry delicious shot packing a flavour punch with all-natural strawberry, raspberry and blackberry. Expect juicy, jammy, berry flavours with subtle notes of vanilla and caramel. Remedy Shots are:
No sugar, for real
All Natural
Certified Organic
Full of flavour
Vegan
Gluten Free
A-Ok in or out of the fridge",,,"Per 100g/ml
Per Serving
%DI
Energy
19kJ
11kJ
Protein
<1g
<1g
Total Fat
<1g
<1g
Saturated Fat
<1g
<1g
Carbohydrate
0.2g
0.1g
Sugars
0g
0g
Sodium
<5mg
<5mg
Dietary Fibre (total)
<1g
<1g
Caffeine
100mg
60mg
* Percentage Daily Intakes are based on an average adult diet of 8700 kJ. Your daily intakes may be higher or lower depending on your energy needs.",,https://www.coles.com.au/product/remedy-shot-energy-60ml-4471450,,,2024-06-16T12:34:37.924896-04:00
Ind54SColes_ADrinks_SAJuice_ICampbell's V8 Juice Tropical Fusion | 300mL,Campbell's V8 Juice Tropical Fusion | 300mL,Campbells,Drinks,Juice,Plastic juice bottles,,$2.70,,,$9.00 per 1L,2047140,"V8 Tropical juice is a healthy antioxidant boost. This apple, pineapple, passionfruit and carrot juice contains vitamins. Grab this ambient juice for a healthy morning pick-me-up. Or if you're short on time, it's the perfect lunchbox drink for an on-the-go afternoon top up. Grab yourself a V8 fuel up!
No artificial flavours or colours
No added preservatives or added sugar
Source of antioxidant vitamin C",,,"Per 100g/ml
Per Serving
%DI
Energy
184kJ
552kJ
0
Protein
0.4g
1.2g
0
Total Fat
0.1g
0.3g
0
Saturated Fat
<0.1g
0.1g
0
Carbohydrate
10.0g
30.0g
0
Sugars
8.6g
25.8g
0
Vitamin A
75ug
225ug
Sodium
22mg
66mg
0
Monounsaturated
0
0
0
Vitamin C
2mg
6mg
Energy (Cal)
44Cal
132Cal
0
Dietary Fibre (total)
0.4g
1.2g
0
Polyunsaturated
0
0
0
Trans
0
0
0
* Percentage Daily Intakes are based on an average adult diet of 8700 kJ. Your daily intakes may be higher or lower depending on your energy needs.",,https://www.coles.com.au/product/campbell's-v8-juice-tropical-fusion-300ml-2047140,,,2024-06-16T12:34:49.650561-04:00
Ind54SColes_ADrinks_SAJuice_IGolden Circle 100% No Added Sugar Apple And Mango Juice | 3L,Golden Circle 100% No Added Sugar Apple And Mango Juice | 3L,Golden Circle,Drinks,Juice,Plastic juice bottles,,$4.50,,$5.50,$1.50 per 1L,9349068,"A mix of two summer flavours in one, Golden Circle Apple Mango Juice is the perfect drink for backyard barbecues and birthday parties. Made with no added sugar, this juice is sure to be a summertime staple in any household. Golden Circle Apple Mango Juice contains no artificial colours, flavours or preservatives. A great mix of two fruit flavours, apple and mango, this juice is perfect to enjoy on hot days. Golden Circle, Share the Sunshine.
No added sugar

No artificial colours or flavours

No preservatives

Serve chilled

Delicious on its own, in smoothies, and in desserts",,,"Per 100g/ml
Per Serving
%DI
Energy
215 KJ
430 kJ
Protein
0.2 g
0.4 g
Total Fat
0.1g
0.2 g
Saturated Fat
0 g
0 g
Carbohydrate
11.9 g
23.8 g
Sugars
11.8 g
23.6 g
Sodium
8 mg
16 mg
Vitamin C
40 mg
80 mg (200% RDI*)
Dietary Fibre (total)
0.3 g
0.6 g
* Percentage Daily Intakes are based on an average adult diet of 8700 kJ. Your daily intakes may be higher or lower depending on your energy needs.",,https://www.coles.com.au/product/golden-circle-100percent-no-added-sugar-apple-and-mango-juice-3l-9349068,,,2024-06-16T12:35:00.836567-04:00
Ind54SColes_ADrinks_SA_ICampbell's V8 Breakfast Juice Box 250mL | 3 pack,Campbell's V8 Breakfast Juice Box 250mL | 3 pack,Campbells,Drinks,,,,$4.00,,$4.50,$5.33 per 1L,1165301,"V8 Breakfast juice is a healthy antioxidant boost. This apple, pineapple, orange and carrot juice contains vitamins. Take one of these perfectly sized lunchbox drinks with your packed lunch to enjoy anywhere. Share this multipack of fruit and vegetable juices with a friend for a healthy morning pick-me-up. Or if you're short on time, it's the perfect ambient juice for an on-the-go afternoon top up. Grab yourself a V8 fuel up!
No artificial flavours or colours
No added preservatives or added sugar
Source of vitamin A and antioxidant vitamin C",,,"Per 100g/ml
Per Serving
%DI
Energy
204kJ
510kJ
0
Protein
0.4g
1.0g
0
Total Fat
0.1g
0.1g
0
Saturated Fat
<0.1g
<0.1g
0
Carbohydrate
11.4g
28.4g
0
Sugars
9.8g
24.5g
0
Vitamin A
75ug
188ug
Sodium
19mg
47mg
0
Monounsaturated
0
0
0
Vitamin C
2mg
16mg
Energy (Cal)
49Cal
122Cal
0
Dietary Fibre (total)
0.2g
0.5g
0
Polyunsaturated
0
0
0
Trans
0
0
0
* Percentage Daily Intakes are based on an average adult diet of 8700 kJ. Your daily intakes may be higher or lower depending on your energy needs.",,https://www.coles.com.au/product/campbell's-v8-breakfast-juice-box-250ml-3-pack-1165301,,,2024-06-16T12:35:12.297946-04:00
Ind54SColes_ADrinks_SAJuice_IColes Tropical Juice 250mL | 6 pack,Coles Tropical Juice 250mL | 6 pack,Coles,Drinks,Juice,Multi pack juice,,$4.00,,,$2.67 per 1L,2535643,Coles Tropical juice 250 ml No Added Sugar Good Source of Vitamin C. great for the lucnh box or as a refreshing drink at the park,,,"Per 100g/ml
Per Serving
%DI
Energy
188
471
5
Protein
LESS THAN 1g
LESS THAN 1g
0
Total Fat
LESS THAN 1g
LESS THAN 1g
0
Saturated Fat
LESS THAN 1g
LESS THAN 1g
1
Saturated
0.09
0.23
Vitamin C
10
25
Fat
0.09
0.23
Dietary Fibre (total)
0.40
1.00
* Percentage Daily Intakes are based on an average adult diet of 8700 kJ. Your daily intakes may be higher or lower depending on your energy needs.",,https://www.coles.com.au/product/coles-tropical-juice-250ml-6-pack-2535643,,,2024-06-16T12:35:23.375131-04:00
Ind54SColes_ADrinks_SAJuice_IGolden Circle 100% Juice Grape | 2L,Golden Circle 100% Juice Grape | 2L,Golden Circle,Drinks,Juice,Plastic juice bottles,,$4.80,,,$2.40 per 1L,4754375,"Golden Circle Grape Juice is vibrant in both taste and colour. Enjoy it chilled or mix into a smoothie for breakfast. Made with no artificial colours, flavours or preservatives, Golden Circle Grape Juice brings the delicious flavour of grapes into a delicious bright juice. Serve chilled over ice on a warm day or blend into your favourite fruit smoothie for added flavour. Golden Circle Grape Juice contains no added sugar. Golden Circle, Share the Sunshine.
No added sugar

No artificial colour or flavours

Best enjoyed chilled

No preservatives

Delicious in a smoothie",,,"Per 100g/ml
Per Serving
%DI
Energy
270 kJ
540 kJ
Protein
0.1 g
0.2 g
Total Fat
0 g
0 g
Saturated Fat
0 g
0 g
Carbohydrate
15.3 g
30.6 g
Sugars
14.6 g
29.2 g
Sodium
7 mg
14 mg
Vitamin C
40 mg
80 mg (200% RDI*)
Dietary Fibre (total)
0 g
0 g
* Percentage Daily Intakes are based on an average adult diet of 8700 kJ. Your daily intakes may be higher or lower depending on your energy needs.",,https://www.coles.com.au/product/golden-circle-100percent-juice-grape-2l-4754375,,,2024-06-16T12:35:34.328257-04:00
Ind54SColes_ADrinks_SA_IColes Apple & Blackcurrant Juice | 2L,Coles Apple & Blackcurrant Juice | 2L,Coles,Drinks,,,,$2.80,,,$1.40 per 1L,2531529,Coles 2L Apple and Blackcurrant juice. Made with no added sugar and is a good source of vitamin C,,,"Per 100g/ml
Per Serving
%DI
Energy
190.54
476.35
Protein
0.09
0.23
Carbohydrate
10.50
26.25
Sugars
9.60
24.00
Sodium
7.00
17.50
Saturated
0.09
0.23
Vitamin C
10.00
25.00
Energy (Cal)
45.58
113.96
Fat
0.07
0.18
Dietary Fibre (total)
0.99
2.48
* Percentage Daily Intakes are based on an average adult diet of 8700 kJ. Your daily intakes may be higher or lower depending on your energy needs.",,https://www.coles.com.au/product/coles-apple-and-blackcurrant-juice-2l-2531529,,,2024-06-16T12:35:45.264463-04:00
Ind54SColes_ADrinks_SAJuice_IBickfords Pineapple Mango Juice | 1L,Bickfords Pineapple Mango Juice | 1L,Bickfords,Drinks,Juice,Glass juice bottles,,$5.50,,$6.50,$5.50 per 1L,5622562,"Our Pineapple & Mango Juice with added Vitamin C, will bring you a ray of sunshine and an antioxidant boost that will cheer your world. There's no added sugar, no artificial colours or flavours and it's free from preservatives because we know that's important to you.",,,"Per 100g/ml
Per Serving
%DI
Energy
120kJ
240kJ
Protein
<0.3g
<0.4g
Total Fat
0g
0g
Saturated Fat
0g
0g
Carbohydrate
5.9g
13.5g
Sugars
0g
13g
Sodium
5mg
5mg
Monounsaturated
0g
0g
Vitamin C
4mg
4mg
25%
Dietary Fibre (total)
1.8g
0g
Polyunsaturated
0g
0g
Trans
0g
0g
* Percentage Daily Intakes are based on an average adult diet of 8700 kJ. Your daily intakes may be higher or lower depending on your energy needs.",,https://www.coles.com.au/product/bickfords-pineapple-mango-juice-1l-5622562,,,2024-06-16T12:35:56.795980-04:00
Ind54SColes_ADrinks_SAJuice_INudie Watermelon Juice | 2L,Nudie Watermelon Juice | 2L,Nudie,Drinks,Juice,Chilled juice,,$7.00,,$8.50,$3.50 per 1L,7016610,,,,,,https://www.coles.com.au/product/nudie-watermelon-juice-2l-7016610,,,2024-06-16T12:36:06.665615-04:00
Ind54SColes_ADrinks_SAJuice_ISPC Pear Natural Juice Can | 850mL,SPC Pear Natural Juice Can | 850mL,SPC,Drinks,Juice,Canned juices,,$3.60,,,$4.24 per 1L,397006,"SPC Pear Juice Can 850mL is premium Australian fruit juice from the cradle of Goulburn valley. Perfect for baking, drinks and smoothies on a warm summers day!


- No Artificial Colours

- No Artificial Flavours

- No Preservatives",,,"Per 100g/ml
Per Serving
%DI
Energy
218kJ
273kJ
Protein
0.3g
0.4g
Total Fat
Less than 0.1g
Less than 0.1g
Saturated Fat
Less than 0.1g
Less than 0.1g
Carbohydrate
12.5g
15.6g
Sugars
8.3g
10.4g
Sodium
Less than 5mg
Less than 5mg
Energy (Cal)
52Cal
65Cal
Dietary Fibre (total)
0.1g
0.1g
* Percentage Daily Intakes are based on an average adult diet of 8700 kJ. Your daily intakes may be higher or lower depending on your energy needs.",,https://www.coles.com.au/product/spc-pear-natural-juice-can-850ml-397006,,,2024-06-16T12:36:17.870096-04:00
Ind54SColes_ADrinks_SAJuice_IPureharvest Organic Apple & Pear Juice Bottle | 1L,Pureharvest Organic Apple & Pear Juice Bottle | 1L,Pureharvest,Drinks,Juice,Glass juice bottles,,$4.50,,,$4.50 per 1L,5748276,"PureHarvest Organic Apple & Pear Juice is made from 100% whole juice with no added sugars, colours or preservatives.

One of Our Commitments is to sustainable packaging which is why you will find our Juice, Sweetener, Spread & Sauce ranges in recyclable, glass jars instead of plastic.",,,"Per 100g/ml
Per Serving
%DI
Energy
196
392
Protein
0.1
0.2
Total Fat
NIL
NIL
Saturated Fat
NIL
NIL
Carbohydrate
11.4
22.8
Sugars
10.7
21.4
Sodium
2.2
4.4
* Percentage Daily Intakes are based on an average adult diet of 8700 kJ. Your daily intakes may be higher or lower depending on your energy needs.",,https://www.coles.com.au/product/pureharvest-organic-apple-and-pear-juice-bottle-1l-5748276,,,2024-06-16T12:36:29.102496-04:00
Ind54SColes_ADrinks_SAJuice_IGolden Circle Apple Blackcurrant Fruit Drink LunchBox Multipack Poppers 6x250mL | 6 pack,Golden Circle Apple Blackcurrant Fruit Drink LunchBox Multipack Poppers 6x250mL | 6 pack,Golden Circle,Drinks,Juice,Multi pack juice,,$5.10,Pick any 2 for $8,,$3.40 per 1L,2044550,"Golden Circle Apple Blackcurrant Fruit Drink is full of delicious flavour. With a mixture of two fruit flavours in one drink, Golden Circle Apple Blackcurrant Fruit Drink is also made with no artificial colours, flavours or preservatives. Golden Circle Apple Blackcurrant Fruit Drink is a must have in any fridge. Combining two fruity flavours and other ingredients, this fruit drink is made with no artificial colours, flavours or preservatives. Golden Circle, Share the Sunshine.
No artificial colours

No artificial flavours

No preservatives

Good source of vitamin C

Enjoy with meals or snacks or pack it on outdoor trips",,,"Per 100g/ml
Per Serving
%DI
Energy
175 kJ
440 kJ
Protein
0 g
0 g
Total Fat
0 g
0 g
Saturated Fat
0 g
0 g
Carbohydrate
9.8 g
24.5 g
Sugars
9.8 g
24.5 g
Sodium
8 mg
20 mg
Vitamin C
16 mg
40 mg (100% RDI*)
15 mg
* Percentage Daily Intakes are based on an average adult diet of 8700 kJ. Your daily intakes may be higher or lower depending on your energy needs.",,https://www.coles.com.au/product/golden-circle-apple-blackcurrant-fruit-drink-lunchbox-multipack-poppers-6x250ml-6-pack-2044550,,,2024-06-16T12:36:40.176242-04:00
Ind54SColes_ADrinks_SAJuice_IMildura Orange And Passionfruit Drink | 500mL,Mildura Orange And Passionfruit Drink | 500mL,Mildura,Drinks,Juice,Chilled juice,,$2.50,,$2.80,$5.00 per 1L,2478867,"Midura Refreshing Fruit Drink is aussie owned and loved. 

Available in a convenient 500ml bottle, a glass of delicious and vibrant fruit drink is a refreshing addition to your day!

Proudly packed in NSW and QLD by and for the Bega Group using local and imported ingredients. The local ingredients are sourced Australia wide.
With fruit juice

Perfect to drink on the go

Easy to pour, resealable pack

Delicious and full flavoured

Refreshing drink

Manufactured in Australia.",,,"Per 100g/ml
Per Serving
%DI
Energy
163kJ
815kJ
9.0%
Protein
0.1g
0.5g
1.0%
Total Fat
0g
0g
0.0%
Saturated Fat
0g
0g
0.0%
Carbohydrate
9.4g
47g
15.0%
Sugars
8.9g
44.5g
49.0%
Sodium
2.5mg
12.5mg
1.0%
* Percentage Daily Intakes are based on an average adult diet of 8700 kJ. Your daily intakes may be higher or lower depending on your energy needs.",,https://www.coles.com.au/product/mildura-orange-and-passionfruit-drink-500ml-2478867,,,2024-06-16T12:36:51.357185-04:00
Ind54SColes_ADrinks_SAJuice_IPerkii Mango Passionfruit Probiotic Drink | 350mL,Perkii Mango Passionfruit Probiotic Drink | 350mL,Perkii,Drinks,Juice,Chilled juice,,$4.40,,,$12.57 per 1L,3416559,"Delivering more goodness where it counts - your gut. Developed at the University of Queensland, PERKii Probiotic Drink contains 1.2 billion probiotics scientifically designed to reach your gut alive. Blended with natural juice flavours, every bottle is low in sugar and just 37 calories per serving. Great taste, even better for you.
Did you know that the majority of probiotics perish in your stomach, well before they've even reached your gut? PERKii is different!
The brainchild of serious scientific research at UNI of QLD, our probiotics are protected for the long journey through your stomach. Delivering More goodness to the gut.",,,"Per 100g/ml
Per Serving
%DI
Energy
44kJ
154kJ
Protein
<1g
<1g
Total Fat
<0.1g
<0.1g
Saturated Fat
<0.1g
<0.1g
Carbohydrate
2.6g
9.1g
Sugars
2.4g
8.4g
Sodium
2.7mg
9.5mg
Dietary Fibre (total)
<1g
<1g
* Percentage Daily Intakes are based on an average adult diet of 8700 kJ. Your daily intakes may be higher or lower depending on your energy needs.",,https://www.coles.com.au/product/perkii-mango-passionfruit-probiotic-drink-350ml-3416559,,,2024-06-16T12:37:03.421384-04:00
Ind54SColes_ADrinks_SAJuice_IGolden Circle  Pineapple Juice Fruit Juice | 2L,Golden Circle  Pineapple Juice Fruit Juice | 2L,Golden Circle,Drinks,Juice,Plastic juice bottles,,$4.80,,,$2.40 per 1L,5487536,"Brighten up your week with a glass of Golden Circle Pineapple Juice. Made with no added sugar, this juice is a great way to cool down on a warm day. Containing no artificial colours, flavours or preservatives, and made with no added sugar, Golden Circle Pineapple Juice is a great juice for the whole family to enjoy. Enjoy Golden Circle Pineapple Juice in a fruity smoothie, frozen into ice blocks or mixed into a mocktail. Golden Circle, Share the Sunshine.
No added sugar

No artificial colours, flavours or preservatives

A great way to cool down on a warm day

Refreshing drink

Delicious on its own, with savoury dishes, or with desserts",,,"Per 100g/ml
Per Serving
%DI
Energy
205 kJ
410 kJ
Protein
0.1 g
0.2 g
Total Fat
0 g
0 g
Saturated Fat
0 g
0 g
Carbohydrate
11.0 g
22.0 g
Sugars
11.0 g
22.0 g
Sodium
9 mg
18 mg
Vitamin C
40 mg
80 mg (200% RDI*)
Dietary Fibre (total)
0.2 g
0.4 g
* Percentage Daily Intakes are based on an average adult diet of 8700 kJ. Your daily intakes may be higher or lower depending on your energy needs.",,https://www.coles.com.au/product/golden-circle-pineapple-juice-fruit-juice-2l-5487536,,,2024-06-16T12:37:14.554035-04:00
Ind54SColes_ADrinks_SAJuice_IEmma And Toms Kick Starter Juice | 1L,Emma And Toms Kick Starter Juice | 1L,Emma And Toms,Drinks,Juice,Chilled juice,,$4.00,,$6.20,$4.00 per 1L,6381600,"Prebiotics are certain plant fibre that are indigestible to human but are important source of food and environment to the trillions of good bacteria that live within us, known as 'microbiome'.
It is becoming very clear that what we eat has an enormous impact on the health of our microbiome and that in turn has a big impact on our own health.
We have added the Prebiotics Acacia Fibre, Chicory Fibre to this juice to support good digestion and a thriving gut microbiome.",,,"Per 100g/ml
Per Serving
%DI
Energy
179kJ
358kJ
Protein
0.6g
1.2g
Total Fat
0.1g
0.2g
Saturated Fat
0g
0g
Carbohydrate
11.2g
22.4g
Sugars
8.5g
17g
Sodium
9mg
18mg
Vitamin C
11mg
22mg
Dietary Fibre (total)
2g
4g
Potassium
130mg
260mg
* Percentage Daily Intakes are based on an average adult diet of 8700 kJ. Your daily intakes may be higher or lower depending on your energy needs.",,https://www.coles.com.au/product/emma-and-toms-kick-starter-juice-1l-6381600,,,2024-06-16T12:37:25.626785-04:00
Ind54SColes_ADrinks_SAJuice_IOcean Spray Pure Cranberry Juice | 1L,Ocean Spray Pure Cranberry Juice | 1L,Ocean Spray,Drinks,Juice,Plastic juice bottles,,$8.00,,,$8.00 per 1L,6764653,"Enjoy the powerful taste of 100% unsweetened cranberries, loaded with antioxidants to help cleanse & purify your body. Boost your daily smoothie, sparkling water or enjoy as a daily shot!",,,"Per 100g/ml
Per Serving
%DI
Energy
118kJ
295kJ
Protein
0g
0g
Total Fat
0g
0g
Saturated Fat
0g
0g
Carbohydrate
4.5g
11.3g
Sugars
3.9g
9.8g
Sodium
11mg
28mg
Potassium
74mg
185mg
* Percentage Daily Intakes are based on an average adult diet of 8700 kJ. Your daily intakes may be higher or lower depending on your energy needs.",,https://www.coles.com.au/product/ocean-spray-pure-cranberry-juice-1l-6764653,,,2024-06-16T12:37:36.899809-04:00
Ind54SColes_ADrinks_SAJuice_IDaily Juice Pulp Free No Added Sugar Orange Juice | 2L,Daily Juice Pulp Free No Added Sugar Orange Juice | 2L,Daily Juice,Drinks,Juice,Chilled juice,,$6.20,,,$3.10 per 1L,5738160,"Daily Juice has been working since 1989 to create great tasting juice, great for the whole family to enjoy! With fruit ripened in the sun and no added sugar, Daily Juice is packed with good stuff to help kick start your day. 

For a delicious kick start to your day, pair a glass of delicious Daily Juice Pulp free Orange Juice with a bowl of delicious and nutritious granola muesli with berries. 

Proudly Australian owned, made and loved. 

Contains fresh, reconstituted and from time to time, cold-stored juice.  
No Added Sugar

5 Star Health rating

With the goodness of Vitamin C

1 serve of fruit per 125mL of fruit Juice as part of a balanced diet

Perfect for breakfast or as a refreshment/snack

Manufactured in Australia.",,,"Per 100g/ml
Per Serving
%DI
Energy
167kJ
334kJ
4%
Protein
0.6g
1.2g
2%
Total Fat
<1.0g
<1.0g
<1%
Saturated Fat
0g
0g
0%
Carbohydrate
8.9g
17.8g
6%
Sugars
8.2g
16.4g
18%
Sodium
2.0mg
4.0mg
<1%
Vitamin C
37mg
74mg
185% RDI*
Energy (Cal)
40Cal
80Cal
Dietary Fibre (total)
0.2g
0.4g
1%
Potassium
180mg
360mg
* Percentage Daily Intakes are based on an average adult diet of 8700 kJ. Your daily intakes may be higher or lower depending on your energy needs.",,https://www.coles.com.au/product/daily-juice-pulp-free-no-added-sugar-orange-juice-2l-5738160,,,2024-06-16T12:37:47.959753-04:00
Ind54SColes_ADrinks_SAJuice_IArepa Nootropic Brain Drink Performance | 300mL,Arepa Nootropic Brain Drink Performance | 300mL,Arepa,Drinks,Juice,Chilled juice,,$7.00,,,$23.33 per 1L,3986466,"Arepa Nootropic Brain Drink Performance 300mL. Designed to keep you calm and thinking clear, from procrastination, brain fog, stress and mental blocks. Formulated by our world-renowned Neuroscientist. ?repay is based on decades of clinical research along with our own independent studies on our finished formula. 100% Natural, Caffeine-free, Effects you can feel.",,,"Per 100g/ml
Per Serving
%DI
Energy
52kJ
155kJ
Protein
12g
37g
Total Fat
0.1g
0.4g
Saturated Fat
0g
0g
Carbohydrate
7.7g
23g
Sugars
4.9g
14.8g
Sodium
3mg
8mg
* Percentage Daily Intakes are based on an average adult diet of 8700 kJ. Your daily intakes may be higher or lower depending on your energy needs.",,https://www.coles.com.au/product/arepa-nootropic-brain-drink-performance-300ml-3986466,,,2024-06-16T12:37:58.955466-04:00
Ind54SColes_ADrinks_SAJuice_IFruit Co Juice Plus + Tomato | 2L,Fruit Co Juice Plus + Tomato | 2L,Fruit Co,Drinks,Juice,Plastic juice bottles,,$3.50,,,$1.75 per 1L,3752330,"Made from 98% Juice and enriched with the goodness of Vitamin C and Fibre, FruitCo Juice is the perfect juice for any occasion. FruitCo Juice comes in a convenient and ergonomic 2L PET grip bottle.",,,"Per 100g/ml
Per Serving
%DI
Energy
109kJ
272kJ
3%
Protein
<1g
<1g
1%
Total Fat
<1g
<1g
1%
Saturated Fat
<1g
<1g
1%
Carbohydrate
6.4g
16g
5%
Sugars
6.1g
15.3g
17%
Sodium
202mg
505mg
22%
Vitamin C
10mg
25mg
0%
Dietary Fibre (total)
<1g
<1g
8%
* Percentage Daily Intakes are based on an average adult diet of 8700 kJ. Your daily intakes may be higher or lower depending on your energy needs.",,https://www.coles.com.au/product/fruit-co-juice-plus-+-tomato-2l-3752330,,,2024-06-16T12:38:09.877477-04:00
Ind54SColes_ADrinks_SAJuice_IColes Smoothie Berry | 1L,Coles Smoothie Berry | 1L,Coles,Drinks,Juice,Chilled juice,,$5.10,,,$5.10 per 1L,2806605,"Coles Berry smoothie 1L. A blend of strawberry, raspberry, banana, pear, mango and blueberry all make up this 2018 product of the year smoothie. Not made from concentrate, no added sugar and 1 portion of fruit in each serving makes this a great beverage for any time of day.",,,"Per 100g/ml
Per Serving
%DI
Energy
221.20
553.00
Protein
0.50
1.25
Carbohydrate
11.20
28.00
Sugars
11.00
27.50
Sodium
0.48
1.20
Saturated
0.00
0.00
Vitamin C
41.88
104.70
Energy (Cal)
52.92
132.30
Fat
0.30
0.75
Dietary Fibre (total)
1.40
3.50
* Percentage Daily Intakes are based on an average adult diet of 8700 kJ. Your daily intakes may be higher or lower depending on your energy needs.",,https://www.coles.com.au/product/coles-smoothie-berry-1l-2806605,,,2024-06-16T12:38:20.855508-04:00
Ind54SColes_ADrinks_SAColes Finest_IColes Finest Apple Juice | 2L,Coles Finest Apple Juice | 2L,Coles,Drinks,Coles Finest,Fruit & Fruit Juice,,$5.20,,,$2.60 per 1L,3927117,Refreshing Coles 2L cloudy apple juice made with 100% Australian apples and no added sugar. A refreshing beverage for anytime of day.,,,"Per 100g/ml
Per Serving
%DI
Energy
211.82
529.55
Protein
0.20
0.50
Carbohydrate
12.00
30.00
Sugars
11.10
27.75
Sodium
3.30
8.25
Saturated
0.09
0.23
Energy (Cal)
50.67
126.69
Fat
0.10
0.25
Dietary Fibre (total)
0.09
0.23
* Percentage Daily Intakes are based on an average adult diet of 8700 kJ. Your daily intakes may be higher or lower depending on your energy needs.",,https://www.coles.com.au/product/coles-finest-apple-juice-2l-3927117,,,2024-06-16T12:38:32.106617-04:00
Ind54SColes_ADrinks_SAJuice_IColes Apple Fruit Drink 250mL | 6 Pack,Coles Apple Fruit Drink 250mL | 6 Pack,Coles,Drinks,Juice,Multi pack juice,,$3.50,,,$2.33 per 1L,2535574,No Artificial Sweeteners35% Fruit Juice,,,"Per 100g/ml
Per Serving
%DI
Energy
152.4
381
Protein
0.1
0.25
Saturated Fat
LESS THAN 1g
LESS THAN 1g
1
Carbohydrate
8.6
21.5
Sugars
8.1
20.25
Sodium
3
7.5
Saturated
0.1
0.25
Energy (Cal)
36
91
Fat
0.1
0.25
Dietary Fibre (total)
0.1
0.25
* Percentage Daily Intakes are based on an average adult diet of 8700 kJ. Your daily intakes may be higher or lower depending on your energy needs.",,https://www.coles.com.au/product/coles-apple-fruit-drink-250ml-6-pack-2535574,,,2024-06-16T12:38:43.144931-04:00
Ind54SColes_ADrinks_SAJuice_IDaily Juice Pulp Free No Added Sugar Orange Juice | 500mL,Daily Juice Pulp Free No Added Sugar Orange Juice | 500mL,Daily Juice,Drinks,Juice,Chilled juice,,$3.00,,,$6.00 per 1L,8757069,"With great flavour, no added sugar and packed in a convenient 500ml bottle, Daily Juice Orange Pulp Free Juice is the ideal 'on-the-go' pick me up to support your busy lifestyle!

Recharge with Vitamin C, which supports energy and reduces feelings of tiredness and fatigue when consumed as part of a balanced diet. 

Proudly Australian owned, made and loved. 

Contains fresh, reconstituted and from time to time, cold-stored juice. 
No Added Sugar

5 Star Health rating

With the goodness of Vitamin C

1 serve of fruit per 125mL of fruit Juice as part of a balanced diet

Perfect for breakfast or as a refreshment/snack

Manufactured in Australia.",,,"Per 100g/ml
Per Serving
%DI
Energy
167kJ
835kJ
10%
Protein
0.6g
3.0g
6%
Total Fat
<1.0g
<1.0g
<1%
Saturated Fat
0.0g
0.0g
0.0%
Carbohydrate
8.9g
44.5g
14%
Sugars
8.2g
41.0g
46%
Sodium
2.0mg
10.0mg
<1%
Vitamin C
30mg
150mg
375% RDI*
Energy (Cal)
40Cal
200Cal
Dietary Fibre (total)
0.2g
1.0g
3%
Potassium
180mg
900mg
* Percentage Daily Intakes are based on an average adult diet of 8700 kJ. Your daily intakes may be higher or lower depending on your energy needs.",,https://www.coles.com.au/product/daily-juice-pulp-free-no-added-sugar-orange-juice-500ml-8757069,,,2024-06-16T12:38:55.309898-04:00
Ind54SColes_ADrinks_SAJuice_IColes Apple & Blackcurrant Fruit Drink Multipack 250mL | 6 Pack,Coles Apple & Blackcurrant Fruit Drink Multipack 250mL | 6 Pack,Coles,Drinks,Juice,Multi pack juice,,$3.50,,,$2.33 per 1L,2535563,No Artificial Sweeteners35% Fruit Juice,,,"Per 100g/ml
Per Serving
%DI
Energy
152.4
381
Protein
0.1
0.25
Carbohydrate
8.6
21.5
Sugars
8.1
20.25
Sodium
3
7.5
Saturated
0.1
0.25
Energy (Cal)
36.46
91.15
Fat
0.1
0.25
Dietary Fibre (total)
0.1
0.25
* Percentage Daily Intakes are based on an average adult diet of 8700 kJ. Your daily intakes may be higher or lower depending on your energy needs.",,https://www.coles.com.au/product/coles-apple-and-blackcurrant-fruit-drink-multipack-250ml-6-pack-2535563,,,2024-06-16T12:39:06.277267-04:00
Ind54SColes_ADrinks_SAJuice_IBickford's Prune Juice | 1L,Bickford's Prune Juice | 1L,Bickfords,Drinks,Juice,Glass juice bottles,,$5.50,,$6.50,$5.50 per 1L,5225460,"If you need a little help getting your digestive health moving in the right direction, our 100% Prune juice could be just the thing. It tastes pretty fabulous, there's no added sugar, no preservatives and nothing artificial because we know that's important to you.",,,"Per 100g/ml
Per Serving
%DI
Energy
309kJ
773kJ
Protein
<0.5g
<1.3g
Total Fat
0g
0g
Saturated Fat
0g
0g
Carbohydrate
18g
42.5g
Sugars
10.7g
25g
Sodium
9mg
22.5mg
Monounsaturated
0g
0g
Dietary Fibre (total)
0g
0g
Polyunsaturated
0g
0g
Trans
0g
0g
* Percentage Daily Intakes are based on an average adult diet of 8700 kJ. Your daily intakes may be higher or lower depending on your energy needs.",,https://www.coles.com.au/product/bickford's-prune-juice-1l-5225460,,,2024-06-16T12:39:17.334419-04:00
Ind54SColes_ADrinks_SAJuice_IGolden Circle Apple Raspberry Drink Tetra 250mL | 6 pack,Golden Circle Apple Raspberry Drink Tetra 250mL | 6 pack,Golden Circle,Drinks,Juice,Multi pack juice,,$5.10,Pick any 2 for $8,,$3.40 per 1L,4352112,"Keep cool during summer with Golden Circle Apple Raspberry Fruit Drink. This delicious fruit drink contains a tasty combination of apple and raspberry juice, with no artificial colours, flavours or preservatives. Golden Circle Apple Raspberry Fruit Drink is made to create smiles and is best served chilled, or frozen into iceblocks. Packaged into convenient single serve cartons, which are ideal for when you're on the go - whether you're heading to work, school, spending the day at the beach or heading to a picnic at the park. This fruit drink is an essential for summer camping trips. Golden Circle, Share the Sunshine.
No artificial colours

No artificial flavours

Contains no preservatives

Good Source of vitamin C

Convenient size for bringing to picnics and beach trips",,,"Per 100g/ml
Per Serving
%DI
Energy
175 kJ
440 kJ
Protein
0 g
0 g
Total Fat
0 g
0 g
Saturated Fat
0 g
0 g
Carbohydrate
9.8 g
24.5 g
Sugars
9.8 g
24.5 g
Sodium
8 mg
20 mg
Vitamin C
15 mg
37 mg (92% RDI*)
15 mg
* Percentage Daily Intakes are based on an average adult diet of 8700 kJ. Your daily intakes may be higher or lower depending on your energy needs.",,https://www.coles.com.au/product/golden-circle-apple-raspberry-drink-tetra-250ml-6-pack-4352112,,,2024-06-16T12:39:28.680788-04:00
Ind54SColes_ADrinks_SAJuice_IColes Green Juice | 500mL,Coles Green Juice | 500mL,Coles,Drinks,Juice,Chilled juice,,$2.40,,,$4.80 per 1L,5641283,,,,"Per 100g/ml
Per Serving
%DI
Energy
220.50
551.25
Protein
0.80
2.00
Total Fat
LESS THAN 1g
LESS THAN 1g
1
Saturated Fat
LESS THAN 1g
LESS THAN 1g
1
Carbohydrate
11.50
28.75
Sugars
10.90
27.25
Sodium
5.00
12.50
Saturated
0.10
0.25
Vitamin C
6.00
15.00
Energy (Cal)
52.75
131.88
Fat
0.20
0.50
Dietary Fibre (total)
0.50
1.25
* Percentage Daily Intakes are based on an average adult diet of 8700 kJ. Your daily intakes may be higher or lower depending on your energy needs.",,https://www.coles.com.au/product/coles-green-juice-500ml-5641283,,,2024-06-16T12:39:39.428188-04:00
Ind54SColes_ADrinks_SAJuice_IColes Mango Nectar Fruit Drink | 2L,Coles Mango Nectar Fruit Drink | 2L,Coles,Drinks,Juice,Plastic juice bottles,,$2.80,,,$1.40 per 1L,4382827,Coles Juice Mango nectar a good source of Vitamin C a refreshing drink to start your day,,,"Per 100g/ml
Per Serving
%DI
Energy
196.60
491.50
Protein
0.10
0.25
Total Fat
0.10
0.25
Saturated Fat
0.10
0.25
Carbohydrate
11.20
28.00
Sugars
10.20
25.50
Sodium
4.00
10.00
Vitamin C
10.00
25.00
Energy (Cal)
47.03
117.58
Dietary Fibre (total)
0.10
0.25
* Percentage Daily Intakes are based on an average adult diet of 8700 kJ. Your daily intakes may be higher or lower depending on your energy needs.",,https://www.coles.com.au/product/coles-mango-nectar-fruit-drink-2l-4382827,,,2024-06-16T12:39:50.635158-04:00
Ind54SColes_ADrinks_SABeverages_IRemedy Kombucha Mango Passion | 750mL,Remedy Kombucha Mango Passion | 750mL,Remedy,Drinks,Beverages,Water & juices,,$5.90,,,"$7.87 per 1L
Was $7.50 on May 2024",3951348,"This delicious mango passion drink is true to fruit, fresh as with all natural flavour. Smooth and sweet (minus the sugar) with a hint of passionfruit tang. This Remedy Kombucha flavour will make your mouth water  it's ripe and ready. Remedy Kombucha contains:
No Sugar, for real
All Natural
Certified Organic
Low on Caloriesl
Vegan
Gluten Free",,,"Per 100g/ml
Per Serving
%DI
Energy
12kJ
40kJ
Protein
<1g
<1g
Total Fat
<1g
<1g
Saturated Fat
<1g
<1g
Carbohydrate
<3g
<1g
Sugars
0g
0g
Sodium
<5mg
<5mg
Dietary Fibre (total)
<1g
<1g
* Percentage Daily Intakes are based on an average adult diet of 8700 kJ. Your daily intakes may be higher or lower depending on your energy needs.",,https://www.coles.com.au/product/remedy-kombucha-mango-passion-750ml-3951348,,,2024-06-16T12:40:02.897872-04:00
Ind54SColes_ADrinks_SA_IGrove Juice Cloudy Apple | 1.5L,Grove Juice Cloudy Apple | 1.5L,Grove Juice,Drinks,,,,$6.95,,,$4.63 per 1L,7014546,Goodness from Australia's Grove,,,"Per 100g/ml
Per Serving
%DI
Energy
180kJ
360kJ
Protein
<0.1g
<0.1g
Total Fat
0g
0g
Saturated Fat
0g
0g
Carbohydrate
10.6g
21.2g
Sugars
10.3g
20.6g
Sodium
9mg
18mg
* Percentage Daily Intakes are based on an average adult diet of 8700 kJ. Your daily intakes may be higher or lower depending on your energy needs.",,https://www.coles.com.au/product/grove-juice-cloudy-apple-1.5l-7014546,,,2024-06-16T12:40:13.912651-04:00
Ind54SColes_ADrinks_SAJuice_IOriginal Juice Co. Black Label Chilled Orange Juice | 1.5L,Original Juice Co. Black Label Chilled Orange Juice | 1.5L,Original Juice Co,Drinks,Juice,Chilled juice,,$6.50,,,$4.33 per 1L,8190089,"The Original, Orange Juice. A perfect balance of sweetness and acidity that delivers a full mouth feel with a textural finish.",,,"Per 100g/ml
Per Serving
%DI
Energy
215kJ
430kJ
5%
Protein
0.7g
1.4g
3%
Total Fat
0.1g
0.2g
0.30%
Saturated Fat
0.1g
0.2g
0.80%
Carbohydrate
10.8g
21.6g
7%
Sugars
10.8g
17.2g
7%
Sodium
1mg
2mg
<0%
* Percentage Daily Intakes are based on an average adult diet of 8700 kJ. Your daily intakes may be higher or lower depending on your energy needs.",,https://www.coles.com.au/product/original-juice-co.-black-label-chilled-orange-juice-1.5l-8190089,,,2024-06-16T12:40:25.851076-04:00
Ind54SColes_ADrinks_SAJuice_IGrove Juice Orange Mango Pineapple Apple Passionfruit | 1.5L,Grove Juice Orange Mango Pineapple Apple Passionfruit | 1.5L,Grove Juice,Drinks,Juice,Chilled juice,,$6.95,,,$4.63 per 1L,7016097,100% Australian Owned and Grown.,,,"Per 100g/ml
Per Serving
%DI
Energy
173kJ
346kJ
Protein
0.5g
0.9g
Total Fat
0g
0.1g
Saturated Fat
0g
0g
Carbohydrate
8.5g
17g
Sugars
8.5g
17g
Sodium
5mg
11mg
* Percentage Daily Intakes are based on an average adult diet of 8700 kJ. Your daily intakes may be higher or lower depending on your energy needs.",,https://www.coles.com.au/product/grove-juice-orange-mango-pineapple-apple-passionfruit-1.5l-7016097,,,2024-06-16T12:40:37.144704-04:00
Ind54SColes_ADrinks_SAStationery & media_ISharpie S-Gel Pens Black | 2 pack,Sharpie S-Gel Pens Black | 2 pack,Sharpie,Drinks,Stationery & media,Stationery,,$4.80,,$8.00,$2.40 per 1ea,3785555,"The power of Sharpie is now in a gel pen with the Sharpie S-Gel. With no smear, no bleed technology and bold, best-in-class ink, this Sharpie pen delivers always-vivid writing. It's a high-performance gel pen with a sleek, professional look that makes it a writing instrument you won't want to loan out. And the contoured rubber grip makes for comfortable writing during any task. Available in multiple point sizes, barrel finishes and gel ink colours, Sharpie S-Gel offers a smooth writing experience perfect for homes, schools, or offices.
Gel pen with no smear, no bleed technology

Intensely bold gel ink colours offer always vivid writing

Contoured rubber grip for a comfortable writing experience

Medium Point (0.7mm)

Includes 2 black gel ink pens",,,,,https://www.coles.com.au/product/sharpie-s-gel-pens-black-2-pack-3785555,,,2024-06-16T12:40:46.096096-04:00
Ind54SColes_ADrinks_SAJuice_IThe Juice Brothers Orange Juice | 1L,The Juice Brothers Orange Juice | 1L,The Juice Brothers,Drinks,Juice,Chilled juice,,$5.50,,,$5.50 per 1L,7829200,"Extraordinary tasting juice that cares? You're holding it!

Our orange juice is squeezed rather than crushed to preserve the fruit peels. Our orange, apple and pear fruit peels (including the seeds and cores) are reused as local animal feed.

We're also owned, grown and squeezed right here in Australia because we love what we do and want to keep it local.

No added sugar, just natural sweetness of fruit.",,,"Per 100g/ml
Per Serving
%DI
Energy
164kJ
328kJ
4%
Protein
0.6g
1.2g
2%
Total Fat
<1.0g
<1.0g
<1%
Saturated Fat
0.0g
0.0g
0.00%
Carbohydrate
8.7g
17.4g
6%
Sugars
8.1g
16.2g
18%
Sodium
1mg
2mg
<1%
Monounsaturated
0
0
0
Vitamin C
20mg
40mg
Energy (Cal)
39Cal
78Cal
0
Dietary Fibre (total)
0.6g
1.2g
4%
Polyunsaturated
0
0
0
Potassium
150mg
300mg
0
Trans
0
0
0
* Percentage Daily Intakes are based on an average adult diet of 8700 kJ. Your daily intakes may be higher or lower depending on your energy needs.",,https://www.coles.com.au/product/the-juice-brothers-orange-juice-1l-7829200,,,2024-06-16T12:40:57.110795-04:00
Ind54SColes_ADrinks_SA_ILo Bros Organic Kombucha Pineapple And Lime | 750mL,Lo Bros Organic Kombucha Pineapple And Lime | 750mL,Lo Bros,Drinks,,,,$7.70,Pick any 2 for $9,,$10.27 per 1L,3210000,"We've taken the joy of summerÂ¦and bottled it. The fresh taste of pineapple with a splash of lime, lightly sparkling, naturally sweet and full of living cultures - it's so tasty you'd run a mile on hot sand to get one! It's time to rethink your drink! Lo Bros brews better-for-you drinks using a little process we like to call the Cycle of Doin' Good. It kicks off with old-school fermentation and know-how using the best organic ingredients, then transforms those bad old sugars into tasty drinks and positive change. Naturally low in sugar, bubbling with millions of living cultures, bursting with refreshing feel good flavour & giving the planet a helping hand too.",,,"Per 100g/ml
Per Serving
%DI
Energy
<40kJ
<40kJ
Protein
<1g
<1g
Total Fat
<1g
<1g
Saturated Fat
<1g
<1g
Carbohydrate
0.3g
0.8g
Sugars
0.3g
0.8g
Sodium
<5mg
<5mg
Dietary Fibre (total)
<1g
<1g
* Percentage Daily Intakes are based on an average adult diet of 8700 kJ. Your daily intakes may be higher or lower depending on your energy needs.",,https://www.coles.com.au/product/lo-bros-organic-kombucha-pineapple-and-lime-750ml-3210000,,,2024-06-16T12:44:04.490781-04:00
Ind54SColes_ADrinks_SAJuice_IOriginal Juice Co Fruit & Veg Goodness Green | 1L,Original Juice Co Fruit & Veg Goodness Green | 1L,Original Juice Co,Drinks,Juice,Chilled juice,,$6.00,,,$6.00 per 1L,4845594,"Healthy and refreshing full of leafy green nutrients, minerals and fibre. A perfect balance of sweet pears with savoury vegetables. This flavoursome juice has 2.8 serves of vegetables per 250ml, making it easier to reach your daily veg intake.",,,"Per 100g/ml
Per Serving
%DI
Energy
135kJ
338kJ
Protein
0g
2.1g
Total Fat
0g
0g
Saturated Fat
0g
0g
Carbohydrate
5.6g
14g
Sugars
5.3g
13.3g
Sodium
40mg
100mg
* Percentage Daily Intakes are based on an average adult diet of 8700 kJ. Your daily intakes may be higher or lower depending on your energy needs.",,https://www.coles.com.au/product/original-juice-co-fruit-and-veg-goodness-green-1l-4845594,,,2024-06-16T12:44:15.463896-04:00
Ind54SColes_ADrinks_SAJuice_IGolden Circle Breakfast Juice No Added Sugar | 3L,Golden Circle Breakfast Juice No Added Sugar | 3L,Golden Circle,Drinks,Juice,Plastic juice bottles,,$4.50,,$5.50,$1.50 per 1L,9348305,"Golden Circle Breakfast Juice contains a mix of fruit juices and is made with no added sugar. It's always good to start your day with a tasty breakfast, which is why Golden Circle Breakfast Juice is an excellent pairing with your next breakfast. With fruity flavours including apple or pear, pineapple, orange, passionfruit and banana, this juice will be a favourite for the whole family. It's made with no artificial colours, flavours or preservatives. Golden Circle, Share the Sunshine.
No added sugar

No artificial colours, flavours or preservatives

Serve chilled

Delicious on its own, with savoury dishes, or as an ingredient in smoothies and desserts

100% Recyclable Bottle",,,"Per 100g/ml
Per Serving
%DI
Energy
190 kJ
380 kJ
Protein
0.2 g
0.4 g
Total Fat
0 g
0 g
Saturated Fat
0 g
0 g
Carbohydrate
10.0 g
20.0 g
Sugars
9.0 g
18.0 g
Sodium
10 mg
20 mg
Vitamin C
40 mg
80 mg (200% RDI*)
Dietary Fibre (total)
0.3 g
0.6 g
* Percentage Daily Intakes are based on an average adult diet of 8700 kJ. Your daily intakes may be higher or lower depending on your energy needs.","Reconstituted Fruit Juice [Pear or Apple (54%), Pineapple (29%), Orange (14%), Passionfruit (0.5%)], Banana Puree (1.2%), Food Acid (Citric Acid), Vitamin C, Natural Flavours.",https://www.coles.com.au/product/golden-circle-breakfast-juice-no-added-sugar-3l-9348305,,,2024-06-16T12:44:26.788669-04:00
Ind54SColes_ADrinks_SA_IDaily Juice Orange Pre Probiotics | 1L,Daily Juice Orange Pre Probiotics | 1L,Daily Juice,Drinks,,,,$3.80,,$4.80,$3.80 per 1L,4465414,"Daily Juice has been working since 1989 to create great tasting juice, great for the whole family to enjoy! With fruit ripened in the sun and no added sugar, Daily Juice is packed with good stuff to help kick start your day. 

 With a blend of prebiotics and vitamin C, Daily Juice Orange Juice + Pre & Probiotics helps to support a healthy gut as part of a balanced diet.

Proudly Australian owned, made and loved. 

Contains fresh, reconstituted and from time to time, cold-stored juice. 

^Probiotics support everyday gut health by increasing the good bugs in your gut, as part of a balanced diet. Some people may experience gut sensitivity from consuming prebiotic fibre.
Healthy Juice

With prebiotics to support a healthy gut^

Orange Juice",,,"Per 100g/ml
Per Serving
%DI
Energy
188
558
6
Protein
0.6
1.8
4
Total Fat
<1
<1
<1
Saturated Fat
0
0
0
Carbohydrate
9.1
27.3
9
Sugars
8.2
24.6
27
Sodium
2
6
<1
Vitamin C
30
99
247
Dietary Fibre (total)
2.2
6.6
22
* Percentage Daily Intakes are based on an average adult diet of 8700 kJ. Your daily intakes may be higher or lower depending on your energy needs.",,https://www.coles.com.au/product/daily-juice-orange-pre-probiotics-1l-4465414,,,2024-06-16T12:44:37.679872-04:00
Ind54SColes_ADrinks_SAJuice_IImpressed Essentials Orange Juice Pulp Free | 1L,Impressed Essentials Orange Juice Pulp Free | 1L,Impressed,Drinks,Juice,Chilled juice,,$4.80,,,$4.80 per 1L,4845620,,,,"Per 100g/ml
Per Serving
%DI
Energy
197kJ
493kJ
Protein
0.6g
1.5g
Total Fat
0.1g
0.1g
Saturated Fat
0.1g
0.1g
Carbohydrate
10.9g
27.3g
Sugars
8.5g
21.3g
Sodium
1mg
1mg
* Percentage Daily Intakes are based on an average adult diet of 8700 kJ. Your daily intakes may be higher or lower depending on your energy needs.",,https://www.coles.com.au/product/impressed-essentials-orange-juice-pulp-free-1l-4845620,,,2024-06-16T12:44:48.628461-04:00
Ind54SColes_ADrinks_SAJuice_IGolden Circle 100 Percent Orange Mango Juice | 2L,Golden Circle 100 Percent Orange Mango Juice | 2L,Golden Circle,Drinks,Juice,Plastic juice bottles,,$4.80,,,$2.40 per 1L,2044540,"The flavours of juicy orange and sweet mango combined with other ingredients in this refreshing Golden Circle Orange Mango Juice. Made with no artificial colours, flavours or preservatives, this juice is perfect to serve with breakfast. Indulge in the refreshing taste of Golden Circle Orange Mango Juice, where the flavors of juicy orange and sweet mango come together in perfect harmony. This delicious juice is made with no artificial colors, flavors, or preservatives, making it a great choice to start your day. With no added sugar, Golden Circle Orange Mango Juice is a great beverage for any time of the day, whether it's paired with breakfast or enjoyed in the afternoon. As part of the Golden Circle brand, this juice represents the essence of sharing and spreading sunshine. So, take a sip and let the delicious taste of Golden Circle Orange Mango Juice brighten up your day.
No added sugar

No artificial colours, flavours or preservatives

Perfect juice to serve with breakfast

Served chilled

Delicious on its own, in smoothies or desserts",,,"Per 100g/ml
Per Serving
%DI
Energy
190 kJ
380 kJ
Protein
0.6 g
1.2 g
Total Fat
0.1 g
0.2 g
Saturated Fat
0 g
0 g
Carbohydrate
10.0 g
20.0 g
Sugars
8.1 g
16.2 g
Sodium
8 mg
16 mg
Vitamin C
40 mg
80 mg (200% RDI*)
Dietary Fibre (total)
0.2 g
0.4 g
* Percentage Daily Intakes are based on an average adult diet of 8700 kJ. Your daily intakes may be higher or lower depending on your energy needs.",,https://www.coles.com.au/product/golden-circle-100-percent-orange-mango-juice-2l-2044540,,,2024-06-16T12:44:59.589250-04:00
Ind54SColes_ADrinks_SA_IColes Apple Juice | 3L,Coles Apple Juice | 3L,Coles,Drinks,,,,$5.00,,,$1.67 per 1L,1882506,"Coles 3L apple juice with no added sugar, artificial colours or flavours. A refreshing beverage for anytime of day.",,,"Per 100g/ml
Per Serving
%DI
Energy
194.62
486.55
Protein
0.09
0.23
Carbohydrate
11.10
27.75
Sugars
8.60
21.50
Sodium
7.00
17.50
Saturated
0.09
0.23
Energy (Cal)
46.56
116.40
Fat
0.11
0.28
Dietary Fibre (total)
0.04
0.10
* Percentage Daily Intakes are based on an average adult diet of 8700 kJ. Your daily intakes may be higher or lower depending on your energy needs.",,https://www.coles.com.au/product/coles-apple-juice-3l-1882506,,,2024-06-16T12:45:12.839528-04:00
Ind54SColes_ADrinks_SAJuice_IGolden Circle Golden Pash Fruit Drink 24x250mL | 6L,Golden Circle Golden Pash Fruit Drink 24x250mL | 6L,Golden Circle,Drinks,Juice,Plastic juice bottles,,$14.90,,,$2.48 per 1L,3961308,"No birthday party, backyard barbecue or picnic in the park is complete without Golden Circle Golden Pash Fruit Drink. Well-loved in many Australian households, this fruit drink is sure to be a hit with your friends and family. Nothing quite beats the delicious taste of Golden Circle Golden Pash Fruit Drink. Made with no artificial colours, flavours or preservatives, this fruit drink is best served straight from the fridge. Golden Circle, Share the Sunshine.
No artificial colours

No artificial flavours

No preservatives

Refreshing and tasty treat on a hot day

250mL size is convenient for on the go",,,"Per 100g/ml
Per Serving
%DI
Energy
175 kJ
440 kJ
Protein
0 g
0 g
Total Fat
0 g
0 g
Saturated Fat
0 g
0 g
Carbohydrate
9.5 g
23.8 g
Sugars
9.3 g
23.3 g
Sodium
9 mg
23 mg
Vitamin C
15 mg
37 mg (92% RDI*)
15 mg
* Percentage Daily Intakes are based on an average adult diet of 8700 kJ. Your daily intakes may be higher or lower depending on your energy needs.",,https://www.coles.com.au/product/golden-circle-golden-pash-fruit-drink-24x250ml-6l-3961308,,,2024-06-16T12:45:24.124865-04:00
Ind54SColes_ADrinks_SAJuice_IGolden Circle Breakfast Juice No Added Sugar Pineapple Fruit Juice | 2L,Golden Circle Breakfast Juice No Added Sugar Pineapple Fruit Juice | 2L,Golden Circle,Drinks,Juice,Plastic juice bottles,,$3.50,,$4.80,$1.75 per 1L,9051973,"Golden Circle Breakfast Juice contains a mix of fruit juices and is made with no added sugar. It's always good to start your day with a tasty breakfast, which is why Golden Circle Breakfast Juice is the perfect pairing for your next breakfast. With fruity flavours including apple or pear, pineapple, orange, banana and passionfruit, this juice will be a favourite for the whole family. It's made with no artificial colours, flavours or preservatives. Golden Circle, Share the Sunshine.
No added sugar

No artificial colours, flavours or preservatives

The perfect juice to enjoy with breakfast

Served chilled

Delicious on its own, with savoury dishes, smoothies and desserts",,,"Per 100g/ml
Per Serving
%DI
Energy
190 kJ
380 kJ
Protein
0.2 g
0.4 g
Total Fat
0 g
0 g
Saturated Fat
0 g
0 g
Carbohydrate
10.0 g
20.0 g
Sugars
9.0 g
18.0 g
Sodium
10 mg
20 mg
Vitamin C
40 mg
80 mg (200% RDI*)
Dietary Fibre (total)
0.3 g
0.6 g
* Percentage Daily Intakes are based on an average adult diet of 8700 kJ. Your daily intakes may be higher or lower depending on your energy needs.",,https://www.coles.com.au/product/golden-circle-breakfast-juice-no-added-sugar-pineapple-fruit-juice-2l-9051973,,,2024-06-16T12:45:35.018646-04:00
Ind54SColes_ADrinks_SAJuice_INudie Apples Oranges & Mangoes Juice Chilled | 2L,Nudie Apples Oranges & Mangoes Juice Chilled | 2L,Nudie,Drinks,Juice,Chilled juice,,$8.00,,,$4.00 per 1L,1423101,"The night of May 27, 2004 was a sad one for nudie.
We watched on helplessly as a fire burnt down our factory full of fruit, juice and jobs. Some brave firemen (to whom we're eternally grateful) managed to save the shell of nudie HQ, but the inside was as gutted as we were. A dire nudie drought followed and fans were left to lick at the leftovers on their lids for six long weeks. But heads, hearts and hands combined and nudie rose triumphantly from the embers to blend fruit once more.
Are you a fireman? Pop into nudie HQ to say hi (we will give you a free nudie)!
No added sugar

No preservatives

No artificial flavours

No concentrates",,,"Per 100g/ml
Per Serving
%DI
Energy
213kJ
533kJ
Protein
Less than 1g
Less than 1g
Total Fat
Less than 1g
Less than 1g
Saturated Fat
Less than 1g
Less than 1g
Carbohydrate
12.3g
30.7g
Sugars
8.9g
22.2g
Sodium
Less than 5mg
Less than 5mg
Dietary Fibre (total)
Less than 1g
Less than 1g
* Percentage Daily Intakes are based on an average adult diet of 8700 kJ. Your daily intakes may be higher or lower depending on your energy needs.",,https://www.coles.com.au/product/nudie-apples-oranges-and-mangoes-juice-chilled-2l-1423101,,,2024-06-16T12:45:46.933402-04:00
Ind54SColes_ADrinks_SA_IGolden Circle Refreshers Tropical Sunrise Flavoured Water Drink 250mL | 6 pack,Golden Circle Refreshers Tropical Sunrise Flavoured Water Drink 250mL | 6 pack,Golden Circle,Drinks,,,,$5.80,Pick any 2 for $8,,$3.87 per 1L,5633729,"Low sugar, Golden Circle Refreshers Tropical Sunrise is the perfect ready-to-drink option for cooling off on hot days. Enjoy chilled or in a glass over ice cubes. Golden Circle Refreshers Tropical Sunrise is a refreshing mix of still water, fruit juice and delicious tropical flavours. It contains no artificial colours or flavours and no preservatives. Keep it in your fridge for entertaining or take it on the go to enjoy at work or outdoors.
Convenient on-the-go size

Bright tropical flavours

Low sugar

No artificial colours, flavours or preservatives

Serve chilled for a refreshing taste",,,"Per 100g/ml
Per Serving
%DI
Energy
50kJ
125kJ
Protein
0g
0g
Total Fat
0g
0g
Saturated Fat
0g
0g
Carbohydrate
2.4g
6.0g
Sugars
2.3g
5.8g
Sodium
10mg
25mg
Dietary Fibre (total)
0.1g
0.3g
* Percentage Daily Intakes are based on an average adult diet of 8700 kJ. Your daily intakes may be higher or lower depending on your energy needs.",,https://www.coles.com.au/product/golden-circle-refreshers-tropical-sunrise-flavoured-water-drink-250ml-6-pack-5633729,,,2024-06-16T12:45:58.596560-04:00
Ind54SColes_ADrinks_SAJuice_IYoufoodz Youjuice Thanks A Melon | 350mL,Youfoodz Youjuice Thanks A Melon | 350mL,Youfoodz,Drinks,Juice,Chilled juice,,$4.00,,,$11.43 per 1L,4849493,"Youfoodz have pressed watermelon, green apple, strawberry, fresh mint, and a touch of earthy beetroot to create this seriously unbeetable blend. Take a sip of Youjuice Thanks a Melon (350ml) for a natural vitamin boost & make it part of your morning routine. You'll hit top notes of hydrating melon and a hint of mint, with a barely-there beetroot taste for added nutritional goodness.",,,"Per 100g/ml
Per Serving
%DI
Energy
153kJ
536kJ
Protein
Less than 1g
1.1g
Total Fat
Less than 1g
1.2g
Saturated Fat
Less than 1g
Less than 1g
Carbohydrate
7.8g
27.5g
Sugars
7.8g
27.4g
Sodium
2mg
7mg
Vitamin C
38mg
133mg
Energy (Cal)
37Cal
128Cal
* Percentage Daily Intakes are based on an average adult diet of 8700 kJ. Your daily intakes may be higher or lower depending on your energy needs.",,https://www.coles.com.au/product/youfoodz-youjuice-thanks-a-melon-350ml-4849493,,,2024-06-16T12:46:09.626121-04:00
Ind54SColes_ADrinks_SAColes Finest_IColes Finest Juice Orange | 500mL,Coles Finest Juice Orange | 500mL,Coles,Drinks,Coles Finest,Fruit & Fruit Juice,,$2.40,,,$4.80 per 1L,1013915,"Coles Australian pure orange juice, 500mL. Made with 100% Australian oranges and no added sugar, packed into a travel friendly bottle for a refreshment on the go.",,,"Per 100g/ml
Per Serving
%DI
Energy
172.35
430.88
Protein
0.83
2.08
Carbohydrate
9.00
22.50
Sugars
8.20
20.50
Sodium
1.10
2.75
Saturated
0.09
0.23
Vitamin C
20.00
50.00
Energy (Cal)
41.23
103.08
Fat
0.12
0.30
Dietary Fibre (total)
0.10
0.25
* Percentage Daily Intakes are based on an average adult diet of 8700 kJ. Your daily intakes may be higher or lower depending on your energy needs.",,https://www.coles.com.au/product/coles-finest-juice-orange-500ml-1013915,,,2024-06-16T12:46:20.487115-04:00
Ind54SColes_ADrinks_SAJuice_IPrima Apple Fruit Drink Multipack 200mL | 6 pack,Prima Apple Fruit Drink Multipack 200mL | 6 pack,Prima,Drinks,Juice,Multi pack juice,,$4.10,,,"$3.42 per 1L
Was $4.60 on Apr 2024",3529792,"Enjoy Prima Apple 200mL on the go or at home. As an accompaniment to lunch or an afternoon pick me up! With no preservatives or artificial colours or flavours. Available in a 6 pack of 200mL juice boxes.
20% fruit juice

No added sugar

No preservatives

No artificial colour

No artificial flavours

Convenient pack size.

6 x 200mL Packs.",,,"Per 100g/ml
Per Serving
%DI
Energy
84kJ
168kJ
Protein
0.0g
0.0g
Total Fat
0.0g
0.0g
Saturated Fat
0.0g
0.0g
Carbohydrate
4.9g
9.8g
Sugars
2.0g
4.0g
Sodium
2mg
4mg
Dietary Fibre (total)
0.0g
0.0g
* Percentage Daily Intakes are based on an average adult diet of 8700 kJ. Your daily intakes may be higher or lower depending on your energy needs.",,https://www.coles.com.au/product/prima-apple-fruit-drink-multipack-200ml-6-pack-3529792,,,2024-06-16T12:46:31.365941-04:00
Ind54SColes_ADrinks_SAJuice_INudie Carrot Apple Orange & Ginger Juice Chilled | 2L,Nudie Carrot Apple Orange & Ginger Juice Chilled | 2L,Nudie,Drinks,Juice,Chilled juice,,$7.00,,$8.50,$3.50 per 1L,3118313,"Waltz into a fancy pants blend of five-star deliciousness. with double the goodness to boast about, you'll feel like serving these juice from a golden platter (we won't mind if you do!).
Made with 100% real fruit and veg

No added sugar

No preservatives

No artificial flavours

100% Australian Fruit and Veg",,,"Per 100g/ml
Per Serving
%DI
Energy
172kJ
430kJ
Protein
Less than 1g
1.0g
Total Fat
Less than 1g
Less than 1g
Saturated Fat
Less than 1g
Less than 1g
Carbohydrate
9.3g
23.3g
Sugars
8.1g
20.2g
Sodium
33mg
83mg
Dietary Fibre (total)
Less than 1g
1g
Potassium
100mg
250mg
* Percentage Daily Intakes are based on an average adult diet of 8700 kJ. Your daily intakes may be higher or lower depending on your energy needs.",,https://www.coles.com.au/product/nudie-carrot-apple-orange-and-ginger-juice-chilled-2l-3118313,,,2024-06-16T12:46:42.474150-04:00
Ind54SColes_ADrinks_SA_ISunraysia Juice Plus Cranberry | 1L,Sunraysia Juice Plus Cranberry | 1L,Sunraysia,Drinks,,,,$5.25,,$6.45,$5.25 per 1L,5622529,"100% Natural. No added colours or preservatives. Vitamins & Minerals, Prebiotic Fibre for immunity support. 

Cranberry is known as the longevity berry and combined with Apple and Veggies takes this juice to a new level.  Enhanced with essential Vitamins C, B12, D, Potassium and Prebiotic Fibre to provide great immunity support which is also 50% less calories (per 100mL than the average of Standard Cranberry Juice drink from top selling brands).
100% Natural

Fruit & Vegetables Juice Blend

Vitamin C

Vitamin D

Vitamin B12

Potassium.

Source of Prebiotic Fibre.

No Added Cane Sugar.",,,,"Formulated Beverage: Reconstituted Juices (Sweet Potato, Apple, Cranberry 8%, Black Carrot), Water, Acacia Fibre, Sweetener (Erythritol, Steviol Glycosides), Natural Flavour, Vitamin C, Vitamin D, Vitamin B12.",https://www.coles.com.au/product/sunraysia-juice-plus-cranberry-1l-5622529,,,2024-06-16T12:46:51.706362-04:00
Ind54SColes_ADrinks_SAJuice_IV8 Healthy Greens Power Blend Juice | 300mL,V8 Healthy Greens Power Blend Juice | 300mL,V8,Drinks,Juice,Plastic juice bottles,,$2.30,,$2.70,$7.67 per 1L,3447632,"V8 Power Blend Healthy Greens juice is a healthy antioxidant boost. This sweet potato, apple, yellow carrot, spinach and kale juice is packed with vitamins to put a powerful pep in your step. Grab this ambient juice for a healthy morning pick-me-up. Or if you're short on time, it's the perfect lunchbox drink for an on-the-go afternoon top up. Grab yourself a V8 fuel up!
No artificial flavours or colours
No added preservatives or added sugar
Source of antioxidant vitamin C",,,"Per 100g/ml
Per Serving
%DI
Energy
185kJ
555kJ
0
Protein
0.4g
1.2g
0
Total Fat
0.1g
0.3g
0
Saturated Fat
<0.1g
0.1g
0
Carbohydrate
10.2g
30.6g
0
Sugars
9.4g
28.1g
0
Sodium
29mg
88mg
0
Monounsaturated
0
0
0
Vitamin C
2mg
6mg
Energy (Cal)
44Cal
133Cal
0
Dietary Fibre (total)
0.1g
0.3g
0
Polyunsaturated
0
0
0
Trans
0
0
0
* Percentage Daily Intakes are based on an average adult diet of 8700 kJ. Your daily intakes may be higher or lower depending on your energy needs.",,https://www.coles.com.au/product/v8-healthy-greens-power-blend-juice-300ml-3447632,,,2024-06-16T12:47:02.664431-04:00
Ind54SColes_ADrinks_SAJuice_IGolden Circle Tropical Punch Fruit Drink Lunch Box Multipack Poppers 6x250mL | 6 pack,Golden Circle Tropical Punch Fruit Drink Lunch Box Multipack Poppers 6x250mL | 6 pack,Golden Circle,Drinks,Juice,Multi pack juice,,$5.10,Pick any 2 for $8,,$3.40 per 1L,384354,"Delicious Golden Circle Tropical Punch Fruit Drink has all your favourite tropical flavours, and is sure to be a hit at birthday parties and events. As soon as the sun comes out, it's time to bring out Golden Circle Tropical Punch Fruit Drink. A fruit drink with a good source of vitamin C, Golden Circle Tropical Punch Fruit Drink is made with no artificial colours, flavours or preservatives. Enjoy it straight from the carton or make homemade ice blocks. Golden Circle, Share the Sunshine.
No artificial colours

No artificial flavours

No preservatives

Good source of vitamin C

Perfect size for bringing to picnics and beach trips",,,"Per 100g/ml
Per Serving
%DI
Energy
175 kJ
440 kJ
Protein
0 g
0 g
Total Fat
0 g
0 g
Saturated Fat
0 g
0 g
Carbohydrate
9.6 g
24.0 g
Sugars
9.4 g
23.5 g
Sodium
9 mg
23 mg
Vitamin C
15 mg
37 mg (92% RDI*)
15 mg
* Percentage Daily Intakes are based on an average adult diet of 8700 kJ. Your daily intakes may be higher or lower depending on your energy needs.",,https://www.coles.com.au/product/golden-circle-tropical-punch-fruit-drink-lunch-box-multipack-poppers-6x250ml-6-pack-384354,,,2024-06-16T12:47:13.597571-04:00
Ind54SColes_ADrinks_SAJuice_IJust Juice Orange Juice Multipack 200mL | 6 pack,Just Juice Orange Juice Multipack 200mL | 6 pack,Just Juice,Drinks,Juice,Multi pack juice,,$5.50,,$6.30,$4.58 per 1L,5001281,"No added sugar
- High in Vitamin C
- No Preservatives
- No Artificial Colours or Flavours
- 1 Serve of Fruit per 125mL (as part of a balanced intake, fruit juice can be a serve of fruit (Australian Dietary Guidelines)).
No Added Sugar

High in Vitamin C

No Preservatives

No Artificial Colours

No Artifical Flavours

125mL of fruit juice as part of a balanced diet.",,,"Per 100g/ml
Per Serving
%DI
Energy
168kJ
336kJ
4%
Protein
0.6g
1.2g
2%
Total Fat
<1.0g
<1.0g
<1%
Saturated Fat
0.0g
0.0g
0%
Carbohydrate
9.0g
18.0g
6%
Sugars
8.3g
16.6g
18%
Sodium
2.5mg
5.0mg
<1%
Vitamin C
20mg
40mg
100% RDI#
Dietary Fibre (total)
0.2g
0.4g
1%
* Percentage Daily Intakes are based on an average adult diet of 8700 kJ. Your daily intakes may be higher or lower depending on your energy needs.",,https://www.coles.com.au/product/just-juice-orange-juice-multipack-200ml-6-pack-5001281,,,2024-06-16T12:47:24.541755-04:00
Ind54SColes_ADrinks_SAJuice_IGolden Circle 100% Juice Orange | 2L,Golden Circle 100% Juice Orange | 2L,Golden Circle,Drinks,Juice,Plastic juice bottles,,$4.80,,,$2.40 per 1L,5487445,"Enjoy the delicious taste of oranges with Golden Circle Orange Juice. Made with no added sugar, Golden Circle Orange Juice is a great way to start off your day. Satisfy your craving for the taste of oranges with Golden Circle Orange Juice. This delightful juice is made with no added sugar, making it a great way to start your day. With no preservatives and no artificial colors or flavors, Golden Circle Orange Juice is a good source of Vitamin C. Enjoy it chilled in a glass with ice on a hot summer's day to keep your whole family refreshed. You can also add this juice to a fruity punch, blend it into your favorite fruit smoothies, or even mix it into a salad dressing to add a burst of citrus flavor. As part of the Golden Circle brand, this juice represents the essence of sharing and spreading sunshine. So, indulge in the delicious taste of Golden Circle Orange Juice and let it brighten up your day.
No added sugar

No artificial colours, flavours or preservatives

Delicious on its own or blended into a smoothie

Served chilled

Good source of vitamin C",,,"Per 100g/ml
Per Serving
%DI
Energy
175 kJ
350 kJ
Protein
0.5 g
1.0 g
Total Fat
0.1 g
0.2 g
Saturated Fat
0 g
0 g
Carbohydrate
9.3 g
18.6 g
Sugars
7.6 g
15.2 g
Sodium
8 mg
16 mg
Vitamin C
40 mg
80 mg (200% RDI*)
Dietary Fibre (total)
0.2 g
0.4 g
* Percentage Daily Intakes are based on an average adult diet of 8700 kJ. Your daily intakes may be higher or lower depending on your energy needs.",,https://www.coles.com.au/product/golden-circle-100percent-juice-orange-2l-5487445,,,2024-06-16T12:47:35.336297-04:00
Ind54SColes_ADrinks_SAJuice_IHarcourt Apple Juice Chilled | 375mL,Harcourt Apple Juice Chilled | 375mL,Harcourt,Drinks,Juice,Chilled juice,,$2.90,,,$7.73 per 1L,7323198,"Harcourt Fresh Apple Juice 375mL. Harcourt Apple Juice is Australia's best pure fresh apple juice, bar none.Harcourt Apple Juice is 100% Australian grown and made. It is pure, fresh apple juice, cold pressed by traditional methods from locally grown Harcourt apples.",,,,,https://www.coles.com.au/product/harcourt-apple-juice-chilled-375ml-7323198,,,2024-06-16T12:47:44.092800-04:00
Ind54SColes_ADrinks_SAJuice_IApple Grove Sparkling 750ml | 750mL,Apple Grove Sparkling 750ml | 750mL,Apple Grove,Drinks,Juice,Glass juice bottles,,$2.90,,,$3.87 per 1L,4753587,"Apple Grove is a deliciously crisp, sparkling apple juice made with natural ingredients. No Added Sugar, No Preservatives, Natural Flavours, No Colours.",,,"Per 100g/ml
Per Serving
%DI
Energy
184kJ
460kJ
5%
Protein
0.4g
1g
2%
Total Fat
<1g
<1g
1%
Saturated Fat
<1g
<1g
4%
Carbohydrate
10.7g
26.8g
9%
Sugars
9.6g
24g
27%
Sodium
3mg
8mg
0.30%
Dietary Fibre (total)
<1g
<3g
3%
* Percentage Daily Intakes are based on an average adult diet of 8700 kJ. Your daily intakes may be higher or lower depending on your energy needs.",,https://www.coles.com.au/product/apple-grove-sparkling-750ml-750ml-4753587,,,2024-06-16T12:47:55.133876-04:00
Ind54SColes_ADrinks_SAJuice_IGrove Juice Orange Pulp Free | 1.5L,Grove Juice Orange Pulp Free | 1.5L,Grove Juice,Drinks,Juice,Chilled juice,,$6.95,,,$4.63 per 1L,7016100,100% Australian Owned and Grown.,,,"Per 100g/ml
Per Serving
%DI
Energy
174kJ
348kJ
Protein
0.5g
1g
Total Fat
0.1g
0.2g
Saturated Fat
<0.1g
<0.1g
Carbohydrate
9.4g
18.8g
Sugars
9.1g
18.2g
Sodium
<5mg
<5mg
* Percentage Daily Intakes are based on an average adult diet of 8700 kJ. Your daily intakes may be higher or lower depending on your energy needs.",,https://www.coles.com.au/product/grove-juice-orange-pulp-free-1.5l-7016100,,,2024-06-16T12:48:06.048881-04:00
Ind54SColes_ADrinks_SA_IJust Juice Apple Juice | 1L,Just Juice Apple Juice | 1L,Just Juice,Drinks,,,,$3.10,,,$3.10 per 1L,494807,"Enjoy Just Juice Apple Juice with the whole family. Drink with breakfast or as an afternoon pick me up! With no added sugar, no preservatives and no artificial colours or flavours.
No Added Sugar

High in Vitamin C

No Preservatives

No Artificial Colours

No Artificial Flavours

Convenient 1L pack.",,,"Per 100g/ml
Per Serving
%DI
Energy
185kJ
370kJ
4.0%
Protein
<1.0g
<1.0g
<1%
Total Fat
<1.0g
<1.0g
<1%
Saturated Fat
0.0g
0.0g
0.0%
Carbohydrate
10.5g
21.0g
7.000000000000001%
Sugars
10.1g
20.2g
22.0%
Sodium
8mg
16mg
1.0%
Vitamin C
10mg
20mg
Dietary Fibre (total)
0.1g
0.2g
1.0%
* Percentage Daily Intakes are based on an average adult diet of 8700 kJ. Your daily intakes may be higher or lower depending on your energy needs.",,https://www.coles.com.au/product/just-juice-apple-juice-1l-494807,,,2024-06-16T12:48:18.064371-04:00
Ind54SColes_ADrinks_SAJuice_IBickford's Grape Juice | 1L,Bickford's Grape Juice | 1L,Bickfords,Drinks,Juice,Glass juice bottles,,$5.50,,$6.50,$5.50 per 1L,3913156,"Our luscious red grape juice is a taste sensation that's also a fabulously fruity way to build some antioxidants into your day. There's no added sugar, no preservatives and nothing artificial because we know that's important to you.",,,"Per 100g/ml
Per Serving
%DI
Energy
306kJ
765kJ
Protein
<0.4g
<1g
Total Fat
0g
0g
Saturated Fat
0g
0g
Carbohydrate
17.6g
44g
Sugars
16.8g
42g
Sodium
5mg
13mg
Monounsaturated
0g
0g
Dietary Fibre (total)
0g
0g
Polyunsaturated
0g
0g
Trans
0g
0g
* Percentage Daily Intakes are based on an average adult diet of 8700 kJ. Your daily intakes may be higher or lower depending on your energy needs.",,https://www.coles.com.au/product/bickford's-grape-juice-1l-3913156,,,2024-06-16T12:48:29.113016-04:00
Ind54SColes_ADrinks_SAJuice_IYoufoodz Youjuice Guava Pineapple Energy | 350mL,Youfoodz Youjuice Guava Pineapple Energy | 350mL,Youfoodz,Drinks,Juice,Chilled juice,,$4.00,,,$11.43 per 1L,4849551,"Boost your energy levels and quench your thirst with Youfoodz Guava Pineapple Energy (350ml). It's a bright blend of guava, apple & pineapple juice with added guarana, taurine, caffeine & B vitamins. Youfoodz' Resident Dietitian says âguava is incredibly rich in Vitamin C, helping boost immunity levels, preparing our bodies to fight common infections. Paired with pineapple, this juice will give you a boost of energy, whilst also promoting a healthy digestive tract.â",,,"Per 100g/ml
Per Serving
%DI
Energy
195kJ
684kJ
Protein
Less than 1g
1.2g
Total Fat
Less than 1g
Less than 1g
Saturated Fat
Less than 1g
Less than 1g
Carbohydrate
10g
35.1g
Sugars
8.7g
30.3g
Taurine
280mg
980mg
Inositol
14mg
49mg
Glucuronolactone
168mg
588mg
Vitamin B12
1.4 ug
4.9 ug
Sodium
0.6mg
2mg
Energy (Cal)
47Cal
164Cal
Vitamin B6
1.4mg
4.9mg
Caffeine
22mg
78mg
* Percentage Daily Intakes are based on an average adult diet of 8700 kJ. Your daily intakes may be higher or lower depending on your energy needs.",,https://www.coles.com.au/product/youfoodz-youjuice-guava-pineapple-energy-350ml-4849551,,,2024-06-16T12:48:40.064346-04:00
Ind54SColes_ADrinks_SAJuice_IColes Tomato Juice | 2L,Coles Tomato Juice | 2L,Coles,Drinks,Juice,Plastic juice bottles,,$2.80,,,$1.40 per 1L,2531562,Coles 2L Tomato juice. Made with no added sugar and is a good source of vitamin C,,,"Per 100g/ml
Per Serving
%DI
Energy
86.42
216.05
Protein
0.40
1.00
Carbohydrate
4.00
10.00
Sugars
3.50
8.75
Sodium
190.00
475.00
Saturated
0.09
0.23
Vitamin C
10.00
25.00
Energy (Cal)
20.67
51.69
Fat
0.10
0.25
Dietary Fibre (total)
0.99
2.48
* Percentage Daily Intakes are based on an average adult diet of 8700 kJ. Your daily intakes may be higher or lower depending on your energy needs.",,https://www.coles.com.au/product/coles-tomato-juice-2l-2531562,,,2024-06-16T12:48:50.987301-04:00
Ind54SColes_ADrinks_SAJuice_IColes Apple & Raspberry Fruit Drink Multipack 250mL | 6 pack,Coles Apple & Raspberry Fruit Drink Multipack 250mL | 6 pack,Coles,Drinks,Juice,Multi pack juice,,$3.50,,,$2.33 per 1L,2535596,No Artificial Sweeteners35% Fruit Juice,,,"Per 100g/ml
Per Serving
%DI
Energy
152.4
381
Protein
LESS THAN 1g
LESS THAN 1g
1
Total Fat
LESS THAN 1g
LESS THAN 1g
0
Carbohydrate
8.6
21.5
7
Sugars
8.1
20.25
Sodium
LESS THAN 5mg
8
0
Saturated
0.1
0.25
Energy (Cal)
36.46
91.15
Fat
0.1
0.25
Dietary Fibre (total)
0.1
0.25
* Percentage Daily Intakes are based on an average adult diet of 8700 kJ. Your daily intakes may be higher or lower depending on your energy needs.",,https://www.coles.com.au/product/coles-apple-and-raspberry-fruit-drink-multipack-250ml-6-pack-2535596,,,2024-06-16T12:49:02.148941-04:00
Ind54SColes_ADrinks_SAJuice_IGolden Circle Refreshers Berry Burst Flavoured Water Drink 250mL | 6 pack,Golden Circle Refreshers Berry Burst Flavoured Water Drink 250mL | 6 pack,Golden Circle,Drinks,Juice,Multi pack juice,,$5.80,Pick any 2 for $8,,$3.87 per 1L,5633718,"Golden Circle Refreshers Berry Burst brings an exciting and new blend of fruity flavours. Perfect for cooling off on those hot summer days. Low sugar, with no artificial colours, flavours or preservatives., Golden Circle Refreshers Berry Burst is the perfect drink option to serve to any crowd. It's a delicious blend of still water,fruit juice and berry flavours. Best served chilled.
Convenient on-the-go size

Refreshing berry flavours

Low sugar

No artificial flavours or colours

No preservatives",,,"Per 100g/ml
Per Serving
%DI
Energy
50kJ
125kJ
Protein
0g
0g
Total Fat
0g
0g
Saturated Fat
0g
0g
Carbohydrate
2.4g
6.0g
Sugars
2.4g
6.0g
Sodium
10mg
25mg
Dietary Fibre (total)
0.1g
0.3g
* Percentage Daily Intakes are based on an average adult diet of 8700 kJ. Your daily intakes may be higher or lower depending on your energy needs.",,https://www.coles.com.au/product/golden-circle-refreshers-berry-burst-flavoured-water-drink-250ml-6-pack-5633718,,,2024-06-16T12:49:13.189406-04:00
Ind54SColes_ADrinks_SAJuice_IColes Green Juice | 2L,Coles Green Juice | 2L,Coles,Drinks,Juice,Chilled juice,,$5.50,,,$2.75 per 1L,5641294,N/A,,,"Per 100g/ml
Per Serving
%DI
Energy
221
551
6
Protein
LESS THAN 1g
2.0
4
Total Fat
LESS THAN 1g
LESS THAN 1g
1
Saturated Fat
LESS THAN 1g
LESS THAN 1g
1
Carbohydrate
11.5
28.8
9
Sodium
5
13
1
Energy (Cal)
53
132
* Percentage Daily Intakes are based on an average adult diet of 8700 kJ. Your daily intakes may be higher or lower depending on your energy needs.",,https://www.coles.com.au/product/coles-green-juice-2l-5641294,,,2024-06-16T12:49:25.052863-04:00
Ind54SColes_ADrinks_SAJuice_IRemedy Kombucha Raspberry Lemonade Drink | 330mL,Remedy Kombucha Raspberry Lemonade Drink | 330mL,Remedy,Drinks,Juice,Chilled juice,,$4.30,,,$13.03 per 1L,3320391,"No sugar. No Nasties. Just REAL kombucha made the old-school way, brewed over 30 days. Our Raspberry Lemonade is a nostalgic childhood flavour upgraded to an all-natural kombucha filled with live cultures, organic acids and antioxidants. This guilt-free, no-sugar fizzy drink is safe for kids and allergen-free. Remedy Kombucha contains:
No Sugar, for real
All Natural
Certified Organic
Low on Caloriesl
Vegan
Gluten Free",,,"Per 100g/ml
Per Serving
%DI
Energy
12kJ
40kJ
Protein
<1g
<1g
Total Fat
<1g
<1g
Saturated Fat
<1g
<1g
Carbohydrate
<1g
<1g
Sugars
0g
0g
Sodium
<5mg
<5mg
Dietary Fibre (total)
<1g
<1g
* Percentage Daily Intakes are based on an average adult diet of 8700 kJ. Your daily intakes may be higher or lower depending on your energy needs.",,https://www.coles.com.au/product/remedy-kombucha-raspberry-lemonade-drink-330ml-3320391,,,2024-06-16T12:49:36.211966-04:00
Ind54SColes_ADrinks_SA_IImpressed Easy Greens Juice | 1L,Impressed Easy Greens Juice | 1L,Impressed,Drinks,,,,$5.00,,$5.50,$5.00 per 1L,3183880,"Impressed Juices are cold pressed from the freshest produce. Each juice contains Aussie-grown fresh vegetables, fruits and herbs which we carefully cold press and bottle locally resulting in full flavoured and irresistibly aromatic fresh juice.
A delicious blend of cucumber, apple, celery, pineapple, spinach and kale  Easy Greens is where it's at. Now in a handy 1L bottle, there's more than enough to go around.
For our full range of products & more, visit our website www.impressedlife.com.au and follow us @impressedlife",,,"Per 100g/ml
Per Serving
%DI
Energy
136kJ
339kJ
Protein
0.5g
1.3g
Total Fat
0.1g
0.3g
Saturated Fat
0.1g
0.1g
Carbohydrate
7.7g
19.3g
Sugars
7.2g
17.9g
Sodium
6mg
15mg
* Percentage Daily Intakes are based on an average adult diet of 8700 kJ. Your daily intakes may be higher or lower depending on your energy needs.","Cucumber (34%), Pink Lady Apple (32%), Pineapple (18%), Granny Smith Apple (8%), Celery (5%), Kale (3%), Spinach (1%).",https://www.coles.com.au/product/impressed-easy-greens-juice-1l-3183880,,,2024-06-16T12:49:48.044137-04:00
Ind54SColes_ADrinks_SA_IGolden Circle  Tropical Punch Tetra Fruit Drink | 1L,Golden Circle  Tropical Punch Tetra Fruit Drink | 1L,Golden Circle,Drinks,,,,$2.70,,,$2.70 per 1L,325730,"Pour yourself a glass of delicious Golden Circle Tropical Punch Fruit Drink. Packed with all your favourite tropical flavours, this fruit drink is sure to be a hit at birthday parties and events. As soon as the sun comes out, it's time to bring out Golden Circle Tropical Punch Fruit Drink. A fruit drink that is a good source of vitamin C, Golden Circle Tropical Punch Fruit Drink is made with no artificial colours, flavours or preservatives. Enjoy it served over ice, use it to sweeten up a smoothie or make homemade ice blocks. Golden Circle, Share the Sunshine.
No artificial colours, flavours or preservatives

A good source of vitamin C

Refreshing blend of apple or pear, pineapple, orange, peach & passionfruit

Can be mixed into your favourite cocktails or mocktails

Best served chilled",,,"Per 100g/ml
Per Serving
%DI
Energy
175 kJ
350 kJ
Protein
0 g
0 g
Total Fat
0 g
0 g
Saturated Fat
0 g
0 g
Carbohydrate
9.6 g
19.2 g
Sugars
9.4 g
18.8 g
Sodium
9 mg
18 mg
Vitamin C
15 mg
30 mg (75% RDI)*
15 mg
* Percentage Daily Intakes are based on an average adult diet of 8700 kJ. Your daily intakes may be higher or lower depending on your energy needs.",,https://www.coles.com.au/product/golden-circle-tropical-punch-tetra-fruit-drink-1l-325730,,,2024-06-16T12:50:00.036271-04:00
Ind54SColes_ADrinks_SAStationery & media_IPapermate Flair Scented | 12 Pack,Papermate Flair Scented | 12 Pack,Papermate,Drinks,Stationery & media,Stationery,,$9.00,,$15.00,$0.75 per 1ea,5245570,"Delight your senses with the smell of sweet Sugared Grapefruit and rich Hazelnut Latte with Paper Mate Flair Scented Sunday Brunch-Themed Pens. The same vivid Flair colours you know and love with a lightly added scent! With 12 scents and colours inspired by Sunday Brunch, these Flair pens will transport you to your favourite meal as you write, colour, and doodle. Flair pens won't bleed through paper and feature Point Guard technology and smear-resistant ink so your work stays neat. Order up the fun of Sunday Brunch for your bullet journaling, adult colouring, note taking, and more, with Paper Mate Flair!
Sunday Brunch-Themed Scented Flair Pens; includes 12 lightly scented colours

Medium point (0.7mm) felt tip produces clear, expressive lines to match your personality

Smear resistant so smudges are officially history

Water-based ink won't bleed through paper so your writing stays put

Point Guard prevents felt tip pens from fraying, so the party never stops

Eligible for Box Tops for Education redemption.",,,,,https://www.coles.com.au/product/papermate-flair-scented-12-pack-5245570,,,2024-06-16T12:50:08.811990-04:00
Ind54SColes_ADrinks_SABeverages_IThe Juice Lab Wellness Multidose Shot Immunity | 350mL,The Juice Lab Wellness Multidose Shot Immunity | 350mL,The Juice Lab,Drinks,Beverages,Water & juices,,$11.00,,,"$31.43 per 1L
Was $12.00 on Jun 2024",5624659,Need an immune boost? I'm packing serious citrus which makes me naturally high in Vitamin C and antioxidants. Just what your immune system needs to stay healthy and strong.,,,"Per 100g/ml
Per Serving
%DI
Energy
132kJ
92kJ
Protein
<1g
<1g
Total Fat
<1g
<1g
Saturated Fat
<1g
<1g
Carbohydrate
6.5g
4.6g
Sugars
6g
4.2g
Sodium
8mg
6mg
Vitamin C
60mg
42mg
105%
Dietary Fibre (total)
<1g
<1g
* Percentage Daily Intakes are based on an average adult diet of 8700 kJ. Your daily intakes may be higher or lower depending on your energy needs.",,https://www.coles.com.au/product/the-juice-lab-wellness-multidose-shot-immunity-350ml-5624659,,,2024-06-16T12:50:19.894769-04:00
Ind54SColes_ADrinks_SAJuice_IOriginal Juice Co. Black Label Chilled Orange Juice | 600mL,Original Juice Co. Black Label Chilled Orange Juice | 600mL,Original Juice Co,Drinks,Juice,Chilled juice,,$3.80,,,$6.33 per 1L,8818094,"Australia's premium fresh juice in a compact, convenient size, with bold, sweet flavour and no added sugar.",,,"Per 100g/ml
Per Serving
%DI
Energy
215kJ
425kJ
Protein
0.7g
1.5g
Total Fat
0.1g
0.2g
Saturated Fat
0g
0g
Carbohydrate
10.8g
21.6g
Sugars
8.6g
17.6g
Sodium
1mg
2mg
Vitamin C
40mg
80mg
Dietary Fibre (total)
0g
0g
* Percentage Daily Intakes are based on an average adult diet of 8700 kJ. Your daily intakes may be higher or lower depending on your energy needs.",,https://www.coles.com.au/product/original-juice-co.-black-label-chilled-orange-juice-600ml-8818094,,,2024-06-16T12:50:31.160745-04:00
Ind54SColes_ADrinks_SAJuice_IGolden Circle  Golden Pash Tetra | 1L,Golden Circle  Golden Pash Tetra | 1L,Golden Circle,Drinks,Juice,Packs & Pouches,,$2.70,,,$2.70 per 1L,5127235,"No birthday party, backyard barbecue or picnic in the park is complete without Golden Circle Golden Pash Fruit Drink. This fruit drink is sure to be a hit with your friends and family. Nothing quite beats a nice cold glass of delicious Golden Circle Golden Pash Fruit Drink. Made with no artificial colours, flavours or preservatives, this fruit drink is best served straight from the fridge with ice. Golden Circle, Share the Sunshine.
No artificial colours, flavours or preservatives

A good source of vitamin C

Bursting with the fruity flavours of apple or pear, pineapple and passionfruit

Use as the base of a fruity punch

Mix into smoothies, cocktails or mocktails",,,"Per 100g/ml
Per Serving
%DI
Energy
175kJ
350kJ
Protein
0g
0g
Total Fat
0g
0g
Saturated Fat
0g
0g
Carbohydrate
9.5g
19.0g
Sugars
9.3g
18.6g
Sodium
9mg
18mg
Vitamin C
15 mg
30 mg (75% RDI)*
15 mg
* Percentage Daily Intakes are based on an average adult diet of 8700 kJ. Your daily intakes may be higher or lower depending on your energy needs.",,https://www.coles.com.au/product/golden-circle-golden-pash-tetra-1l-5127235,,,2024-06-16T12:50:42.286305-04:00
Ind54SColes_ADrinks_SAJuice_IColes Juice Apple & Mango 6pk | 6 pack,Coles Juice Apple & Mango 6pk | 6 pack,Coles,Drinks,Juice,Multi pack juice,,$4.00,,,$2.67 per 1L,5934678,No Added SugarGood Source of Vitamin C,,,"Per 100g/ml
Per Serving
%DI
Energy
185.34
463.35
Protein
0.09
0.23
Carbohydrate
10.40
26.00
Sugars
9.60
24.00
Sodium
8.00
20.00
Saturated
0.06
0.15
Vitamin C
10.00
25.00
Energy (Cal)
44.34
110.85
Fat
0.09
0.23
Dietary Fibre (total)
0.46
1.15
* Percentage Daily Intakes are based on an average adult diet of 8700 kJ. Your daily intakes may be higher or lower depending on your energy needs.",,https://www.coles.com.au/product/coles-juice-apple-and-mango-6pk-6-pack-5934678,,,2024-06-16T12:50:53.239390-04:00
Ind54SColes_ADrinks_SAJuice_IJust Juice Apple Juice Multipack 200mL | 6 pack,Just Juice Apple Juice Multipack 200mL | 6 pack,Just Juice,Drinks,Juice,Multi pack juice,,$5.50,,$6.30,$4.58 per 1L,8147115,"No added sugar
- High in Vitamin C
- No Preservatives
- No Artificial Colours or Flavours
- 1 Serve of Fruit per 125mL (as part of a balanced intake, fruit juice can be a serve of fruit (Australian Dietary Guidelines)).
No Added Sugar

High in Vitamin C

No Preservatives

No Artificial Colours

No Artifical Flavours

1 serve of fruit per 125mL of fruit Juice as part of a balanced diet.",,,"Per 100g/ml
Per Serving
%DI
Energy
184kJ
368kJ
4%
Protein
<1.0g
<1.0g
<1%
Total Fat
<1.0g
<1.0g
<1%
Saturated Fat
0.0g
0.0g
0%
Carbohydrate
10.5g
21.0g
7%
Sugars
10.1g
20.2g
22%
Sodium
8mg
16mg
1%
Vitamin C
10mg
20mg
50% RDI#
Dietary Fibre (total)
0.1g
0.2g
1%
* Percentage Daily Intakes are based on an average adult diet of 8700 kJ. Your daily intakes may be higher or lower depending on your energy needs.",,https://www.coles.com.au/product/just-juice-apple-juice-multipack-200ml-6-pack-8147115,,,2024-06-16T12:51:04.636363-04:00
Ind54SColes_ADrinks_SAJuice_IGolden Circle Aussie Blends Queensland Quencher | 1.5L,Golden Circle Aussie Blends Queensland Quencher | 1.5L,Golden Circle,Drinks,Juice,Plastic juice bottles,,$5.50,Pick any 2 for $7,,$3.67 per 1L,6824121,"Golden Circle Aussie Blends Queensland Quencher Apple & Pineapple Fruit Drink flavour brings a refreshing combo of sweetness and citrus zing. Best served chilled, it's perfect for pairing with your favourite meals or just sipping on its own. Golden Circle Aussie Blends Queensland Quencher Apple & Pineapple Fruit Drink is a sweet and tangy tropical fruit drink with a zesty kick. Proudly made with Australian-grown fruit, it contains no added sugar and no artificial colours, flavours or preservatives. Enjoy it chilled or served over ice.
Refreshing tropical fruit drink

No artificial colours, flavours or preservatives

No added sugar

Contains 99% Australian ingredients

Proudly made with Australian-grown fruit",,,"Per 100g/ml
Per Serving
%DI
Energy
110 kJ
220 kJ
Protein
0.1 g
0.2 g
Total Fat
0 g
0 g
Saturated Fat
0 g
0 g
Carbohydrate
6.0 g
12.0 g
Sugars
5.7 g
11.4 g
Sodium
13 mg
26 mg
Vitamin C
33 mg
66 mg (165% RDI*)
Dietary Fibre (total)
0.1 g
0.2 g
* Percentage Daily Intakes are based on an average adult diet of 8700 kJ. Your daily intakes may be higher or lower depending on your energy needs.",,https://www.coles.com.au/product/golden-circle-aussie-blends-queensland-quencher-1.5l-6824121,,,2024-06-16T12:51:15.935092-04:00
Ind54SColes_ADrinks_SAJuice_IPop Tops Apple Blackcurrant Fruit Drink 30% Juice Poppers Multipack Lunch Box Bottles 250mL X 6 Pack | 6 pack,Pop Tops Apple Blackcurrant Fruit Drink 30% Juice Poppers Multipack Lunch Box Bottles 250mL X 6 Pack | 6 pack,Pop Tops,Drinks,Juice,Multi pack juice,,$5.90,,,$3.93 per 1L,8147374,"Pop Tops Fruit Drink Apple Blackcurrant contains 30% fruit juice with no preservatives, no artificial colours, flavours and sweeteners.
30% Fruit Juice

No Preservatives

No Artificial Colours, Flavours or Sweeteners",,,"Per 100g/ml
Per Serving
%DI
Energy
112kJ
280kJ
3%
Protein
<1.0g
<1.0g
<1%
Total Fat
<1.0g
<1.0g
<1%
Saturated Fat
0.0g
0.0g
0%
Carbohydrate
6.2g
15.5g
5%
Sugars
6.1g
15.3g
17%
Sodium
3mg
8mg
<1%
Dietary Fibre (total)
<1.0g
<1.0g
<1%
* Percentage Daily Intakes are based on an average adult diet of 8700 kJ. Your daily intakes may be higher or lower depending on your energy needs.",,https://www.coles.com.au/product/pop-tops-apple-blackcurrant-fruit-drink-30percent-juice-poppers-multipack-lunch-box-bottles-250ml-x-6-pack-6-pack-8147374,,,2024-06-16T12:51:27.024015-04:00
Ind54SColes_ADrinks_SAJuice_IRemedy Limited Batch Kombucha | 330mL,Remedy Limited Batch Kombucha | 330mL,Remedy,Drinks,Juice,Chilled juice,,$4.30,,,$13.03 per 1L,4468004,"Quench your thirst this summer with our refreshingly light and incredibly juicy Limited Batch, Watermelon & Mint. It's clean, juicy, refreshing and perfect for hot summer days. Pop the top and sip on a slice of summer. Remedy Kombucha is:
Sugar free, for real
All natural
Certified Organic
Low on Calories
Vegan
Gluten Free
A-Ok in or out of the fridge",,,"Per 100g/ml
Per Serving
%DI
Energy
18kJ
11kJ
Protein
<1g
<1g
Total Fat
<1g
<1g
Saturated Fat
<1g
<1g
Carbohydrate
<1g
<1g
Sugars
0g
0g
Sodium
<5mg
<5mg
* Percentage Daily Intakes are based on an average adult diet of 8700 kJ. Your daily intakes may be higher or lower depending on your energy needs.",,https://www.coles.com.au/product/remedy-limited-batch-kombucha-330ml-4468004,,,2024-06-16T12:51:38.765475-04:00
Ind54SColes_ADrinks_SAJuice_IImpressed Essentials Orange Juice With Pulp | 1L,Impressed Essentials Orange Juice With Pulp | 1L,Impressed,Drinks,Juice,Chilled juice,,$4.80,,,$4.80 per 1L,4845619,"Simple and delicious pressed juice crafted with nothing but 100% local Aussie fruit.
Each juice contains Aussie-grown fresh fruits which we carefully pressed and bottle locally resulting in full flavoured and irresistibly aromatic fresh juice.
Pressed juice
Fresh Australian produce
Naturally nutritious
Vibrant and fresh
For our full range of products & more, visit our website www.impressedlife.com.au and follow us @impressedlife",,,"Per 100g/ml
Per Serving
%DI
Energy
197kJ
493kJ
Protein
0.6g
1.5g
Total Fat
<0.1g
<0.1g
Saturated Fat
<0.1g
<0.1g
Carbohydrate
10.9g
27.3g
Sugars
8.5g
21.3g
Sodium
<1mg
<1mg
* Percentage Daily Intakes are based on an average adult diet of 8700 kJ. Your daily intakes may be higher or lower depending on your energy needs.",,https://www.coles.com.au/product/impressed-essentials-orange-juice-with-pulp-1l-4845619,,,2024-06-16T12:51:49.701413-04:00
Ind54SColes_ADrinks_SABeverages_IThe Juice Lab Wellness Shot Kids Strawberry Immune | 60mL,The Juice Lab Wellness Shot Kids Strawberry Immune | 60mL,The Juice Lab,Drinks,Beverages,Water & juices,,$2.25,,,"$37.51 per 1L
Was $3.50 on Jun 2024",7027264,,,,,,https://www.coles.com.au/product/the-juice-lab-wellness-shot-kids-strawberry-immune-60ml-7027264,,,2024-06-16T12:51:59.159384-04:00
Ind54SColes_ADrinks_SAJuice_IGolden Circle 100% Apple Juice No Added Sugar Fruit Juice | 2L,Golden Circle 100% Apple Juice No Added Sugar Fruit Juice | 2L,Golden Circle,Drinks,Juice,Plastic juice bottles,,$3.50,,$4.80,$1.75 per 1L,5487456,"Golden Circle Apple Juice is the perfect drink to keep you cool during summer. This juice is made with no added sugar and contains no artificial colours, flavours or preservatives. Looking for a refreshing juice to enjoy this summer? Look no further than Golden Circle Apple Juice! Made with no added sugar and no artificial colors, flavors, or preservatives, it's the perfect Juice to keep you cool and hydrated on scorching days.Whether you enjoy it poured over ice or frozen into ice blocks, Golden Circle Apple Juice is a delicious and refreshing beverage choice. It's also a great addition to breakfast, providing a tasty and refreshing start to your day.So next time you're looking for a refreshing drink, choose Golden Circle Apple Juice and Share the Sunshine with those around you. With its no added sugar Apple Juice and delicious flavor, it's sure to become a new favorite in your household!
No added sugar

No artificial colours, flavours or preservatives

The perfect drink to keep you cool during summer

Serve chilled

Delicious on its own or with a meal",,,"Per 100g/ml
Per Serving
%DI
Energy
210 kJ
420 kJ
Protein
0.1 g
0.2 g
Total Fat
0 g
0 g
Saturated Fat
0 g
0 g
Carbohydrate
11.7 g
23.4 g
Sugars
11.7 g
23.4 g
Sodium
8 mg
16 mg
Vitamin C
40 mg
80 mg (200% RDI*)
Dietary Fibre (total)
0.2 g
0.4 g
* Percentage Daily Intakes are based on an average adult diet of 8700 kJ. Your daily intakes may be higher or lower depending on your energy needs.",,https://www.coles.com.au/product/golden-circle-100percent-apple-juice-no-added-sugar-fruit-juice-2l-5487456,,,2024-06-16T12:52:10.491229-04:00
Ind54SColes_ADrinks_SAJuice_IJust Juice Paradise Punch Juice Multipack 200mL | 6 pack,Just Juice Paradise Punch Juice Multipack 200mL | 6 pack,Just Juice,Drinks,Juice,Multi pack juice,,$5.50,,$6.30,$4.58 per 1L,5424365,"No added sugar
- High in Vitamin C
- No Preservatives
- No Artificial Colours or Flavours
- 1 Serve of Fruit per 125mL (as part of a balanced intake, fruit juice can be a serve of fruit (Australian Dietary Guidelines)).
No Added Sugar

High in Vitamin C

No Preservatives

No Artificial Colours

No Artificial Flavours

1 serve of fruit per 125mL of fruit juice as part of a balanced diet..",,,"Per 100g/ml
Per Serving
%DI
Energy
190kJ
380kJ
4%
Protein
0.2g
0.4g
1%
Total Fat
<1g
<1g
0%
Saturated Fat
0g
0g
0%
Carbohydrate
10.6g
21.2g
7%
Sugars
10.1g
20.2g
22%
Sodium
8mg
16mg
1%
Vitamin C
8mg
16mg
50% RDI#
Dietary Fibre (total)
0.2g
0.4g
1%
* Percentage Daily Intakes are based on an average adult diet of 8700 kJ. Your daily intakes may be higher or lower depending on your energy needs.",,https://www.coles.com.au/product/just-juice-paradise-punch-juice-multipack-200ml-6-pack-5424365,,,2024-06-16T12:52:21.636707-04:00
Ind54SColes_ADrinks_SA_IYoufoodz Youjuice Go-Go Greens | 1L,Youfoodz Youjuice Go-Go Greens | 1L,Youfoodz,Drinks,,,,$5.20,,$5.80,$5.20 per 1L,7019200,"Get up 'n GO-GO with a hit of green goodness thanks to apple, pineapple, cucumber, kale, spinach, broccoli, spirulina and a minty fresh finish. Plus, added Vitamin C to boost your wellbeing*. Now available in 1 litre to be shared around, and enjoyed sip after sip!Squeezed full of real Aussie fruit & veg. No added sugar, artificial colours, flavours, concentrates, or preservatives.*Vitamin C contributes to normal immune system function in the context of a healthy diet involving the consumption of a variety of foods.",,,"Per 100g/ml
Per Serving
%DI
Energy
196 kJ
491 kJ
Protein
Less than 1 g
Less than 1 g
Total Fat
Less than 1 g
Less than 1 g
Saturated Fat
Less than 1 g
Less than 1 g
Carbohydrate
11.1 g
27.8 g
Sugars
10.6 g
26.2 g
Sodium
Less than 5 mg
5 mg
Vitamin C
15.0 mg
37.4 mg
Energy (Cal)
47 Cal
117 Cal
* Percentage Daily Intakes are based on an average adult diet of 8700 kJ. Your daily intakes may be higher or lower depending on your energy needs.",,https://www.coles.com.au/product/youfoodz-youjuice-go-go-greens-1l-7019200,,,2024-06-16T12:52:32.867877-04:00
Ind54SColes_ADrinks_SA_IRemedy Kombucha Ginger & Lemon | 750mL,Remedy Kombucha Ginger & Lemon | 750mL,Remedy,Drinks,,,,$5.90,,,"$7.87 per 1L
Was $7.50 on May 2024",2746966,"A classic with a twist. A no-sugar, guilt-free take on ginger beer. Hot and sour, fiery and tangy, made with natural ingredients, Remedy Kombucha Ginger Lemon is the perfect tummy-tamer. Fresh ginger adds warmth and spice, while real lemon adds a citrus spark. Remedy Kombucha contains:
No Sugar, for real
All Natural
Certified Organic
Low on Caloriesl
Vegan
Gluten Free",,,"Per 100g/ml
Per Serving
%DI
Energy
12kJ
40kJ
Protein
<1g
<1g
Total Fat
<1g
<1g
Saturated Fat
<1g
<1g
Carbohydrate
<2g
<1g
Sugars
0g
0g
Sodium
<5mg
<5mg
Dietary Fibre (total)
<1g
<1g
* Percentage Daily Intakes are based on an average adult diet of 8700 kJ. Your daily intakes may be higher or lower depending on your energy needs.",,https://www.coles.com.au/product/remedy-kombucha-ginger-and-lemon-750ml-2746966,,,2024-06-16T12:52:43.942572-04:00
Ind54SColes_ADrinks_SA_IGolden Circle Refreshers Island Punch 6x250mL | 6 pack,Golden Circle Refreshers Island Punch 6x250mL | 6 pack,Golden Circle,Drinks,,,,$5.80,Pick any 2 for $8,,$5.80 per 1L,6823606,"Low sugar, Golden Circle Refreshers Island Punch is an excellent ready-to-drink option for cooling off on hot days. Enjoy chilled or in a glass over ice cubes. Golden Circle Refreshers Island Punch is a refreshing mix of still water, fruit juice and delicious mango, peach & lychee flavours. It contains no artificial colours or flavours and no preservatives. Keep it in your fridge for entertaining or take it on the go to enjoy at work or outdoors.
Convenient on-the-go size

Mango, Peach & Lychee Flavours

Low sugar

No artificial colours, flavours or preservatives

Serve chilled for a refreshing taste",,,"Per 100g/ml
Per Serving
%DI
Energy
45KJ
115kJ
Protein
0.1g
0.3g
Total Fat
0g
0g
Saturated Fat
0g
0g
Carbohydrate
2.4g
6.0g
Sugars
2.3g
5.8g
Sodium
9mg
23mg
Dietary Fibre (total)
0.1g
0.3g
* Percentage Daily Intakes are based on an average adult diet of 8700 kJ. Your daily intakes may be higher or lower depending on your energy needs.",,https://www.coles.com.au/product/golden-circle-refreshers-island-punch-6x250ml-6-pack-6823606,,,2024-06-16T12:52:55.335559-04:00
Ind54SColes_ADrinks_SAJuice_IPrima Apple Raspberry Fruit Drink Multipack 200mL | 6 pack,Prima Apple Raspberry Fruit Drink Multipack 200mL | 6 pack,Prima,Drinks,Juice,Multi pack juice,,$4.10,,,"$3.42 per 1L
Was $4.60 on Apr 2024",3530306,"Enjoy Prima Apple Raspberry 200mL on the go or at home. As an accompaniment to lunch or an afternoon pick me up! With no preservatives or artificial colours or flavours. Available in a 6 pack of 200mL juice boxes.
20% fruit juice

No added sugar

No preservatives

No artificial colour

No artificial flavours

Convenient pack size.

6 x 200mL Packs.",,,"Per 100g/ml
Per Serving
%DI
Energy
84kJ
168kJ
Protein
0.0g
0.0g
Total Fat
0.0g
0.0g
Saturated Fat
0.0g
0.0g
Carbohydrate
4.9g
9.8g
Sugars
2.0g
4.0g
Sodium
2mg
4mg
Dietary Fibre (total)
0.0g
0.0g
* Percentage Daily Intakes are based on an average adult diet of 8700 kJ. Your daily intakes may be higher or lower depending on your energy needs.","Water, Reconstituted fruit juice [Apple (19%), Raspberry (1%)], Natural Sweeteners (Erythritol, Steviol Glycosides), Acidity regulator (citric acid), Natural flavours.",https://www.coles.com.au/product/prima-apple-raspberry-fruit-drink-multipack-200ml-6-pack-3530306,,,2024-06-16T12:53:06.427324-04:00
Ind54SColes_ADrinks_SAJuice_IDaily Juice No Added Sugar Orange Juice | 2L,Daily Juice No Added Sugar Orange Juice | 2L,Daily Juice,Drinks,Juice,Chilled juice,,$6.20,,,$3.10 per 1L,5129900,"Daily Juice has been working since 1989 to create great tasting juice, great for the whole family to enjoy! With fruit ripened in the sun and no added sugar, Daily Juice is packed with good stuff to help kick start your day. 

For a delicious kick start to your day, pair a glass of delicious Daily Juice Orange Juice with a bowl of delicious and nutritious granola muesli with berries. 

Proudly Australian owned, made and loved. 

Contains fresh, reconstituted and from time to time, cold-stored juice.  
No Added Sugar

5 Star Health rating

With the goodness of Vitamin C

1 serve of fruit per 125mL of fruit Juice as part of a balanced diet

Perfect for breakfast or as a refreshment/snack

Manufactured in Australia.",,,"Per 100g/ml
Per Serving
%DI
Energy
167kJ
334kJ
4%
Protein
0.6g
1.2g
2%
Total Fat
<1.0g
<1.0g
<1%
Saturated Fat
0g
0g
0%
Carbohydrate
8.9g
17.8g
6%
Sugars
8.2g
16.4g
18%
Sodium
2mg
4mg
<1%
Vitamin C
37mg
74mg
185% RDI*
Energy (Cal)
40Cal
80Cal
Dietary Fibre (total)
0.2g
0.4g
1%
Potassium
180mg
360mg
* Percentage Daily Intakes are based on an average adult diet of 8700 kJ. Your daily intakes may be higher or lower depending on your energy needs.",,https://www.coles.com.au/product/daily-juice-no-added-sugar-orange-juice-2l-5129900,,,2024-06-16T12:53:17.244203-04:00
Ind54SColes_ADrinks_SAJuice_IPrima Apple Raspberry Fruit Drink Multipack 200mL | 6 pack,Prima Apple Raspberry Fruit Drink Multipack 200mL | 6 pack,Prima,Drinks,Juice,Multi pack juice,,$4.10,,,"$3.42 per 1L
Was $4.60 on Apr 2024",6631831,"Enjoy Prima Apple Raspberry 200mL on the go or at home. As an accompaniment to lunch or an afternoon pick me up! With no preservatives or artificial colours or flavours. Available in a 6 pack of 200mL juice boxes.
20% fruit juice

No preservatives

No artificial colour

No artifical flavours

Convenient pack size

6 x 200mL Packs.",,,"Per 100g/ml
Per Serving
%DI
Energy
161kJ
322kJ
Protein
0.0g
0.0g
Total Fat
0.0g
0.0g
Saturated Fat
0.0g
0.0g
Carbohydrate
9.4g
18.8g
Sugars
8.9g
17.8g
Sodium
8mg
16mg
* Percentage Daily Intakes are based on an average adult diet of 8700 kJ. Your daily intakes may be higher or lower depending on your energy needs.",,https://www.coles.com.au/product/prima-apple-raspberry-fruit-drink-multipack-200ml-6-pack-6631831,,,2024-06-16T12:53:28.238248-04:00
Ind54SColes_ADrinks_SAJuice_IGolden Circle Fruit Drink Pineapple Burst 250mL | 6 pack,Golden Circle Fruit Drink Pineapple Burst 250mL | 6 pack,Golden Circle,Drinks,Juice,Multi pack juice,,$5.10,Pick any 2 for $8,,$3.40 per 1L,6823898,"Golden Circle Pineapple Burst Fruit Drink is great for work lunches and on the go. This fruit drink is made with no artificial colours, flavours or preservatives. Golden Circle Pineapple Burst Fruit Drink is a delicious and excellent option for backyard family barbecues. Made with no artificial colours, flavours or preservatives, Golden Circle Pineapple Burst Fruit Drink is even better frozen and a delicious way to stay cool in summer. Golden Circle, Share the Sunshine.
No artificial colours

No artificial flavours

No preservatives

Good source of vitamin C

Perfect size for bringing to picnics and beach trips",,,"Per 100g/ml
Per Serving
%DI
Energy
175 kJ
440 kJ
Protein
0 g
0 g
Total Fat
0 g
0 g
Saturated Fat
0 g
0 g
Carbohydrate
9.6 g
24.0 g
Sugars
9.6 g
24.0 g
Sodium
8 mg
20 mg
Vitamin C
15 mg
37 mg (92% RDI*)
15 mg
* Percentage Daily Intakes are based on an average adult diet of 8700 kJ. Your daily intakes may be higher or lower depending on your energy needs.",,https://www.coles.com.au/product/golden-circle-fruit-drink-pineapple-burst-250ml-6-pack-6823898,,,2024-06-16T12:53:39.252775-04:00
Ind54SColes_ADrinks_SAJuice_ICampbell's V8 Powerblend Immunity Juice | 1.25L,Campbell's V8 Powerblend Immunity Juice | 1.25L,Campbells V8,Drinks,Juice,Plastic juice bottles,,$4.80,,$6.00,$3.84 per 1L,4750523,"V8 Power Blend Purple Power juice is a healthy antioxidant boost. This apple, yellow carrot, sweet potato, pineapple and turmeric juice contains vitamins. Share this immunity juice with a friend for a healthy morning pick-me-up. Or if you're short on time, it's the perfect ambient juice for an on-the-go afternoon top up. Grab yourself a V8 Power Blend fuel up!
No artificial flavours or colours
No added preservatives or added sugar
Source of vitamin C to help support your immune system",,,"Per 100g/ml
Per Serving
%DI
Energy
164kJ
411kJ
0
Protein
0.2g
0.6g
0
Total Fat
0.2g
0.5g
0
Saturated Fat
<0.1g
0.1g
0
Carbohydrate
8.9g
22.3g
0
Sugars
8.4g
21.1g
0
Sodium
30mg
75mg
0
Monounsaturated
0
0
0
Vitamin C
6mg
15mg
Energy (Cal)
39Cal
98Cal
0
Dietary Fibre (total)
<0.1g
0.1g
0
Polyunsaturated
0
0
0
Trans
0
0
0
* Percentage Daily Intakes are based on an average adult diet of 8700 kJ. Your daily intakes may be higher or lower depending on your energy needs.",,https://www.coles.com.au/product/campbell's-v8-powerblend-immunity-juice-1.25l-4750523,,,2024-06-16T12:53:50.845076-04:00
Ind54SColes_ADrinks_SAJuice_IColes Apple Juice 250mL | 6 pack,Coles Apple Juice 250mL | 6 pack,Coles,Drinks,Juice,Multi pack juice,,$4.00,,,$2.67 per 1L,2535654,Coles Apple Juice 250ml Apple 6 Pack No added sugar good source of vitamin C,,,"Per 100g/ml
Per Serving
%DI
Energy
181.09
452.73
Protein
0.09
0.23
Carbohydrate
10.30
25.75
Sugars
9.40
23.50
Sodium
8.00
20.00
Saturated
0.09
0.23
Vitamin C
10.00
25.00
Energy (Cal)
43.32
108.31
Fat
0.06
0.15
Dietary Fibre (total)
0.28
0.70
* Percentage Daily Intakes are based on an average adult diet of 8700 kJ. Your daily intakes may be higher or lower depending on your energy needs.",,https://www.coles.com.au/product/coles-apple-juice-250ml-6-pack-2535654,,,2024-06-16T12:54:01.759086-04:00
Ind54SColes_ADrinks_SA_IGolden Circle Aussie Blends Whitsunday Wonder Apple & Plum Fruit Drink | 1.5L,Golden Circle Aussie Blends Whitsunday Wonder Apple & Plum Fruit Drink | 1.5L,Golden Circle,Drinks,,,,$5.50,Pick any 2 for $7,,$3.67 per 1L,6824074,"A sweet and refreshing fruit drink! Taste the summer with Golden Circle Aussie Blends Whitsunday Wonder Apple & Plum Fruit Drink with no added sugar, artificial colours, flavours or preservatives. Golden Circle Aussie Blends Whitsunday Wonder Apple & Plum Fruit Drink flavour offers a refreshing balance of sweet and tangy, perfect for gatherings or casual sipping. Proudly made with Australian grown fruit, it has no added sugar, artificial colours, flavours or preservatives. Enjoy chilled or served with ice.
Refreshing fruit drink with Apple & Plum flavour

No artificial colours, flavours or preservatives

No added sugar

Contains 99% Australian ingredients

Proudly made with Australian grown fruit",,,"Per 100g/ml
Per Serving
%DI
Energy
100 kJ
200 kJ
Protein
0.1 g
0.2 g
Total Fat
0 g
0 g
Saturated Fat
0 g
0 g
Carbohydrate
5.1 g
10.2 g
Sugars
4.6 g
9.2 g
Sodium
11 mg
22 mg
Vitamin C
27 mg
54 mg (135% RDI*)
Dietary Fibre (total)
0.1 g
0.2 g
* Percentage Daily Intakes are based on an average adult diet of 8700 kJ. Your daily intakes may be higher or lower depending on your energy needs.",,https://www.coles.com.au/product/golden-circle-aussie-blends-whitsunday-wonder-apple-and-plum-fruit-drink-1.5l-6824074,,,2024-06-16T12:54:12.693780-04:00
Ind54SColes_ADrinks_SAJuice_INudie Probiotic Mango & Passionfruit Smoothie | 400mL,Nudie Probiotic Mango & Passionfruit Smoothie | 400mL,Nudie,Drinks,Juice,Chilled juice,,$4.50,,,$11.25 per 1L,4477752,"Smooth sailing ahead!
Imagine lying on the beach on a tropical island getaway. The sun is shining, the waves are crashing in the distance and the out of office is on for the rest of time. And what's that in your hand? Oh, it's this bottle! The scent of 100% real mango, passionfruit, pear, orange and banana fills the air - and added probiotics leave you feeling happy, inside and out.
80 million cultures per serve* *Contains at least 80 million cultures until the use by date when product is stored at 0-4 C.

No concentrates

No added sugar

No artifical flavours or colours

No preservatives

Made with 100% real fruit.

Contains 3.2 serves of fruit.",,,"Per 100g/ml
Per Serving
%DI
Energy
216kJ
540kJ
Protein
Less than 1g
Less than 1g
Total Fat
Less than 1g
Less than 1g
Saturated Fat
Less than 1g
Less than 1g
Carbohydrate
12.4g
31.0g
Sugars
8.7g
21.8g
Sodium
Less than 5mg
Less than 5mg
Dietary Fibre (total)
Less than 1g
Less than 1g
* Percentage Daily Intakes are based on an average adult diet of 8700 kJ. Your daily intakes may be higher or lower depending on your energy needs.",,https://www.coles.com.au/product/nudie-probiotic-mango-and-passionfruit-smoothie-400ml-4477752,,,2024-06-16T12:54:23.810298-04:00
Ind54SColes_ADrinks_SAJuice_IMildura Sunrise Orange And Mango Fruit Drink | 3L,Mildura Sunrise Orange And Mango Fruit Drink | 3L,Mildura,Drinks,Juice,Chilled juice,,$5.80,,,$1.93 per 1L,1418178,"Midura Refreshing Fruit Drink is aussie owned and loved. 

Available in a convenient 3L family sized bottle, a glass of delicious and vibrant juice drink is a refreshing addition to your day!

Proudly packed in NSW and QLD by and for the Bega Group using local and imported ingredients. The local ingredients are sourced Australia wide.
With real fruit juice

Family sized pack

Easy to pour, resealable pack

Delicious and full flavoured

Refreshing drink

Manufactured in Australia.

Packed in Australia from at least 84% Australian ingredients.",,,"Per 100g/ml
Per Serving
%DI
Energy
159kJ
318kJ
4.0%
Protein
<1g
<1g
<1%
Total Fat
0.0g
0.0g
0.0%
Saturated Fat
0.0g
0.0g
0.0%
Carbohydrate
9.2g
18.4g
6.0%
Sugars
8.8g
17.6g
20.0%
Sodium
8mg
16mg
1.0%
* Percentage Daily Intakes are based on an average adult diet of 8700 kJ. Your daily intakes may be higher or lower depending on your energy needs.",,https://www.coles.com.au/product/mildura-sunrise-orange-and-mango-fruit-drink-3l-1418178,,,2024-06-16T12:54:34.758941-04:00
Ind54SColes_ADrinks_SA_IThe Juice Lab Wellness Shot Immunity | 60mL,The Juice Lab Wellness Shot Immunity | 60mL,The Juice Lab,Drinks,,,,$2.50,,$3.50,$41.67 per 1L,3960746,Need an immune boost? I'm packing serious citrus which makes me naturally high in Vitamin C and antioxidants. Just what your immune system needs to stay healthy and strong!,,,"Per 100g/ml
Per Serving
%DI
Energy
132kJ
79kJ
Protein
<1g
<1g
Total Fat
<1g
<1g
Saturated Fat
<1g
<1g
Carbohydrate
6.5g
3.9g
Sugars
6g
3.6g
Sodium
8mg
5mg
Vitamin C
133mg
80mg
200%
Dietary Fibre (total)
<1g
<1g
* Percentage Daily Intakes are based on an average adult diet of 8700 kJ. Your daily intakes may be higher or lower depending on your energy needs.","Orange Juice (66%), Orange Peel Extract (19%), Lemon Juice (7%), Ginger Juice (7%), Turmeric Powder (0.4%), Ginseng Extract (0.2%), Acidity Regulator (Citric Acid).",https://www.coles.com.au/product/the-juice-lab-wellness-shot-immunity-60ml-3960746,,,2024-06-16T12:54:46.889801-04:00
Ind54SColes_ADrinks_SAJuice_IPop Tops Apple Poppers Fruit Drink 30% Juice Poppers Multipack Lunch Box Bottles 250mL X 6 Pack | 6 pack,Pop Tops Apple Poppers Fruit Drink 30% Juice Poppers Multipack Lunch Box Bottles 250mL X 6 Pack | 6 pack,Pop Tops,Drinks,Juice,Multi pack juice,,$5.90,,,$3.93 per 1L,6914188,"Pop Tops Fruit Drink Apple contains 30% fruit juice with no preservatives, no artificial colours, flavours and sweeteners.
30% Fruit Juice

No Preservatives

No Artificial Colours, Sweeteners or Flavours",,,"Per 100g/ml
Per Serving
%DI
Energy
112kJ
280kJ
3%
Protein
<1.0g
<1.0g
<1%
Total Fat
<1.0g
<1.0g
<1%
Saturated Fat
0.0g
0.0g
0%
Carbohydrate
6.2g
15.5g
5%
Sugars
6.2g
15.5g
17%
Sodium
3mg
8mg
<1%
Dietary Fibre (total)
<1.0g
<1.0g
<1%
* Percentage Daily Intakes are based on an average adult diet of 8700 kJ. Your daily intakes may be higher or lower depending on your energy needs.",,https://www.coles.com.au/product/pop-tops-apple-poppers-fruit-drink-30percent-juice-poppers-multipack-lunch-box-bottles-250ml-x-6-pack-6-pack-6914188,,,2024-06-16T12:54:57.917472-04:00
Ind54SColes_ADrinks_SAColes Finest_IColes Finest Orange Juice Pulp Free | 2L,Coles Finest Orange Juice Pulp Free | 2L,Coles,Drinks,Coles Finest,Fruit & Fruit Juice,,$5.00,,,$2.50 per 1L,2690920,"Coles chilled pure Australian Orange juice Pulp free, 2L. Made with 100% Australian oranges and no added sugar. The perfect beverage to start your morning.",,,"Per 100g/ml
Per Serving
%DI
Energy
170.73
426.83
Protein
0.90
2.25
Carbohydrate
8.90
22.25
Sugars
8.50
21.25
Sodium
0.01
0.03
Saturated
0.09
0.23
Vitamin C
20.00
50.00
Energy (Cal)
40.84
102.11
Fat
0.09
0.23
Dietary Fibre (total)
0.10
0.25
* Percentage Daily Intakes are based on an average adult diet of 8700 kJ. Your daily intakes may be higher or lower depending on your energy needs.",,https://www.coles.com.au/product/coles-finest-orange-juice-pulp-free-2l-2690920,,,2024-06-16T12:55:09.890484-04:00
Ind54SColes_ADrinks_SAJuice_IGolden Circle Mango Nectar | 2L,Golden Circle Mango Nectar | 2L,Golden Circle,Drinks,Juice,Plastic juice bottles,,$3.50,,$4.80,$1.75 per 1L,7796225,"Reminisce on days spent in the sunshine with Golden Circle Mango Nectar. This nectar is made with no artificial colours, flavours or preservatives and brings bright and sweet flavour to smoothies, desserts and even savoury recipes. Golden Circle Mango Nectar saves you time in the kitchen, adding mango flavour to sauces, curries, smoothies and desserts with no preparation needed. A good source of vitamin C, Golden Circle Mango Nectar is a summertime barbecue staple. Try blending with frozen banana and pineapple for a tropical smoothie, or using this sweet nectar as a marinade for chicken or pork. Golden Circle, Share the Sunshine.
No artificial colours, flavours or preservatives

Serve chilled

Great in smoothies and mocktails

Adds a sweet flavour hit to savoury recipes

Good source of vitamin C",,,"Per 100g/ml
Per Serving
%DI
Energy
240 kJ
480 kJ
Protein
0.1 g
0.2 g
Total Fat
0.1 g
0.2 g
Saturated Fat
0 g
0 g
Carbohydrate
13.3 g
26.6 g
Sugars
13.0 g
26.0 g
Sodium
11 mg
22 mg
Vitamin C
15 mg
30 mg (75% RDI*)
* Percentage Daily Intakes are based on an average adult diet of 8700 kJ. Your daily intakes may be higher or lower depending on your energy needs.",,https://www.coles.com.au/product/golden-circle-mango-nectar-2l-7796225,,,2024-06-16T12:55:20.838309-04:00
Ind54SColes_ADrinks_SAJuice_IBickfords 100% Pure Cherry Juice | 1L,Bickfords 100% Pure Cherry Juice | 1L,Bickfords,Drinks,Juice,Plastic juice bottles,,$5.50,,$6.50,$5.50 per 1L,3049618,"Our Pure Cherry juice is a genius balance of sweet red and tart black cherry that's a pretty irresistible way to get a daily dose of antioxidants. There's no added sugar, no preservatives and nothing artificial because we know that's important to you.",,,"Per 100g/ml
Per Serving
%DI
Energy
281kJ
705kJ
Protein
<0g
<0g
Total Fat
0g
0g
Saturated Fat
0g
0g
Carbohydrate
15g
37.5g
Sugars
11g
27.5g
Sodium
7mg
13mg
Monounsaturated
0g
0g
Dietary Fibre (total)
0g
0g
Polyunsaturated
0g
0g
Trans
0g
0g
* Percentage Daily Intakes are based on an average adult diet of 8700 kJ. Your daily intakes may be higher or lower depending on your energy needs.",,https://www.coles.com.au/product/bickfords-100percent-pure-cherry-juice-1l-3049618,,,2024-06-16T12:55:33.022134-04:00
Ind54SColes_ADrinks_SAJuice_IGolden Circle Sunshine Punch Fruit Drink | 1L,Golden Circle Sunshine Punch Fruit Drink | 1L,Golden Circle,Drinks,Juice,Packs & Pouches,,$2.70,,,$2.70 per 1L,6909461,"Whether you're going camping, to the beach, or on a road trip, you're sure to get thirsty along the way. Golden Circle Sunshine Punch Fruit Drink is here to quench your thirst with a delicious fruit drink made with no artificial colours or flavours. Enjoy a taste of summer in a glass with Golden Circle Sunshine Punch Fruit Drink. Containing no artificial colours, flavours or preservatives, this fruit drink with a good source of vitamin C is full of flavour. Enjoy a glass at any time of the day, bring the carton along on big days out, or use it as a base for fruit punch to keep the whole family smiling. Golden Circle, Share the Sunshine.
No artificial colours, flavours or preservatives

Sunshine Punch fruit drink with flavours including apple or pear, pineapple, orange, passionfruit and peach

Tasty drink to have alongside any meal

A good source of vitamin C

Delicious base for punches and mocktails",,,"Per 100g/ml
Per Serving
%DI
Energy
175kJ
350kJ
Protein
0g
0g
Total Fat
0g
0g
Saturated Fat
0g
0g
Carbohydrate
9.8g
19.6g
Sugars
9.6g
19.2g
Sodium
9mg
18mg
Vitamin C
15 mg
30 mg (75% RDI)*
15 mg
* Percentage Daily Intakes are based on an average adult diet of 8700 kJ. Your daily intakes may be higher or lower depending on your energy needs.",,https://www.coles.com.au/product/golden-circle-sunshine-punch-fruit-drink-1l-6909461,,,2024-06-16T12:55:44.263287-04:00
Ind54SColes_ADrinks_SAJuice_IMildura Sunrise Orange And Passionfruit Drink | 3L,Mildura Sunrise Orange And Passionfruit Drink | 3L,Mildura,Drinks,Juice,Chilled juice,,$5.80,,,$1.93 per 1L,1418167,"Midura Refreshing Fruit Drink is aussie owned and loved. 

Available in a convenient 3L family sized bottle, a glass of delicious and vibrant juice drink is a refreshing addition to your day!

Proudly packed in NSW and QLD by and for the Bega Group using local and imported ingredients. The local ingredients are sourced Australia wide.
With fruit juice

Family sized pack

Easy to pour, resealable pack

Delicious and full flavoured

Refreshing drink

Manufactured in Australia.",,,"Per 100g/ml
Per Serving
%DI
Energy
163kJ
326kJ
4.0%
Protein
<1g
<1g
<1%
Total Fat
0.0g
0.0g
0.0%
Saturated Fat
0.0g
0.0g
0.0%
Carbohydrate
9.4g
18.8g
6.0%
Sugars
8.9g
17.8g
20.0%
Sodium
2.5mg
5.0mg
<1%
* Percentage Daily Intakes are based on an average adult diet of 8700 kJ. Your daily intakes may be higher or lower depending on your energy needs.",,https://www.coles.com.au/product/mildura-sunrise-orange-and-passionfruit-drink-3l-1418167,,,2024-06-16T12:55:55.304556-04:00
Ind54SColes_ADrinks_SA_IThe Juice Brothers Orange Juice Pulp Free | 1L,The Juice Brothers Orange Juice Pulp Free | 1L,The Juice Brothers,Drinks,,,,$5.50,,,$5.50 per 1L,7829211,"Extraordinary tasting juice that cares? You're holding it!

Our orange juice is squeezed rather than crushed to preserve the fruit peels. Our orange, apple and pear fruit peels (including the seeds and cores) are reused as local animal feed.

We're also owned, grown and squeezed right here in Australia because we love what we do and want to keep it local.

No added sugar, just natural sweetness of fruit.",,,,Orange Juice (100%),https://www.coles.com.au/product/the-juice-brothers-orange-juice-pulp-free-1l-7829211,,,2024-06-16T12:56:04.148670-04:00
Ind54SColes_ADrinks_SAJuice_ILo Bros Kombucha Lemon Lime Bitters | 750mL,Lo Bros Kombucha Lemon Lime Bitters | 750mL,Lo Bros,Drinks,Juice,Chilled juice,,$7.70,Pick any 2 for $9,,$10.27 per 1L,3952533,"Everyone's favourite mixerÃÂ¦minus all the sugar. Kombucha blended with raw apple cider with aromatic bitters made from botanical herbs, spices, and citrus extract. Add to a refreshing cocktail or just enjoy it on its own.
It's time to rethink your drink! Lo Bros brews better-for-you drinks using a little process we like to call the Cycle of Doin' Good. It kicks off with old-school fermentation and know-how using the best organic ingredients, then transforms those bad old sugars into tasty drinks and positive change.
Naturally low in sugar, bubbling with millions of living cultures, bursting with refreshing feel good flavour & giving the planet a helping hand too.",,,,"Kombucha* (Filtered Water, Kombucha Culture*, Black Tea*, Green Tea*, Raw Sugar*), Sweeteners* (Naturally Fermented Glucose (Erythritol), Stevia Leaf (Steviol Glycosides)), Apple Cider Vinegar*, Acacia Fibre*, Natural Flavour (Lemon, Lime, Bitters), Black Carrot Concentrate, Probiotics .",https://www.coles.com.au/product/lo-bros-kombucha-lemon-lime-bitters-750ml-3952533,,,2024-06-16T12:56:12.954454-04:00
Ind54SColes_ADrinks_SAJuice_IImpressed Sunny Side Up Juice | 325mL,Impressed Sunny Side Up Juice | 325mL,Impressed,Drinks,Juice,Chilled juice,,$3.60,,,$11.08 per 1L,3062365,"Wake up on the bright side with Sunny Side Up  our fresh new blend is a delicious mix of orange, coconut water, pineapple and passionfruit.
Impressed Juices are cold pressed from the freshest produce.
Each juice contains Aussie-grown fresh vegetables, fruits and herbs which we carefully cold press and bottle locally resulting in full flavoured and irresistibly aromatic fresh juice.",,,"Per 100g/ml
Per Serving
%DI
Energy
162kJ
527kJ
Protein
0.3g
0.8g
Total Fat
0.1g
0.2g
Saturated Fat
0.1g
0.1g
Carbohydrate
9.6g
31.1g
Sugars
8.2g
26.6g
Sodium
6mg
21mg
Dietary Fibre (total)
0.1g
0.4g
* Percentage Daily Intakes are based on an average adult diet of 8700 kJ. Your daily intakes may be higher or lower depending on your energy needs.",,https://www.coles.com.au/product/impressed-sunny-side-up-juice-325ml-3062365,,,2024-06-16T12:56:24.704900-04:00
Ind54SColes_ADrinks_SAJuice_IPure Tassie Organic Apple Juice Chilled | 1.5L,Pure Tassie Organic Apple Juice Chilled | 1.5L,Pure Tassie,Drinks,Juice,Chilled juice,,$5.70,,$6.40,$3.80 per 1L,3061103,"Founded and operating in Tasmania for over 40 years, we take great pride in the quality of the ingredients we use in our range of juices. Our Organic Apples are sourced from local family farms and then pressed and bottled here in Tasmania. We think our fruit is grown in the cleanest air, the best soil and the purist water on earth. That's why our juice taste is so clean, fresh and pure.",,,"Per 100g/ml
Per Serving
%DI
Energy
186kJ
465kJ
Protein
<1g
<1g
Total Fat
<1g
<1g
Saturated Fat
<1g
<1g
Carbohydrate
10.4g
26.3g
Sugars
10.4g
26g
Sodium
<5mg
<5mg
Vitamin C
38mg
95mg
Dietary Fibre (total)
<0.5g
<0.5g
Trans
<1g
<1g
* Percentage Daily Intakes are based on an average adult diet of 8700 kJ. Your daily intakes may be higher or lower depending on your energy needs.",,https://www.coles.com.au/product/pure-tassie-organic-apple-juice-chilled-1.5l-3061103,,,2024-06-16T12:56:35.915701-04:00
Ind54SColes_ADrinks_SA_IOcean Spray Low Sugar Cranberry Pineapple Drink | 1.5L,Ocean Spray Low Sugar Cranberry Pineapple Drink | 1.5L,Ocean Spray,Drinks,,,,$6.40,,,$4.27 per 1L,4753383,"With less than 10 little calories and 1 gram of sugar, enjoy the delicious blend of sweet pineapple and crisp clean cranberries throughout the day!",,,"Per 100g/ml
Per Serving
%DI
Energy
15kJ
38kJ
Protein
0g
0g
Total Fat
0g
0g
Saturated Fat
0g
0g
Carbohydrate
0.4g
1g
Sugars
0.4g
1g
Sodium
10mg
25mg
Vitamin C
3.2mg
8mg
20%
Potassium
6mg
15mg
* Percentage Daily Intakes are based on an average adult diet of 8700 kJ. Your daily intakes may be higher or lower depending on your energy needs.",,https://www.coles.com.au/product/ocean-spray-low-sugar-cranberry-pineapple-drink-1.5l-4753383,,,2024-06-16T12:56:46.939208-04:00
Ind54SColes_ADrinks_SABeverages_IRemedy Kombucha Pink Lady Apple | 750mL,Remedy Kombucha Pink Lady Apple | 750mL,Remedy,Drinks,Beverages,Water & juices,,$5.90,,,"$7.87 per 1L
Was $7.50 on May 2024",4973030,"This is not just another kombucha - It's fresh and crisp with a light juicy effervescence! All you need to do to relish in the tantalising aroma of sweet apple is crack open the top. The clean and crisp flavours of ripe apples are delicately balanced to create a truly smashable bevvie. Grab a glass, grab some ice and enjoy. This all-natural thirst-quenching flavour is packed full of live cultures and antioxidants. Remedy Kombucha is:
Sugar free, for real
All natural
Certified Organic
Low on Calories
Vegan
Gluten Free
A-Ok in or out of the fridge",,,"Per 100g/ml
Per Serving
%DI
Energy
12kJ
40kJ
Protein
<1g
<1g
Total Fat
<1g
<1g
Saturated Fat
<1g
<1g
Carbohydrate
<1g
<1g
Sugars
0g
0g
Sodium
<5mg
<5mg
* Percentage Daily Intakes are based on an average adult diet of 8700 kJ. Your daily intakes may be higher or lower depending on your energy needs.",,https://www.coles.com.au/product/remedy-kombucha-pink-lady-apple-750ml-4973030,,,2024-06-16T12:56:57.936219-04:00
Ind54SColes_ADrinks_SAJuice_IBickford's Cranberry Juice Drink | 1L,Bickford's Cranberry Juice Drink | 1L,Bickfords,Drinks,Juice,Glass juice bottles,,$5.50,,,$5.50 per 1L,9097249,"There's nothing like a chilled glass of Cranberry to make you smile. Not only does it taste amazing, there's an antioxidant hit and some Vitamin C too! And best of all, there's nothing artificial and no preservatives because we know that's important to you.",,,"Per 100g/ml
Per Serving
%DI
Energy
221kJ
553kJ
Protein
<0g
<0g
Total Fat
0g
0g
Saturated Fat
0g
0g
Carbohydrate
13g
32.3g
Sugars
12g
30g
Sodium
1mg
2.5mg
Monounsaturated
0g
0g
Dietary Fibre (total)
0g
0g
Polyunsaturated
0g
0g
Trans
0g
0g
* Percentage Daily Intakes are based on an average adult diet of 8700 kJ. Your daily intakes may be higher or lower depending on your energy needs.",,https://www.coles.com.au/product/bickford's-cranberry-juice-drink-1l-9097249,,,2024-06-16T12:57:09.072315-04:00
Ind54SColes_ADrinks_SAJuice_INuris Organic Wild Pomegranate Juice Bottle | 1L,Nuris Organic Wild Pomegranate Juice Bottle | 1L,Nuris,Drinks,Juice,Glass juice bottles,,$7.85,,,$7.85 per 1L,5972291,"Nuris Organic wild pomegranate juice is NFC - Not From Concentrate. Squeezed from fresh, certified organic wild pomegranates. No additives of any kind whatsoever, no colouring, flavour enhancing agents or preservatives. Premium, pure 100% juice Offered in high quality glass bottles",,,"Per 100g/ml
Per Serving
%DI
Energy
246.9kJ
617.3kJ
Protein
<1g
<1g
Total Fat
<1g
<1g
Saturated Fat
<1g
<1g
Carbohydrate
14.5g
36.2g
Sugars
13.5g
33.7g
Sodium
6mg
15mg
* Percentage Daily Intakes are based on an average adult diet of 8700 kJ. Your daily intakes may be higher or lower depending on your energy needs.",,https://www.coles.com.au/product/nuris-organic-wild-pomegranate-juice-bottle-1l-5972291,,,2024-06-16T12:57:20.691667-04:00
Ind54SColes_ADrinks_SAJuice_ISunraysia Pouch 99.9% Apple & Mango Juice | 200mL,Sunraysia Pouch 99.9% Apple & Mango Juice | 200mL,Sunraysia,Drinks,Juice,Plastic juice bottles,,$1.50,Pick any 5 for $5.30,,$7.50 per 1L,4158969,"Sunraysia pouches are a wholesome great tasting range of juices with added sugar, no artificial colours, flavours or preservatives. Available in a convenient, durable 200ml single serve pouch that won't split or break. Also great frozen or as a slushie - the perfect addition to any lunchbox.
- 100% Natural.
- Non genetically modified.
- Nothing Artificial.
- No added sugars or preservatives.
- Good Source of Vitamin C.
- 99.9 % Juice.
- BPA Free.
100% Natural

1 Serve of Fruit*

Good Source of Vitamin C

99.9 % Juice, no added sugar

Non genetically modified

Vegetarian & Vegan Friendly.

No artificial colours, flavours or preservatives.

Great Frozen.",,,"Per 100g/ml
Per Serving
%DI
Energy
200kJ
400kJ
Protein
0.2g
0.4g
Total Fat
0.1g
0.2g
Saturated Fat
0.0g
0.0g
Carbohydrate
11.2g
22.4g
Sugars
10.7g
21.4g
Sodium
6mg
12mg
Vitamin C
20mg
40mg
100% RDI#
Energy (Cal)
48Cal
96Cal
Trans
0.0g
0.0g
* Percentage Daily Intakes are based on an average adult diet of 8700 kJ. Your daily intakes may be higher or lower depending on your energy needs.","Reconstituted Apple Juice 80%, Mango pulp 19.9%, Vitamin C, Natural Flavour.",https://www.coles.com.au/product/sunraysia-pouch-99.9percent-apple-and-mango-juice-200ml-4158969,,,2024-06-16T12:57:31.731911-04:00
Ind54SColes_ADrinks_SAJuice_IColes Orange Juice 250mL | 6 pack,Coles Orange Juice 250mL | 6 pack,Coles,Drinks,Juice,Multi pack juice,,$4.00,,,$2.67 per 1L,2535665,,,,,,https://www.coles.com.au/product/coles-orange-juice-250ml-6-pack-2535665,,,2024-06-16T12:57:40.574172-04:00
Ind54SColes_ADrinks_SAJuice_IJust Juice Orange Mango Juice Multipack 200mL | 6 pack,Just Juice Orange Mango Juice Multipack 200mL | 6 pack,Just Juice,Drinks,Juice,Multi pack juice,,$5.50,,$6.30,$4.58 per 1L,5001270,"No added sugar
- High in Vitamin C
- No Preservatives
- No Artificial Colours or Flavours
- 1 Serve of Fruit per 125mL (as part of a balanced intake, fruit juice can be a serve of fruit (Australian Dietary Guidelines)).
No Added Sugar

High in Vitamin C

No Preservatives

No Artificial Colours

No Artificial Flavours

1 serve of fruit per 125mL of fruit juice as part of a balanced diet..",,,"Per 100g/ml
Per Serving
%DI
Energy
169kJ
338kJ
4%
Protein
0.6g
1.2g
2%
Total Fat
<1.0g
<1.0g
<1%
Saturated Fat
0.0g
0.0g
0%
Carbohydrate
9.0g
18.0g
6%
Sugars
8.3g
16.5g
18%
Sodium
2.5mg
5.0mg
<1%
Vitamin C
20mg
40mg
100% RDI#
Dietary Fibre (total)
0.2g
0.4g
1%
* Percentage Daily Intakes are based on an average adult diet of 8700 kJ. Your daily intakes may be higher or lower depending on your energy needs.",,https://www.coles.com.au/product/just-juice-orange-mango-juice-multipack-200ml-6-pack-5001270,,,2024-06-16T12:57:51.613146-04:00
Ind54SColes_ADrinks_SAJuice_IRemedy Kombucha Pink Grapefruit | 330mL,Remedy Kombucha Pink Grapefruit | 330mL,Remedy,Drinks,Juice,Chilled juice,,$4.30,,,$13.03 per 1L,7682441,"We're shaking up fizzy drinks for good with our fresh and fruity Pink Grapefruit. Experience the delicately luscious, fizzy and refreshing Remedy Kombucha Pink Grapefruit pairing the real taste of ripe Grapefruit with just the right balance of sweet and sour. It's low in calories, full of goodness, all natural and bursting with flavour. Remedy Kombucha is:
Sugar free, for real
All natural
Certified Organic
Low on Calories
Vegan
Gluten Free
A-Ok in or out of the fridge",,,"Per 100g/ml
Per Serving
%DI
Energy
9kJ
40kJ
Protein
<1g
<1g
Total Fat
<1g
<1g
Saturated Fat
<1g
<1g
Carbohydrate
<1g
<1g
Sugars
0g
0g
Sodium
<5mg
<5mg
* Percentage Daily Intakes are based on an average adult diet of 8700 kJ. Your daily intakes may be higher or lower depending on your energy needs.",,https://www.coles.com.au/product/remedy-kombucha-pink-grapefruit-330ml-7682441,,,2024-06-16T12:58:02.715423-04:00
Ind54SColes_ADrinks_SAJuice_IColes Green Smoothie | 1L,Coles Green Smoothie | 1L,Coles,Drinks,Juice,Chilled juice,,$5.10,,,$5.10 per 1L,2806616,"Coles Green smoothie, 1L. A blend of Pear, mango, banana, apple, lemon, spinach, kale and spirulina all make up this 2018 product of the year smoothie. Not made from concentrate, no added sugar and 1 portion of fruit in each serving makes this a great beverage for any time of day.",,,"Per 100g/ml
Per Serving
%DI
Energy
237.70
594.25
Protein
0.40
1.00
Carbohydrate
12.10
30.25
Sugars
11.00
27.50
Sodium
5.40
13.50
Saturated
0.00
0.00
Vitamin C
89.08
222.70
Energy (Cal)
56.87
142.17
Fat
0.40
1.00
Dietary Fibre (total)
1.30
3.25
* Percentage Daily Intakes are based on an average adult diet of 8700 kJ. Your daily intakes may be higher or lower depending on your energy needs.",,https://www.coles.com.au/product/coles-green-smoothie-1l-2806616,,,2024-06-16T12:58:13.595424-04:00
Ind54SColes_ADrinks_SAJuice_IGolden Circle 100% Juice Tropical | 2L,Golden Circle 100% Juice Tropical | 2L,Golden Circle,Drinks,Juice,Plastic juice bottles,,$3.50,,$4.80,$1.75 per 1L,5487558,"This tropical combination of flavours is great for any time of the day. Enjoy a glass of Golden Circle Tropical Juice with breakfast, or freeze into ice blocks for an afternoon cool down treat. Golden Circle Tropical Juice contains no added sugar and is made with no artificial colours, flavours or preservatives. Serve chilled with a glass of ice or mix with refrigerated sparkling water for a summertime punch. Golden Circle, Share the Sunshine.
No added sugar

No artificial colours or flavours

No preservatives

Served chilled

Delicious on its own or with savoury snacks and meals",,,"Per 100g/ml
Per Serving
%DI
Energy
190 kJ
380 kJ
Protein
0.1 g
0.2 g
Total Fat
0 g
0 g
Saturated Fat
0 g
0 g
Carbohydrate
10.0 g
20.0 g
Sugars
9.0 g
18.0 g
Sodium
11 mg
22 mg
Vitamin C
40 mg
80 mg (200% RDI*)
Dietary Fibre (total)
0.4 g
0.8 g
* Percentage Daily Intakes are based on an average adult diet of 8700 kJ. Your daily intakes may be higher or lower depending on your energy needs.",,https://www.coles.com.au/product/golden-circle-100percent-juice-tropical-2l-5487558,,,2024-06-16T12:58:24.458945-04:00
Ind54SColes_ADrinks_SAJuice_ICampbells V8 Power Blend Prebiotics Juice Berry | 1.25L,Campbells V8 Power Blend Prebiotics Juice Berry | 1.25L,Campbells,Drinks,Juice,Plastic juice bottles,,$4.80,,$6.00,$3.84 per 1L,7220242,"Refreshingly delicious, V8 Prebiotic Berry gives you the benefits of blended fruit and veggies, as well as added fibre to support gut health in one drink. Enjoy for breakfast or bring to work for a nutritious drink. This healthy juice is a source of  Vitamin C, contains no added sugar and provides 2 serves of vegetables per 250mL serve. 

V8 Prebiotic Berry is a delicious, refreshing blend of juicy apple, strawberry and raspberry with sweet potato, carrot  and beetroot. It also contains added fibre to support gut health. Increase your fruit and veg intake with every sip whilst also supporting a healthy gut


Source of fibre to support gut health
No added sugar
Source of Vitamin C
Plant Based
2  serves of veg per 250ml serve
No added preservatives, no artificial flavours, no artificial colours",,,"Per 100g/ml
Per Serving
%DI
Energy
203kJ
507kJ
0
Protein
0.5g
1.2g
0
Total Fat
0.1g
0.2g
0
Saturated Fat
<0.1g
0.1g
0
Carbohydrate
10.7g
26.8g
0
Sugars
8.9g
22.2g
0
Sodium
35mg
86mg
0
Monounsaturated
0
0
0
Vitamin C
7mg
17mg
Energy (Cal)
48Cal
121Cal
0
Dietary Fibre (total)
1.1g
2.8g
0
Polyunsaturated
0
0
0
Trans
0
0
0
* Percentage Daily Intakes are based on an average adult diet of 8700 kJ. Your daily intakes may be higher or lower depending on your energy needs.",,https://www.coles.com.au/product/campbells-v8-power-blend-prebiotics-juice-berry-1.25l-7220242,,,2024-06-16T12:58:35.445768-04:00
Ind54SColes_ADrinks_SAJuice_ICampbell's V8 Hot & Spicy Juice | 1.25L,Campbell's V8 Hot & Spicy Juice | 1.25L,Campbells,Drinks,Juice,Plastic juice bottles,,$5.50,,,$4.40 per 1L,1165436,"V8 Vegetable Hot & Spicy juice is a healthy antioxidant boost. This hot and spicy tomato, carrot, celery and chilli juice contains vitamins. Share this vegetable juice with a friend for a healthy morning pick-me-up. Or if you're short on time, it's the perfect ambient juice for an on-the-go afternoon top up. Grab yourself a V8 fuel up!",,,"Per 100g/ml
Per Serving
%DI
Energy
80kJ
200kJ
0
Protein
0.7g
1.7g
0
Total Fat
0.1g
0.1g
0
Saturated Fat
0.1g
0.1g
0
Carbohydrate
3.4g
8.4g
0
Sugars
2.8g
7.1g
0
Vitamin A
75ug
188ug
Sodium
286mg
716mg
0
Monounsaturated
0
0
0
Vitamin C
16mg
40mg
Energy (Cal)
19Cal
48Cal
0
Dietary Fibre (total)
1.1g
2.7g
0
Polyunsaturated
0
0
0
Trans
0
0
0
* Percentage Daily Intakes are based on an average adult diet of 8700 kJ. Your daily intakes may be higher or lower depending on your energy needs.","Each bottle contains the juice of: Tomato (81.5%)(Reconstituted Juice), Carrot (7%), Celery (4.3%), Lemon (3.2%)(Reconstituted Juice), Beetroot (<1%), Parsley (<1%), Lettuce (<1%), Watercress (<1), Spinach (<1%), Natural Flavours (Contains Barley), Salt, Vitamin C, Yeast Extract, Food Acid (Citric Acid), Chilli Spice Extract, Colour (E160c).",https://www.coles.com.au/product/campbell's-v8-hot-and-spicy-juice-1.25l-1165436,,,2024-06-16T12:58:46.554022-04:00
Ind54SColes_ADrinks_SA_IGolden Circle Pineapple Juice Sweetened Fruit Juice Pineapples | 1L,Golden Circle Pineapple Juice Sweetened Fruit Juice Pineapples | 1L,Golden Circle,Drinks,,,,$2.60,,,$2.60 per 1L,280086,"Best served chilled, Golden Circle Sweetened Pineapple Juice is a great pick for summer picnics. Enjoy a glass over ice or mix with sparkling water. Golden Circle Sweetened Pineapple Juice provides a good source of vitamin C, and also contains no artificial colours, flavours or preservatives. Enjoy the delicious taste of this pineapple juice with a meal or snack during the day. It's a great pick for hot summer days at the beach. Golden Circle, Share the Sunshine.
Good source of vitamin C

Best served chilled

No artificial colours

No artificial flavours

No preservatives",,,"Per 100g/ml
Per Serving
%DI
Energy
260 kJ
520 kJ
Protein
0.3 g
0.6 g
Total Fat
0.1 g
0.2 g
Saturated Fat
0 g
0 g
Carbohydrate
14.6 g
29.2 g
Sugars
14.4 g
28.8 g
Sodium
5 mg
10 mg
Vitamin C
40 mg
80 mg (200% RDI)*
* Percentage Daily Intakes are based on an average adult diet of 8700 kJ. Your daily intakes may be higher or lower depending on your energy needs.",,https://www.coles.com.au/product/golden-circle-pineapple-juice-sweetened-fruit-juice-pineapples-1l-280086,,,2024-06-16T12:59:43.223474-04:00
Ind54SColes_ADrinks_SA_IFruit Co Juice Plus + Apple Banana Mango | 2L,Fruit Co Juice Plus + Apple Banana Mango | 2L,Fruit Co,Drinks,,,,$3.50,,,$1.75 per 1L,3752272,"Made from 99% Juice and enriched with the goodness of Vitamin C and Fibre, FruitCo Juice is the perfect juice for any occasion. FruitCo Juice comes in a convenient and ergonomic 2L PET grip bottle.",,,"Per 100g/ml
Per Serving
%DI
Energy
187kJ
468kJ
5%
Protein
<1g
<1g
1%
Total Fat
<1g
<1g
1%
Saturated Fat
<1g
<1g
1%
Carbohydrate
11g
27.5g
9%
Sugars
10.7g
26.8g
30%
Sodium
5mg
13mg
1%
Vitamin C
10mg
25mg
0%
Dietary Fibre (total)
<1g
<1g
8%
* Percentage Daily Intakes are based on an average adult diet of 8700 kJ. Your daily intakes may be higher or lower depending on your energy needs.",,https://www.coles.com.au/product/fruit-co-juice-plus-+-apple-banana-mango-2l-3752272,,,2024-06-16T12:59:55.095202-04:00
Ind54SColes_ADrinks_SAJuice_ICampbell's V8 Tropical Juice Multipack 250mL | 3 pack,Campbell's V8 Tropical Juice Multipack 250mL | 3 pack,Campbells,Drinks,Juice,Multi pack juice,,$4.00,,$4.50,$5.33 per 1L,7945223,"V8 Tropical juice is a healthy antioxidant boost. This apple, pineapple, passionfruit and carrot juice contains vitamins. Take one of these perfectly sized lunchbox drinks with your packed lunch to enjoy anywhere. Share this multipack of fruit and vegetable juices with a friend for a healthy morning pick-me-up. Or if you're short on time, it's the perfect ambient juice for an on-the-go afternoon top up. Grab yourself a V8 fuel up!
No artificial flavours or colours
No added preservatives or added sugar
Source of vitamin A and antioxidant vitamin C",,,"Per 100g/ml
Per Serving
%DI
Energy
184kJ
459kJ
0
Protein
0.4g
1.0g
0
Total Fat
0.1g
0.2g
0
Saturated Fat
<0.1
0.1g
0
Carbohydrate
10.0g
25.1g
0
Sugars
8.6g
21.4g
0
Vitamin A
75ug
188ug
Sodium
22mg
54mg
0
Monounsaturated
0
0
0
Vitamin C
2mg
4mg
Energy (Cal)
44Cal
110Cal
0
Dietary Fibre (total)
0.4g
0.9g
0
Polyunsaturated
0
0
0
Trans
0
0
0
* Percentage Daily Intakes are based on an average adult diet of 8700 kJ. Your daily intakes may be higher or lower depending on your energy needs.","Each pack contains the juice of: Apple (37.5%)(Reconstituted Juice), Carrot (30%)(Reconstituted Juice), Orange (14%)(Reconstituted Juice), Pear (9.2%)(Reconstituted Juice), Pineapple (7.5%)(Reconstituted Juice), Passionfruit (1%)(Reconstituted Juice), Banana (<1%), Food Acids (Malic Acid, Citric Acid), Vitamin C, Natural Flavours.",https://www.coles.com.au/product/campbell's-v8-tropical-juice-multipack-250ml-3-pack-7945223,,,2024-06-16T13:00:07.182710-04:00
Ind54SColes_ADrinks_SAJuice_INudie Nothing But Juice Orange Pulp Free | 400mL,Nudie Nothing But Juice Orange Pulp Free | 400mL,Nudie,Drinks,Juice,Chilled juice,,$3.90,,,$9.75 per 1L,3893489,"It's not easy to concentrate, which is why we avoid it at all costs. But some juicers looove to concentrate so much, they use it in their juice! Concentrate is a kind of cryogenically frozen juice that's brought back to life years later by adding water, flavour, sugar and other stuff. Eww! That's why we made nothing but; good, simple, fruit juice - no preservatives, no additives, just Aussie fruit. And because we love to support local farmers and growers - we will always only use Australian oranges, right from our own backyard. What good could we do beyond the juice fridge? creatorsofgood@nudie.com.au
100% Australian fruit & veg

No added sugar

No preservatives

No artificial flavours

No concentrates",,,,,https://www.coles.com.au/product/nudie-nothing-but-juice-orange-pulp-free-400ml-3893489,,,2024-06-16T13:00:16.281331-04:00
Ind54SColes_ADrinks_SAJuice_ICampbell's V8 Vegetable Juice | 300mL,Campbell's V8 Vegetable Juice | 300mL,Campbells,Drinks,Juice,Plastic juice bottles,,$2.70,,,$9.00 per 1L,2047130,"V8 Original vegetable juice is a healthy antioxidant boost. This tomato, carrot and celery juice is packed with vitamins to put a powerful pep in your step. Grab this ambient juice for a healthy morning pick-me-up. Or if you're short on time, it's the perfect lunchbox drink for an on-the-go afternoon top up. Grab yourself a V8 fuel up!
No artificial flavours or colours
No added preservatives or added sugar
Source of vitamin A and antioxidant vitamin C
Four serves of vegetables per 250mL (based on the 2013 Australian Dietary Guidelines)",,,"Per 100g/ml
Per Serving
%DI
Energy
88kJ
263kJ
0
Protein
0.7g
2.2g
0
Total Fat
0.1g
0.2g
0
Saturated Fat
<0.1g
<0.1g
0
Carbohydrate
3.7g
11.2g
0
Sugars
2.9g
8.6g
0
Vitamin A
75ug
225ug
Sodium
237mg
710mg
0
Monounsaturated
0
0
0
Vitamin C
2mg
6mg
Energy (Cal)
21Cal
63Cal
0
Dietary Fibre (total)
1.0g
3.1g
0
Polyunsaturated
0
0
0
Trans
0
0
0
* Percentage Daily Intakes are based on an average adult diet of 8700 kJ. Your daily intakes may be higher or lower depending on your energy needs.",,https://www.coles.com.au/product/campbell's-v8-vegetable-juice-300ml-2047130,,,2024-06-16T13:00:27.253775-04:00
Ind54SColes_ADrinks_SAJuice_ICampbell's V8 Tropical Juice | 1.25L,Campbell's V8 Tropical Juice | 1.25L,Campbells,Drinks,Juice,Plastic juice bottles,,$5.50,,,$4.40 per 1L,1165378,"Refreshingly delicious, V8 Juice Tropical gives you the benefits of blended fruit and veggies in one drink. Enjoy for breakfast or bring to school or work for a nutritious drink to enjoy on breaks. This healthy juice gives you a source of Vitamin A and antioxidant Vitamin C in a quick, easy way. Also available in 300ml and 3x250ml varieties.
A mix of apple, pineapple, passionfruit and carrot.
Packed in a large 1.25L bottle
No artificial flavours, colours or added preservatives
No added sugar
Source of Vitamin A and antioxidant Vitamin C 1 serve of fruit & 1 serve of veg er 250ml serve",,,"Per 100g/ml
Per Serving
%DI
Energy
184kJ
459kJ
0
Protein
0.4g
1.0g
0
Total Fat
0.1g
0.2g
0
Saturated Fat
<0.1g
0.1g
0
Carbohydrate
10.0g
25.1g
0
Sugars
8.6g
21.4g
0
Vitamin A
75ug
188ug
Sodium
22mg
54mg
0
Monounsaturated
0
0
0
Vitamin C
2mg
4mg
Energy (Cal)
44Cal
110Cal
0
Dietary Fibre (total)
0.4g
0.9g
0
Polyunsaturated
0
0
0
Trans
0
0
0
* Percentage Daily Intakes are based on an average adult diet of 8700 kJ. Your daily intakes may be higher or lower depending on your energy needs.",,https://www.coles.com.au/product/campbell's-v8-tropical-juice-1.25l-1165378,,,2024-06-16T13:00:38.345051-04:00
Ind54SColes_ADrinks_SAStationery & media_ISharpie Permanent Markers Fine Tip | 2 pack,Sharpie Permanent Markers Fine Tip | 2 pack,Sharpie,Drinks,Stationery & media,Stationery,,$3.36,,$5.60,$1.68 per 1ea,3251142,"Bold to the max and permanent to the core, Sharpie Permanent Markers inspire you to transform ordinary surfaces into passionately creative statements. Made to write practically everywhere, vivid Sharpie markers eliminate dull and boring. The original permanent marker, Sharpie has iconic ink that dries quickly and resists both water and fading. While pale imitations wither away, Sharpie markers make creations that endure. Featuring a bold fine point built for jaw-dropping marks, Sharpie Permanent Markers ignite courageous self-expression.
Proudly permanent ink marks on paper, plastic, metal, and most other surfaces

Intensely brilliant colours create eye-popping, vibrant impressions

Remarkably resilient ink dries quickly and resists fading and water; AP certified

Endlessly versatile fine tip makes impressively bold, detailed marks

Colourful options: Includes 2 Black Sharpie permanent markers",,,,,https://www.coles.com.au/product/sharpie-permanent-markers-fine-tip-2-pack-3251142,,,2024-06-16T13:00:47.954223-04:00
Ind54SColes_ADrinks_SAJuice_IOrchy Apple & Blackcurrant Juice Chilled | 375mL,Orchy Apple & Blackcurrant Juice Chilled | 375mL,Orchy,Drinks,Juice,Chilled juice,,$2.30,,,$6.13 per 1L,7452645,Orchy Apple Blackcurrant Pop Top Juice 375mL. Excellent for lunch boxes. Healthy Kids Registered Product. Australian owned.,,,"Per 100g/ml
Per Serving
%DI
Energy
211kJ
791kJ
Protein
0.8g
3.0g
Total Fat
0.6g
2.3g
Saturated Fat
<1g
<1g
Carbohydrate
11.2g
42g
Sugars
9.8g
36.8g
Sodium
15mg
56.3mg
Saturated
0g
0g
Vitamin C
20mg
75mg
Dietary Fibre (total)
0.3g
1.1g
Dietary Fibre
0.2g
0.8g
* Percentage Daily Intakes are based on an average adult diet of 8700 kJ. Your daily intakes may be higher or lower depending on your energy needs.",,https://www.coles.com.au/product/orchy-apple-and-blackcurrant-juice-chilled-375ml-7452645,,,2024-06-16T13:00:59.153022-04:00
Ind54SColes_ADrinks_SA_IThe Juice Lab Wellness Shot Digestion | 60mL,The Juice Lab Wellness Shot Digestion | 60mL,The Juice Lab,Drinks,,,,$2.50,,$3.50,$41.67 per 1L,3960757,"I'm a lean, green detox machine packed into one little bottle (recyclable glass, that's green too)! I'm specially formulated to aid digestion and help your body absorb nutrients.",,,"Per 100g/ml
Per Serving
%DI
Energy
200kJ
119kJ
Protein
<1g
<1g
Total Fat
<1g
<1g
Saturated Fat
<1g
<1g
Carbohydrate
8.8g
5.3g
Sugars
7.8g
4.7g
Sodium
19mg
11mg
Dietary Fibre (total)
2.4g
1.4g
* Percentage Daily Intakes are based on an average adult diet of 8700 kJ. Your daily intakes may be higher or lower depending on your energy needs.",,https://www.coles.com.au/product/the-juice-lab-wellness-shot-digestion-60ml-3960757,,,2024-06-16T13:01:56.011370-04:00
Ind54SColes_ADrinks_SAJuice_IMildura Orange And Mango Fruit Drink | 500mL,Mildura Orange And Mango Fruit Drink | 500mL,Mildura,Drinks,Juice,Chilled juice,,$2.50,,$2.80,$5.00 per 1L,3187473,"Midura Refreshing Fruit Drink is aussie owned and loved. 

Available in a convenient 500ml bottle, a glass of delicious and vibrant fruit drink is a refreshing addition to your day!

Proudly packed in NSW and QLD by and for the Bega Group using local and imported ingredients. The local ingredients are sourced Australia wide.
With fruit juice

Perfect to drink on the go

Easy to pour, resealable pack

Delicious and full flavoured

Refreshing drink

Manufactured in Australia.",,,"Per 100g/ml
Per Serving
%DI
Energy
159kJ
795kJ
9.0%
Protein
0.1g
0.5g
1.0%
Total Fat
0g
0g
0.0%
Saturated Fat
0g
0g
0.0%
Carbohydrate
9.2g
46.0g
15.0%
Sugars
8.8g
44.0g
49.0%
Sodium
2.5mg
12.5mg
1.0%
* Percentage Daily Intakes are based on an average adult diet of 8700 kJ. Your daily intakes may be higher or lower depending on your energy needs.",,https://www.coles.com.au/product/mildura-orange-and-mango-fruit-drink-500ml-3187473,,,2024-06-16T13:02:07.955906-04:00
Ind54SColes_ADrinks_SA_ICampbell's V8 Apple Berry Fusion Juice Multipack 250mL | 3 pack,Campbell's V8 Apple Berry Fusion Juice Multipack 250mL | 3 pack,Campbells,Drinks,,,,$4.00,,$4.50,$5.33 per 1L,1165298,"V8 Apple Berry juice is a healthy antioxidant boost. This apple, strawberry and purple juice is packed with vitamins to help you feel your best. We love mixing vegetables and fruits into delicious blends, so you never have to choose between taste or nutrition: you can enjoy both! With no artificial flavours, colours, preservatives or added sugar, it's the perfect juice. Go ahead - shake up the natural goodness in every bottle. Share this multipack of ambient juices for a healthy morning pick-me-up with friends. Or if you're short on time, it's the perfect lunchbox drink for an on-the-go afternoon top up. Grab yourself a V8 fuel up!
No artificial flavours or colours
No added preservatives or added sugar
Source of antioxidant vitamin C",,,"Per 100g/ml
Per Serving
%DI
Energy
210kJ
525kJ
0
Protein
0.2g
0.6g
0
Total Fat
<0.1g
0.1g
0
Saturated Fat
<0.1g
<0.1g
0
Carbohydrate
11.8g
29.6g
0
Sugars
9.9g
24.8g
0
Sodium
14mg
36mg
0
Monounsaturated
0
0
0
Vitamin C
16mg
40mg
Energy (Cal)
50Cal
125Cal
0
Dietary Fibre (total)
0.4g
0.9g
0
Polyunsaturated
0
0
0
Trans
0
0
0
* Percentage Daily Intakes are based on an average adult diet of 8700 kJ. Your daily intakes may be higher or lower depending on your energy needs.",,https://www.coles.com.au/product/campbell's-v8-apple-berry-fusion-juice-multipack-250ml-3-pack-1165298,,,2024-06-16T13:02:34.166293-04:00
Ind54SColes_ADrinks_SAJuice_IRemedy Shot Immune Plus | 60mL,Remedy Shot Immune Plus | 60mL,Remedy,Drinks,Juice,Chilled juice,,$2.50,,$3.50,$41.67 per 1L,4471440,"Your daily multivitamin just got a glow up! With Vitamin A, C and B6, Remedy Immune+ is the perfect friend to have on standby in the pantry, the fridge or your handbag when you've had one too many nights on the wines (we ain't judgin'), work is kickin' your butt, or you just need that extra immune boost. Remedy Shots are:
No sugar, for real
All Natural
Certified Organic
Full of flavour
Vegan
Gluten Free
A-Ok in or out of the fridge",,,"Per 100g/ml
Per Serving
%DI
Energy
18kJ
11kJ
Protein
<1g
<1g
Total Fat
<1g
<1g
Saturated Fat
<1g
<1g
Carbohydrate
<1g
<1g
Sugars
0g
0g
Vitamin A
125mg
75mg
10%
Sodium
<5mg
<5mg
Vitamin C
17mg
10mg
25%
Dietary Fibre (total)
<1g
<1g
Vitamin B6
0.3mg
0.2mg
11%
* Percentage Daily Intakes are based on an average adult diet of 8700 kJ. Your daily intakes may be higher or lower depending on your energy needs.",,https://www.coles.com.au/product/remedy-shot-immune-plus-60ml-4471440,,,2024-06-16T13:02:46.374574-04:00
Ind54SColes_ADrinks_SA_IColes Orange & Mango Fruit Drink 250Ml | 6 pack,Coles Orange & Mango Fruit Drink 250Ml | 6 pack,Coles,Drinks,,,,$3.50,,,$2.33 per 1L,2535610,Coles Mango orange fruit drink 250 ml 6 pack. 35% Fruit Juice No Artificial Sweeteners great for lunch boxes,,,"Per 100g/ml
Per Serving
%DI
Energy
146
364
4
Protein
LESS THAN 1g
LESS THAN 1g
1
Total Fat
LESS THAN 1g
LESS THAN 1g
0
Saturated Fat
0.1
0.25
Carbohydrate
8.2
20.5
7
Sodium
LESS THAN 5mg
8
0
Energy (Cal)
35
87
Dietary Fibre
0.1
0.25
* Percentage Daily Intakes are based on an average adult diet of 8700 kJ. Your daily intakes may be higher or lower depending on your energy needs.","INGREDIENTS: Water, Reconstituted Fruit Juices (35%) [Orange (34%), Mango (1%)], Sugar, Food Acid (Citric Acid), Natural Flavours, Natural Colours (161b, 163), Natural Sweetener (960).",https://www.coles.com.au/product/coles-orange-and-mango-fruit-drink-250ml-6-pack-2535610,,,2024-06-16T13:02:57.291973-04:00
Ind54SColes_ADrinks_SAJuice_IGolden Circle Aussie Blends Outback Sunrise | 1.5L,Golden Circle Aussie Blends Outback Sunrise | 1.5L,Golden Circle,Drinks,Juice,Plastic juice bottles,,$5.50,Pick any 2 for $7,,$3.67 per 1L,6824132,1.5L,,,"Per 100g/ml
Per Serving
%DI
Energy
85 kJ
170 kJ
Protein
0.1 g
0.2 g
Total Fat
0 g
0 g
Saturated Fat
0 g
0 g
Carbohydrate
4.5 g
9.0 g
Sugars
4.2 g
8.4 g
Sodium
12 mg
24 mg
Vitamin C
24 mg
48 mg (120% RDI*)
Dietary Fibre (total)
0.1 g
0.2 g
* Percentage Daily Intakes are based on an average adult diet of 8700 kJ. Your daily intakes may be higher or lower depending on your energy needs.",,https://www.coles.com.au/product/golden-circle-aussie-blends-outback-sunrise-1.5l-6824132,,,2024-06-16T13:03:08.212813-04:00
Ind54SColes_ADrinks_SA_ICampbell's V8 Breakfast Juice | 1.25L,Campbell's V8 Breakfast Juice | 1.25L,Campbells,Drinks,,,,$5.50,,,$4.40 per 1L,1165425,"V8 Breakfast juice is a healthy antioxidant boost. This apple, pineapple, orange and carrot juice contains vitamins. Share this fruit and vegetable juice with a friend for a healthy morning pick-me-up. Or if you're short on time, it's the perfect ambient juice for an on-the-go afternoon top-up. Grab yourself a V8 fuel up!
No artificial flavours or colours
No added preservatives or added sugar
Source of vitamin A and antioxidant vitamin C",,,"Per 100g/ml
Per Serving
%DI
Energy
204kJ
510kJ
0
Protein
0.4g
1.0g
0
Total Fat
0.1g
0.2g
0
Saturated Fat
<0.1g
<0.1g
0
Carbohydrate
11.4g
28.4g
0
Sugars
9.8g
24.5g
0
Vitamin A
75ug
188ug
Sodium
19mg
47mg
0
Monounsaturated
0
0
0
Vitamin C
2mg
5mg
Energy (Cal)
49Cal
122Cal
0
Dietary Fibre (total)
0.2g
0.5g
0
Polyunsaturated
0
0
0
Trans
0
0
0
* Percentage Daily Intakes are based on an average adult diet of 8700 kJ. Your daily intakes may be higher or lower depending on your energy needs.",,https://www.coles.com.au/product/campbell's-v8-breakfast-juice-1.25l-1165425,,,2024-06-16T13:03:19.329602-04:00
Ind54SColes_ADrinks_SA_INudie Pulp Oranges Juice Chilled | 2L,Nudie Pulp Oranges Juice Chilled | 2L,Nudie,Drinks,,,,$8.50,,,$4.25 per 1L,7895759,"It's not easy to concentrate, which is why we avoid it at all costs.

But some juicers looove to concentrate so much, they use it in their juice! Concentrate is a kind of cryogenically frozen juice that's brought back to life years later by adding water, flavour, sugar and other stuff. Eww! That's why we made nothing but; good, simple, fruit juice - no preservatives, no additives, just Aussie fruit. And because we love to support local farmers and growers - we will always only use Australian oranges, right from our own backyard.

What good could we do beyond the juice fridge? Visit our Website
Made with 100% real fruit
No added sugar
No preservatives
No artificial flavours
100% Australian Oranges
100% Australian Fruit.",,,"Per 100g/ml
Per Serving
%DI
Energy
180kJ
450kJ
Protein
Less than 1g
2g
Total Fat
Less than 1g
Less than 1g
Saturated Fat
Less than 1g
Less than 1g
Carbohydrate
10g
25g
Sugars
7.6g
19g
Sodium
Less than 5mg
Less than 5mg
Vitamin C
18mg
45mg
Dietary Fibre (total)
Less than 1g
Less than 1g
* Percentage Daily Intakes are based on an average adult diet of 8700 kJ. Your daily intakes may be higher or lower depending on your energy needs.",,https://www.coles.com.au/product/nudie-pulp-oranges-juice-chilled-2l-7895759,,,2024-06-16T13:03:30.046737-04:00
Ind54SColes_ADrinks_SA_IFruit Co Juice Plus + Grape | 2L,Fruit Co Juice Plus + Grape | 2L,Fruit Co,Drinks,,,,$3.50,,,$1.75 per 1L,3752319,"Made from 99% Juice and enriched with the goodness of Vitamin C and Fibre, FruitCo Juice is the perfect juice for any occasion. FruitCo Juice comes in a convenient and ergonomic 2L PET grip bottle.",,,"Per 100g/ml
Per Serving
%DI
Energy
238kJ
595kJ
7%
Protein
<1g
<1g
1%
Total Fat
<1g
<1g
1%
Saturated Fat
<1g
<1g
1%
Carbohydrate
14g
35g
12%
Sugars
13.7g
34.3g
39%
Sodium
5mg
13mg
1%
Vitamin C
10mg
25mg
0%
Dietary Fibre (total)
<1g
<1g
8%
* Percentage Daily Intakes are based on an average adult diet of 8700 kJ. Your daily intakes may be higher or lower depending on your energy needs.",,https://www.coles.com.au/product/fruit-co-juice-plus-+-grape-2l-3752319,,,2024-06-16T13:03:42.069998-04:00
Ind54SColes_ADrinks_SAJuice_IColes Tropical Smoothie | 1L,Coles Tropical Smoothie | 1L,Coles,Drinks,Juice,Chilled juice,,$5.10,,,$5.10 per 1L,3048900,"Coles Tropical Smoothie, 1L. A blend banana, pineapple, mango, passionfruit, orange and pear all make up this fruit filled drink. Not made from concentrate, no added sugar and 1 portion of fruit in each serving makes this a great beverage for any time of day.",,,"Per 100g/ml
Per Serving
%DI
Energy
216.10
540.25
Protein
0.40
1.00
Carbohydrate
11.00
27.50
Sugars
11.00
27.50
Sodium
1.40
3.50
Saturated
0.00
0.00
Vitamin C
64.45
161.13
Energy (Cal)
51.70
129.25
Fat
0.30
0.75
Dietary Fibre (total)
1.40
3.50
* Percentage Daily Intakes are based on an average adult diet of 8700 kJ. Your daily intakes may be higher or lower depending on your energy needs.",,https://www.coles.com.au/product/coles-tropical-smoothie-1l-3048900,,,2024-06-16T13:03:53.264895-04:00
Ind54SColes_ADrinks_SAJuice_ISunraysia Pouch 99.9% Tropical Juice | 200mL,Sunraysia Pouch 99.9% Tropical Juice | 200mL,Sunraysia,Drinks,Juice,Plastic juice bottles,,$1.50,Pick any 5 for $5.30,,$7.50 per 1L,4159112,"Sunraysia pouches are a wholesome great tasting range of juices with added sugar, no artificial colours, flavours or preservatives. Available in a convenient, durable 200ml single serve pouch that won't split or break. Also great frozen or as a slushie - the perfect addition to any lunchbox.
- 100% Natural.
- Non genetically modified.
- Nothing Artificial.
- No added sugars or preservatives.
- Good Source of Vitamin C.
- 99.9 % Juice.
- BPA Free.
100% Natural

1 Serve of Fruit*

Good Source of Vitamin C

99.9 % Juice, no added sugar

Non genetically modified

Vegetarian & Vegan Friendly.

No artificial colours, flavours or preservatives.

Great Frozen.",,,"Per 100g/ml
Per Serving
%DI
Energy
201kJ
402kJ
Protein
0.1g
0.2g
Total Fat
0.0g
0.0g
Saturated Fat
0.0g
0.0g
Carbohydrate
11.7g
23.4g
Sugars
11.3g
22.6g
Sodium
9mg
18mg
Vitamin C
15mg
30mg
75% RDI#
Energy (Cal)
47Cal
94Cal
Trans
0.0g
0.0g
* Percentage Daily Intakes are based on an average adult diet of 8700 kJ. Your daily intakes may be higher or lower depending on your energy needs.",,https://www.coles.com.au/product/sunraysia-pouch-99.9percent-tropical-juice-200ml-4159112,,,2024-06-16T13:04:05.268988-04:00
Ind54SColes_ADrinks_SA_IDaily Juice No added Sugar Breakfast Juice | 500mL,Daily Juice No added Sugar Breakfast Juice | 500mL,Daily Juice,Drinks,,,,$3.00,,,$6.00 per 1L,8757058,"With great flavour, no added sugar and packed in a convenient 500ml bottle, Daily Juice Breakfast Juice is the ideal 'on-the-go' pick me up to support your busy lifestyle!

Recharge with Vitamin C, which supports energy and reduces feelings of tiredness and fatigue when consumed as part of a balanced diet. 

Proudly Australian owned, made and loved. 

Contains fresh, reconstituted and from time to time, cold-stored juice. 
No Added Sugar

5 Star Health rating

1 serve of fruit per 125mL of fruit juice. As part of a balanced intake, fruit juice can be a serve of fruit (Australian Dietary Guidelines)

Perfect for breakfast or as a refreshment/snack",,,"Per 100g/ml
Per Serving
%DI
Energy
176kJ
880kJ
10%
Protein
0.4g
2.0g
4%
Total Fat
<1.0g
<1.0g
<1%
Saturated Fat
0.0g
0.0g
0%
Carbohydrate
9.6g
48.0g
15%
Sugars
9.0g
45.0g
50%
Vitamin A
80ug
400ug
53% RDI*
Sodium
2.0mg
10.0mg
<1%
Vitamin C
34mg
170mg
425% RDI*
Energy (Cal)
42Cal
210Cal
Dietary Fibre (total)
0.2g
1.0g
3%
Potassium
140mg
700mg
* Percentage Daily Intakes are based on an average adult diet of 8700 kJ. Your daily intakes may be higher or lower depending on your energy needs.","Orange Juice & Reconstituted Orange Juice (52.8%), Reconstituted Fruit Juices [Apple (38.6%), Pineapple (4.5%), Mango (3%) & Passionfruit (1%)], Vitamin A, Preservative (202), Vitamin C, Flavours, Acidity Regulator (330).",https://www.coles.com.au/product/daily-juice-no-added-sugar-breakfast-juice-500ml-8757058,,,2024-06-16T13:04:16.210544-04:00
Ind54SColes_ADrinks_SA_IDevondale Sparkling Juice Apple | 750mL,Devondale Sparkling Juice Apple | 750mL,Devondale,Drinks,,,,$3.20,,$3.65,$4.27 per 1L,4412622,"Australian owned and made
100% natural
No added sugar, colours or preservatives.
100% Sparkling Juice

100% Natural

No added sugar.

No added colours or preservatives.

Kosher",,,"Per 100g/ml
Per Serving
%DI
Energy
206kJ
515kJ
Protein
0g
0g
Total Fat
0g
0g
Saturated Fat
0g
0g
Carbohydrate
12.1g
30.3g
Sugars
9.7g
24.3g
Sodium
5mg
13mg
Energy (Cal)
49Cal
123Cal
* Percentage Daily Intakes are based on an average adult diet of 8700 kJ. Your daily intakes may be higher or lower depending on your energy needs.",,https://www.coles.com.au/product/devondale-sparkling-juice-apple-750ml-4412622,,,2024-06-16T13:04:27.119004-04:00
Ind54SColes_ADrinks_SAJuice_IOrchy Orange & Passionfruit Juice Chilled | 375mL,Orchy Orange & Passionfruit Juice Chilled | 375mL,Orchy,Drinks,Juice,Chilled juice,,$2.30,,,$6.13 per 1L,7452656,Orchy Orange Passionfruit Pop Top Juice 375mL. Excellent for lunch boxes. Healthy Kids Registered Product. Australian owned.,,,"Per 100g/ml
Per Serving
%DI
Energy
170kJ
638kJ
Protein
0.7g
2.6g
Total Fat
0.2
0.8g
Saturated Fat
<1g
<1g
Carbohydrate
6.6g
33g
Sugars
6.6g
24.8g
Sodium
28mg
105mg
Saturated
0g
0g
Vitamin C
40mg
150mg
375%
Dietary Fibre (total)
0.3g
1.1g
Dietary Fibre
0.3g
1.1g
* Percentage Daily Intakes are based on an average adult diet of 8700 kJ. Your daily intakes may be higher or lower depending on your energy needs.",,https://www.coles.com.au/product/orchy-orange-and-passionfruit-juice-chilled-375ml-7452656,,,2024-06-16T13:04:37.925733-04:00
Ind54SColes_ADrinks_SAJuice_IGolden Circle 100 Percent Apple Blackcurrant Juice | 2L,Golden Circle 100 Percent Apple Blackcurrant Juice | 2L,Golden Circle,Drinks,Juice,Plastic juice bottles,,$3.50,,$4.80,$1.75 per 1L,2044539,"With two favourite juice flavours in one, Golden Circle Apple Blackcurrant Juice is a must have in any fridge. This classic juice is a family favourite and made with no added sugar. Whether you're spending the day at a backyard barbecue, lying by the pool or reading a book in the sun, you're sure to want an ice cold drink to cool you down. Enjoy a glass of Golden Circle Apple Blackcurrant Juice poured over ice, or mix with sparkling water for something a little more exciting. Golden Circle Apple Blackcurrant Juice contains no artificial colours or flavours and is made with no preservatives either. Golden Circle, Share the Sunshine.
No added sugar

No artificial colours or flavours

No preservatives

Tastes great chilled

Mix with sparkling water for a special treat",,,"Per 100g/ml
Per Serving
%DI
Energy
210 kJ
420 kJ
Protein
0.1 g
0.2 g
Total Fat
0 g
0 g
Saturated Fat
0 g
0 g
Carbohydrate
11.6 g
23.2 g
Sugars
11.4 g
22.8 g
Sodium
8 mg
16 mg
Vitamin C
40 mg
80 mg (200% RDI*)
Dietary Fibre (total)
0.2 g
0.4 g
* Percentage Daily Intakes are based on an average adult diet of 8700 kJ. Your daily intakes may be higher or lower depending on your energy needs.",,https://www.coles.com.au/product/golden-circle-100-percent-apple-blackcurrant-juice-2l-2044539,,,2024-06-16T13:04:49.123500-04:00
Ind54SColes_ADrinks_SAJuice_INudie Nothing But 100% Fresh Orange Juice | 1L,Nudie Nothing But 100% Fresh Orange Juice | 1L,Nudie,Drinks,Juice,Chilled juice,,$6.00,,,$6.00 per 1L,8738530,"It's not easy to concentrate, which is why we avoid it at all costs. But some juicers looove to concentrate so much, they use it in their juice! Concentrate is a kind of cryogenically frozen juice that's brought back to life years later by adding water, flavour, sugar and other stuff. Eww! That's why we made nothing but; good, simple, fruit juice - no preservatives, no additives, just Aussie fruit. And because we love to support local farmers and growers - we will always only use Australian oranges, right from our own backyard. What good could we do beyond the juice fridge? creatorsofgood@nudie.com.au
Made with 100% real fruit

No added sugar

No preservatives

No artificial flavours

100% Australian Oranges

100% Australian Fruit.",,,"Per 100g/ml
Per Serving
%DI
Energy
180kJ
450kJ
Protein
Less than 1g
2g
Total Fat
Less than 1g
Less than 1g
Saturated Fat
Less than 1g
Less than 1g
Carbohydrate
10g
25g
Sugars
7.6g
19g
Sodium
Less than 5mg
Less than 5mg
Vitamin C
18mg
Dietary Fibre (total)
Less than 1g
Less than 1g
* Percentage Daily Intakes are based on an average adult diet of 8700 kJ. Your daily intakes may be higher or lower depending on your energy needs.",,https://www.coles.com.au/product/nudie-nothing-but-100percent-fresh-orange-juice-1l-8738530,,,2024-06-16T13:05:00.890431-04:00
Ind54SColes_ADrinks_SA_IArepa Nootropic Brain Drink Lite & Sparkling | 300mL,Arepa Nootropic Brain Drink Lite & Sparkling | 300mL,Arepa,Drinks,,,,$7.00,,,$23.33 per 1L,3986499,"Arepa Nootropic Brain Drink Lite & Sparkling 300mL. Designed to keep you calm and thinking clear, from procrastination, brain fog, stress and mental blocks. Formulated by our world-renowned Neuroscientist. ?repay is based on decades of clinical research along with our own independent studies on our finished formula. 100% Natural, Caffeine-free, Effects you can feel.",,,"Per 100g/ml
Per Serving
%DI
Energy
33kJ
99kJ
Protein
7.9g
23.7g
Total Fat
0.1g
0.3g
Saturated Fat
0g
0g
Carbohydrate
2.3g
6.9g
Sugars
0.6g
1.8g
Sodium
0.5mg
1.5mg
* Percentage Daily Intakes are based on an average adult diet of 8700 kJ. Your daily intakes may be higher or lower depending on your energy needs.",,https://www.coles.com.au/product/arepa-nootropic-brain-drink-lite-and-sparkling-300ml-3986499,,,2024-06-16T13:05:11.890531-04:00
Ind54SColes_ADrinks_SAColes Finest_IColes Finest Orange Juice | 2L,Coles Finest Orange Juice | 2L,Coles,Drinks,Coles Finest,Fruit & Fruit Juice,,$5.20,,,$2.60 per 1L,2690908,"Coles chilled pure Australian orange juice, 2L. Made with 100% Australian oranges and no added sugar. The perfect beverage to start your morning.",,,"Per 100g/ml
Per Serving
%DI
Energy
172.72
431.80
Protein
0.83
2.08
Carbohydrate
9.00
22.50
Sugars
8.20
20.50
Sodium
0.10
0.25
Saturated
0.09
0.23
Vitamin C
20.00
50.00
Energy (Cal)
41.32
103.30
Fat
0.13
0.33
Dietary Fibre (total)
0.10
0.25
* Percentage Daily Intakes are based on an average adult diet of 8700 kJ. Your daily intakes may be higher or lower depending on your energy needs.",,https://www.coles.com.au/product/coles-finest-orange-juice-2l-2690908,,,2024-06-16T13:05:22.808803-04:00
Ind54SColes_ADrinks_SAJuice_ISunraysia Pouch 99.9% Apple Juice | 200mL,Sunraysia Pouch 99.9% Apple Juice | 200mL,Sunraysia,Drinks,Juice,Plastic juice bottles,,$1.50,Pick any 5 for $5.30,,$7.50 per 1L,4158743,"Sunraysia pouches are a wholesome great tasting range of juices with added sugar, no artificial colours, flavours or preservatives. Available in a convenient, durable 200ml single serve pouch that won't split or break. Also great frozen or as a slushie - the perfect addition to any lunchbox.
- 100% Natural.
- Non genetically modified.
- Nothing Artificial.
- No added sugars or preservatives.
- Good Source of Vitamin C.
- 99.9 % Juice.
- BPA Free.
100% Natural

1 Serve of Fruit*

Good Source of Vitamin C

99.9 % Juice, no added sugar

Non genetically modified

Vegetarian & Vegan Friendly.

No artificial colours, flavours or preservatives.

Great Frozen.",,,"Per 100g/ml
Per Serving
%DI
Energy
188kJ
376kJ
Protein
0.2g
0.4g
Total Fat
0.0g
0.0g
Saturated Fat
0.0g
0.0g
Carbohydrate
10.6g
21.2g
Sugars
10.2g
20.4g
Sodium
8mg
16mg
Vitamin C
10mg
20mg
50% RDI#
Energy (Cal)
44Cal
88Cal
Trans
0.0g
0.0g
* Percentage Daily Intakes are based on an average adult diet of 8700 kJ. Your daily intakes may be higher or lower depending on your energy needs.",,https://www.coles.com.au/product/sunraysia-pouch-99.9percent-apple-juice-200ml-4158743,,,2024-06-16T13:05:33.815939-04:00
Ind54SColes_ADrinks_SAJuice_IGolden Circle Summer Berries Fruit Drink LunchBox Multipack Poppers 6x250mL | 6 pack,Golden Circle Summer Berries Fruit Drink LunchBox Multipack Poppers 6x250mL | 6 pack,Golden Circle,Drinks,Juice,Multi pack juice,,$5.10,Pick any 2 for $8,,$3.40 per 1L,2044561,"Golden Circle Summer Berries Fruit Drink. A fruit drink designed to be enjoyed in the sunshine, it contains no artificial colours, flavours or preservatives. Golden Circle Summer Berries Fruit Drink is best served chilled, or frozen into iceblocks. Packaged into convenient single serve cartons, which are perfect for when on the go, whether you're heading to work, school, spending the day at the beach or heading to a picnic at the park. Golden Circle, Share the Sunshine.
No artificial colours

No artificial flavours

No preservatives

Good source of vitamin C

Perfect size for bringing to picnics and beach trips",,,"Per 100g/ml
Per Serving
%DI
Energy
175 kJ
440 kJ
Protein
0 g
0 g
Total Fat
0 g
0 g
Saturated Fat
0 g
0 g
Carbohydrate
9.8 g
24.5 g
Sugars
9.8 g
24.5 g
Sodium
8 mg
20 mg
Vitamin C
16 mg
40 mg (100% RDI*)
16 mg
* Percentage Daily Intakes are based on an average adult diet of 8700 kJ. Your daily intakes may be higher or lower depending on your energy needs.",,https://www.coles.com.au/product/golden-circle-summer-berries-fruit-drink-lunchbox-multipack-poppers-6x250ml-6-pack-2044561,,,2024-06-16T13:05:46.112113-04:00
Ind54SColes_ADrinks_SA_IOriginal Juice Co Veggie Goodness Juice Beetroot | 1L,Original Juice Co Veggie Goodness Juice Beetroot | 1L,Original Juice Co,Drinks,,,,$6.00,,,$6.00 per 1L,6278520,"Loaded with highly nutritious purple carrot and beetroot, the sweetness of cloudy pear and the full bodied flavour of pumpkin juice, this smooth, deep blend delivers 2.3 delicious serves of veg per 250ml.",,,"Per 100g/ml
Per Serving
%DI
Energy
191kJ
478kJ
Protein
1g
2.5g
Total Fat
0.3g
0.8g
Saturated Fat
0.1g
0.2g
Carbohydrate
9.2g
23.1g
Sugars
7.2g
17.9g
Sodium
26mg
64mg
* Percentage Daily Intakes are based on an average adult diet of 8700 kJ. Your daily intakes may be higher or lower depending on your energy needs.",,https://www.coles.com.au/product/original-juice-co-veggie-goodness-juice-beetroot-1l-6278520,,,2024-06-16T13:05:57.850415-04:00
Ind54SColes_ADrinks_SAJuice_IPrima Tropical Fruit Drink Multipack 200mL | 6 pack,Prima Tropical Fruit Drink Multipack 200mL | 6 pack,Prima,Drinks,Juice,Multi pack juice,,$4.10,,,"$3.42 per 1L
Was $4.60 on Apr 2024",3530292,"Enjoy Prima Tropical 200mL on the go or at home. As an accompaniment to lunch or an afternoon pick me up! With no preservatives or artificial colours or flavours. Available in a 6 pack of 200mL juice boxes.
20% fruit juice

No added sugar

No preservatives

No artificial colour

No artificial flavours

Convenient pack size.

6 x 200mL Packs.",,,"Per 100g/ml
Per Serving
%DI
Energy
83kJ
166kJ
Protein
0.1g
0.2g
Total Fat
0.0g
0.0g
Saturated Fat
0.0g
0.0g
Carbohydrate
4.7g
9.4g
Sugars
1.7g
3.4g
Sodium
2mg
4mg
Dietary Fibre (total)
0.0g
0.0g
* Percentage Daily Intakes are based on an average adult diet of 8700 kJ. Your daily intakes may be higher or lower depending on your energy needs.",,https://www.coles.com.au/product/prima-tropical-fruit-drink-multipack-200ml-6-pack-3530292,,,2024-06-16T13:06:08.661858-04:00
Ind54SColes_ADrinks_SAJuice_IJust Juice Apple Blackcurrant Juice Multipack 200mL | 6 pack,Just Juice Apple Blackcurrant Juice Multipack 200mL | 6 pack,Just Juice,Drinks,Juice,Multi pack juice,,$5.50,,$6.30,$4.58 per 1L,5001248,"No added sugar
- High in Vitamin C
- No Preservatives
- No Artificial Colours or Flavours
- 1 Serve of Fruit per 125mL (as part of a balanced intake, fruit juice can be a serve of fruit (Australian Dietary Guidelines)).
No Added Sugar

High in Vitamin C

No Preservatives

No Artificial Colours

No Artificial Flavours

Convenient 1L pack.",,,"Per 100g/ml
Per Serving
%DI
Energy
185kJ
370kJ
4%
Protein
<1.0g
<1.0g
<1%
Total Fat
<1.0g
<1.0g
<1%
Saturated Fat
0.0g
0.0g
0%
Carbohydrate
10.5g
21.0g
7%
Sugars
10.1g
10.2g
22%
Sodium
8mg
16mg
1%
Vitamin C
10mg
20.0mg
50% RDI#
Dietary Fibre (total)
0.1
0.2g
1%
* Percentage Daily Intakes are based on an average adult diet of 8700 kJ. Your daily intakes may be higher or lower depending on your energy needs.",,https://www.coles.com.au/product/just-juice-apple-blackcurrant-juice-multipack-200ml-6-pack-5001248,,,2024-06-16T13:06:19.611519-04:00
Ind54SColes_ADrinks_SA_IExpo Whiteboard Markers Fine Tip | 8 pack,Expo Whiteboard Markers Fine Tip | 8 pack,Expo,Drinks,,,,$10.80,,$18.00,$1.35 per 1ea,3887329,"Fine tip assorted whiteboard markers are suitable for everyday office, home and school use. 8 pack.",,,,,https://www.coles.com.au/product/expo-whiteboard-markers-fine-tip-8-pack-3887329,,,2024-06-16T13:06:28.493457-04:00
Ind54SColes_ADrinks_SAJuice_ISunraysia Prune Juice Bottle | 250mL,Sunraysia Prune Juice Bottle | 250mL,Sunraysia,Drinks,Juice,Glass juice bottles,,$2.70,,$3.20,$10.80 per 1L,5051042,"All Natural.

Nothing artificial. 

Put the Spring Back in Your Step!

Prunes are a well-known remedy for keeping your digestive system running at its best; potassium, which contributes to normal nervous system function and iron which contributes to normal cognitive function. Like good wine, our prune juices vary from season to season - as it's all natural!
100% Juice

All Natural

Source of Iron

Source of Fibre, Gut Health Boost

Naturally contains potassium

No added sugar.

No Artificial Colours.

No artificial Flavours.",,,"Per 100g/ml
Per Serving
%DI
Energy
272kJ
680kJ
Protein
0.0g
0.0g
Total Fat
0.0g
0.0g
Saturated Fat
0.0g
0.0g
Carbohydrate
15.3g
38.3g
Sugars
8.0g
20.0g
Sodium
13mg
33mg
Energy (Cal)
65Cal
162Cal
Dietary Fibre (total)
1.0g
2.5g
Iron
1.2mg
3.0mg
Potassium
270mg
675mg
Trans
0.0g
0.0g
* Percentage Daily Intakes are based on an average adult diet of 8700 kJ. Your daily intakes may be higher or lower depending on your energy needs.",,https://www.coles.com.au/product/sunraysia-prune-juice-bottle-250ml-5051042,,,2024-06-16T13:06:39.318027-04:00
Ind54SColes_ADrinks_SAJuice_IMildura Juice Apple Guava | 3L,Mildura Juice Apple Guava | 3L,Mildura,Drinks,Juice,Chilled juice,,$5.80,,,$1.93 per 1L,7680560,,,,,,https://www.coles.com.au/product/mildura-juice-apple-guava-3l-7680560,,,2024-06-16T13:06:48.051594-04:00
Ind54SColes_ADrinks_SAJuice_IFruit Co Juice Plus + 10 Fruits | 2L,Fruit Co Juice Plus + 10 Fruits | 2L,Fruit Co,Drinks,Juice,Plastic juice bottles,,$3.50,,,$1.75 per 1L,3752283,"Made from 99% Juice and enriched with the goodness of Vitamin C and Fibre, FruitCo Juice is the perfect juice for any occasion. FruitCo Juice comes in a convenient and ergonomic 2L PET grip bottle.",,,"Per 100g/ml
Per Serving
%DI
Energy
187kJ
468kJ
6%
Protein
<1g
<1g
1%
Total Fat
<1g
<1g
1%
Saturated Fat
<1g
<1g
1%
Carbohydrate
11g
27.5g
9%
Sugars
10.7g
26.8g
30%
Sodium
5mg
13mg
1%
Vitamin C
10mg
25mg
0%
Dietary Fibre (total)
<1g
<1g
8%
* Percentage Daily Intakes are based on an average adult diet of 8700 kJ. Your daily intakes may be higher or lower depending on your energy needs.",,https://www.coles.com.au/product/fruit-co-juice-plus-+-10-fruits-2l-3752283,,,2024-06-16T13:06:59.100442-04:00
Ind54SColes_ADrinks_SAJuice_IYoufoodz Youjuice Pink Oasis | 1L,Youfoodz Youjuice Pink Oasis | 1L,Youfoodz,Drinks,Juice,Chilled juice,,$5.20,,$5.80,$5.20 per 1L,7019357,"Escape to pink paradise with a refreshingly sweet blend of guava + apple + strawberry. Plus, added Vitamin C to boost your wellbeing*. Now available in 1 litre to be shared around, and enjoyed sip after sip!Squeezed full of real Aussie fruit & veg. No added sugar, artificial colours, flavours, or preservatives.*Vitamin C contributes to normal immune system function in the context of a healthy diet involving the consumption of a variety of foods.",,,"Per 100g/ml
Per Serving
%DI
Energy
199kJ
496kJ
Protein
Less than 1g
Less than 1g
Total Fat
Less than 1g
Less than 1g
Saturated Fat
Less than 1g
Less than 1g
Carbohydrate
11.2g
28.0g
Sugars
11.2g
28.0g
Sodium
Less than 5mg
Less than 5mg
Vitamin C
15.0mg
37.4mg
Energy (Cal)
47Cal
119Cal
* Percentage Daily Intakes are based on an average adult diet of 8700 kJ. Your daily intakes may be higher or lower depending on your energy needs.",,https://www.coles.com.au/product/youfoodz-youjuice-pink-oasis-1l-7019357,,,2024-06-16T13:07:10.233281-04:00
Ind54SColes_ADrinks_SAJuice_INudie Nothing But Apple Juice | 3L,Nudie Nothing But Apple Juice | 3L,Nudie,Drinks,Juice,Chilled juice,,$10.00,,,$3.33 per 1L,3184704,"Our mission: To create good. Simple enough, but where do you start? We got going on our local juice aisle. It was 2003 and we couldn't find ANY juices free from concentrates, preservatives, colours or artificial flavours. So we decided to create good ourselves, blending fruit (and only fruit) and bottling it up for lovers of legitimate fruity goodness. Since then, we've created good with Aussie farmers, local communities, charities and sports teams. When the opportunity to create good arises, so do we! Mission Accomplish-ing. Got some good you want to see created? Tell us! creatorsofgood@nudie.com.au
100% Australian fruit
No added sugar
No preservatives
No artificial flavours
No concentrates",,,"Per 100g/ml
Per Serving
%DI
Energy
211kJ
528kJ
Protein
Less than 1g
Less than 1g
Total Fat
Less than 1g
Less than 1g
Saturated Fat
Less than 1g
Less than 1g
Carbohydrate
12.3g
30.7g
Sugars
10.8g
27g
Sodium
Less than 5mg
Less than 5mg
Dietary Fibre (total)
Less than 1g
Less than 1g
* Percentage Daily Intakes are based on an average adult diet of 8700 kJ. Your daily intakes may be higher or lower depending on your energy needs.",,https://www.coles.com.au/product/nudie-nothing-but-apple-juice-3l-3184704,,,2024-06-16T13:07:21.283201-04:00
Ind54SColes_ADrinks_SAJuice_ISunraysia Pouch 99.9% Apple & Blackcurrent Juice | 200mL,Sunraysia Pouch 99.9% Apple & Blackcurrent Juice | 200mL,Sunraysia,Drinks,Juice,Plastic juice bottles,,$1.50,Pick any 5 for $5.30,,$7.50 per 1L,4158958,"Sunraysia pouches are a wholesome great tasting range of juices with added sugar, no artificial colours, flavours or preservatives. Available in a convenient, durable 200ml single serve pouch that won't split or break. Also great frozen or as a slushie - the perfect addition to any lunchbox.
- 100% Natural.
- Non genetically modified.
- Nothing Artificial.
- No added sugars or preservatives.
- 99.9 % Juice.
- BPA Free.
100% Natural

1 Serve of Fruit*

99.9 % Juice, no added sugar

Non genetically modified

Vegetarian & Vegan Friendly

No artificial colours, flavours or preservatives.

Great Frozen.",,,"Per 100g/ml
Per Serving
%DI
Energy
203kJ
406kJ
Protein
0.0g
0.0g
Total Fat
0.0g
0.0g
Saturated Fat
0.0g
0.0g
Carbohydrate
11.9g
23.8g
Sugars
11.4g
22.8g
Sodium
7mg
14mg
Energy (Cal)
49Cal
98Cal
Trans
0.0g
0.0g
* Percentage Daily Intakes are based on an average adult diet of 8700 kJ. Your daily intakes may be higher or lower depending on your energy needs.",,https://www.coles.com.au/product/sunraysia-pouch-99.9percent-apple-and-blackcurrent-juice-200ml-4158958,,,2024-06-16T13:07:32.976883-04:00
Ind54SColes_ADrinks_SA_IBoost Energy Lift Juice Chilled | 1L,Boost Energy Lift Juice Chilled | 1L,Boost,Drinks,,,,$6.20,,,$6.20 per 1L,4866812,"Boost Energy Lift Juice is a blend of pear, orange, mango, pineapple, and apple, perfect as a refreshing drink to go with your meals or for during an afternoon break.
It has the tastiest infusions, deliciously thirst-quenching for everyone to enjoy.",,,"Per 100g/ml
Per Serving
%DI
Energy
197kJ
394kJ
Protein
0.4g
0.8g
Total Fat
<0.1g
<0.1g
Saturated Fat
<0.1g
<0.1g
Carbohydrate
10.8g
21.6g
Sugars
10g
20g
Vitamin A
100ug
200ug
25%
Sodium
<1mg
<1mg
Vitamin C
50mg
100mg
250%
Dietary Fibre (total)
0.7g
1.4g
* Percentage Daily Intakes are based on an average adult diet of 8700 kJ. Your daily intakes may be higher or lower depending on your energy needs.",,https://www.coles.com.au/product/boost-energy-lift-juice-chilled-1l-4866812,,,2024-06-16T13:07:43.816133-04:00
Ind54SColes_ADrinks_SA_ISunraysia Prune Juice Bottle | 1L,Sunraysia Prune Juice Bottle | 1L,Sunraysia,Drinks,,,,$5.50,,$6.50,$5.50 per 1L,1386118,"All Natural.

Nothing artificial. 

Put the Spring Back in Your Step!

Prunes are a well-known remedy for keeping your digestive system running at its best; potassium, which contributes to normal nervous system function and iron which contributes to normal cognitive function. Like good wine, our prune juices vary from season to season - as it's all natural!
100% Juice

All Natural

Source of Iron

Source of Fibre, Gut Health Boost

Naturally contains potassium

No added sugar.

No Artificial Colours.

No artificial Flavours.",,,"Per 100g/ml
Per Serving
%DI
Energy
272kJ
680kJ
Protein
0.0g
0.0g
Total Fat
0.0g
0.0g
Saturated Fat
0.0g
0.0g
Carbohydrate
15.3g
38.3g
Sugars
8.0g
20.0g
Sodium
13mg
33mg
Energy (Cal)
65Cal
162Cal
Dietary Fibre (total)
1.0g
2.5g
Iron
1.2mg
3.0mg
Potassium
270mg
675mg
Trans
0.0g
0.0g
* Percentage Daily Intakes are based on an average adult diet of 8700 kJ. Your daily intakes may be higher or lower depending on your energy needs.",,https://www.coles.com.au/product/sunraysia-prune-juice-bottle-1l-1386118,,,2024-06-16T13:07:54.786365-04:00
